{
    "summary": {
        "stock_name": "台光電",
        "stock_id": "2383",
        "category": "電子零組件",
        "main_business": "銅箔基板<br>黏合片<br>多層壓合板",
        "website_url": "http://www.emctw.com",
        "ceo": "關恩祥",
        "pe_ratio": 27,
        "report_year_from": 2001,
        "report_year_to": 2023,
        "age": 23,
        "eps_negative_percentage": 13,
        "eps_growth_avg": {
            "last_all": 15.72,
            "last_2y": 2.33,
            "last_4y": 20.71,
            "last_8y": 15.07,
            "last_12y": 14.24,
            "last_16y": 15.26,
            "last_20y": 15.72,
            "at_2006_last_3y": 19.63,
            "at_2007_last_3y": 8.51,
            "at_2008_last_3y": -9.86,
            "at_2009_last_3y": 30.32,
            "at_2010_last_3y": 18.57,
            "at_2011_last_3y": 13.57,
            "at_2012_last_3y": 36.82,
            "at_2013_last_3y": 5,
            "at_2014_last_3y": 12.39,
            "at_2015_last_3y": 34.21,
            "at_2016_last_3y": 31.04,
            "at_2017_last_3y": 37.96,
            "at_2018_last_3y": 8.02,
            "at_2019_last_3y": 15.88,
            "at_2020_last_3y": 14.92,
            "at_2021_last_3y": 26.29,
            "at_2022_last_3y": 33.7,
            "at_2023_last_3y": 4.63,
            "at_2024_last_3y": 4.63,
            "at_2006_last_all": 19.63,
            "at_2007_last_all": 8.51,
            "at_2008_last_all": -9.86,
            "at_2009_last_all": 12.11,
            "at_2010_last_all": 18.92,
            "at_2011_last_all": 11.4,
            "at_2012_last_all": 13.48,
            "at_2013_last_all": 8.95,
            "at_2014_last_all": 16.31,
            "at_2015_last_all": 19.69,
            "at_2016_last_all": 19.34,
            "at_2017_last_all": 17.87,
            "at_2018_last_all": 13.94,
            "at_2019_last_all": 18.68,
            "at_2020_last_all": 18.23,
            "at_2021_last_all": 19.85,
            "at_2022_last_all": 18.33,
            "at_2023_last_all": 15.72,
            "at_2024_last_all": 15.72
        },
        "latest_eps": 14.23,
        "latest_price": 382,
        "latest_roe": 21.22,
        "latest_gross_margin": 30.18,
        "latest_equity": 24864982,
        "latest_revenue": 11874501,
        "latest_gross_profit": 3584128,
        "latest_net_income": 2022431,
        "latest_debt_ratio": 52.1,
        "latest_current_ratio": 140.52,
        "latest_account_receivable_turnover_ratio": 0.87,
        "latest_inventory_turnover_ratio": 1.73,
        "latest_reinvestment_rate": 61.83,
        "latest_research_to_sale_ratio": 2.83
    },
    "eps_dividends": {
        "1996": {
            "cash": 0.22,
            "stock": 0.78,
            "eps": 0
        },
        "1999": {
            "cash": 1.2,
            "stock": 1.2,
            "eps": 0
        },
        "2000": {
            "cash": 1.5,
            "stock": 1.5,
            "eps": 0
        },
        "2001": {
            "cash": 1.5,
            "stock": 1.5,
            "eps": -0.47
        },
        "2002": {
            "cash": 0,
            "stock": 0,
            "eps": -0.7
        },
        "2003": {
            "cash": 0,
            "stock": 0,
            "eps": -1.03
        },
        "2004": {
            "cash": 0,
            "stock": 0,
            "eps": 1.35
        },
        "2005": {
            "cash": 0,
            "stock": 0.5,
            "eps": 0.53
        },
        "2006": {
            "cash": 0,
            "stock": 0.52,
            "eps": 1.82
        },
        "2007": {
            "cash": 0.39,
            "stock": 0.59,
            "eps": 1.57
        },
        "2008": {
            "cash": 0.2,
            "stock": 0.81,
            "eps": 0.55
        },
        "2009": {
            "cash": 0.19,
            "stock": 0.14,
            "eps": 2.85
        },
        "2010": {
            "cash": 0.7,
            "stock": 0.5,
            "eps": 4.36
        },
        "2011": {
            "cash": 3.5300000000000002,
            "stock": 0.25,
            "eps": 2.89
        },
        "2012": {
            "cash": 0,
            "stock": 0,
            "eps": 3.7
        },
        "2013": {
            "cash": 1.79,
            "stock": 0,
            "eps": 2.69
        },
        "2014": {
            "cash": 1.8,
            "stock": 0,
            "eps": 4.91
        },
        "2015": {
            "cash": 2.5,
            "stock": 0,
            "eps": 7.54
        },
        "2016": {
            "cash": 4.3,
            "stock": 0,
            "eps": 8.7
        },
        "2017": {
            "cash": 4.7,
            "stock": 0,
            "eps": 8.73
        },
        "2018": {
            "cash": 4.8,
            "stock": 0,
            "eps": 5.48
        },
        "2019": {
            "cash": 3.8,
            "stock": 0,
            "eps": 10.14
        },
        "2020": {
            "cash": 6,
            "stock": 0,
            "eps": 11.31
        },
        "2021": {
            "cash": 7,
            "stock": 0,
            "eps": 16.49
        },
        "2022": {
            "cash": 10,
            "stock": 0,
            "eps": 15.24
        },
        "2023": {
            "cash": 17,
            "stock": 0,
            "eps": 10.48
        }
    },
    "dividends": {
        "1996-05-17": {
            "cash": 0.22,
            "stock": 0.78
        },
        "1999-05-28": {
            "cash": 1.2,
            "stock": 1.2
        },
        "2000-05-16": {
            "cash": 1.5,
            "stock": 1.5
        },
        "2001-05-25": {
            "cash": 1.5,
            "stock": 1.5
        },
        "2005-04-07": {
            "cash": 0,
            "stock": 0.5
        },
        "2006-03-27": {
            "cash": 0,
            "stock": 0.52
        },
        "2007-06-13": {
            "cash": 0.39,
            "stock": 0.59
        },
        "2008-06-13": {
            "cash": 0.2,
            "stock": 0.81
        },
        "2009-03-27": {
            "cash": 0.19,
            "stock": 0.14
        },
        "2010-03-15": {
            "cash": 0.7,
            "stock": 0.5
        },
        "2011-01-01": {
            "cash": 1.8,
            "stock": 0
        },
        "2011-03-28": {
            "cash": 1.73,
            "stock": 0.25
        },
        "2013-03-25": {
            "cash": 1.79,
            "stock": 0
        },
        "2014-09-26": {
            "cash": 1.8,
            "stock": 0
        },
        "2015-09-25": {
            "cash": 2.5,
            "stock": 0
        },
        "2016-09-23": {
            "cash": 4.3,
            "stock": 0
        },
        "2017-09-15": {
            "cash": 4.7,
            "stock": 0
        },
        "2018-09-28": {
            "cash": 4.8,
            "stock": 0
        },
        "2019-09-27": {
            "cash": 3.8,
            "stock": 0
        },
        "2020-09-30": {
            "cash": 6,
            "stock": 0
        },
        "2021-09-24": {
            "cash": 7,
            "stock": 0
        },
        "2022-09-23": {
            "cash": 10,
            "stock": 0
        },
        "2023-02-23": {
            "cash": 8.5,
            "stock": 0
        },
        "2023-09-22": {
            "cash": 8.5,
            "stock": 0
        }
    },
    "prices": {
        "200101": "22.52",
        "200102": "30.54",
        "200103": "29.40",
        "200104": "27.51",
        "200105": "19.80",
        "200106": "20.20",
        "200107": "15.15",
        "200108": "12.75",
        "200109": "8.45",
        "200110": "7.32",
        "200111": "8.78",
        "200112": "13.04",
        "200201": "16.07",
        "200202": "15.90",
        "200203": "16.76",
        "200204": "18.75",
        "200205": "15.66",
        "200206": "14.12",
        "200207": "11.60",
        "200208": "10.39",
        "200209": "9.28",
        "200210": "7.99",
        "200211": "8.78",
        "200212": "8.24",
        "200301": "7.94",
        "200302": "7.36",
        "200303": "6.90",
        "200304": "6.99",
        "200305": "6.07",
        "200306": "8.45",
        "200307": "9.33",
        "200308": "7.88",
        "200309": "7.37",
        "200310": "7.60",
        "200311": "8.18",
        "200312": "8.58",
        "200401": "8.65",
        "200402": "10.14",
        "200403": "10.62",
        "200404": "12.15",
        "200405": "10.49",
        "200406": "9.06",
        "200407": "9.32",
        "200408": "9.50",
        "200409": "11.25",
        "200410": "10.74",
        "200411": "10.98",
        "200412": "10.68",
        "200501": "8.28",
        "200502": "8.25",
        "200503": "8.10",
        "200504": "7.36",
        "200505": "6.86",
        "200506": "8.81",
        "200507": "9.84",
        "200508": "9.47",
        "200509": "8.77",
        "200510": "8.63",
        "200511": "8.33",
        "200512": "10.07",
        "200601": "17.90",
        "200602": "15.80",
        "200603": "15.55",
        "200604": "17.72",
        "200605": "16.91",
        "200606": "13.06",
        "200607": "13.54",
        "200608": "13.56",
        "200609": "14.96",
        "200610": "16.81",
        "200611": "16.78",
        "200612": "17.66",
        "200701": "16.54",
        "200702": "15.79",
        "200703": "16.35",
        "200704": "17.57",
        "200705": "16.03",
        "200706": "17.00",
        "200707": "17.72",
        "200708": "17.82",
        "200709": "17.26",
        "200710": "16.39",
        "200711": "13.88",
        "200712": "11.77",
        "200801": "10.83",
        "200802": "10.72",
        "200803": "11.65",
        "200804": "12.88",
        "200805": "14.88",
        "200806": "14.22",
        "200807": "11.93",
        "200808": "11.11",
        "200809": "9.85",
        "200810": "8.40",
        "200811": "5.73",
        "200812": "4.93",
        "200901": "5.16",
        "200902": "6.00",
        "200903": "7.85",
        "200904": "12.61",
        "200905": "17.33",
        "200906": "14.46",
        "200907": "16.90",
        "200908": "19.76",
        "200909": "24.89",
        "200910": "24.65",
        "200911": "23.48",
        "200912": "23.65",
        "201001": "23.46",
        "201002": "22.87",
        "201003": "27.65",
        "201004": "31.62",
        "201005": "32.46",
        "201006": "27.88",
        "201007": "29.95",
        "201008": "31.36",
        "201009": "28.23",
        "201010": "27.36",
        "201011": "27.76",
        "201012": "30.83",
        "201101": "30.74",
        "201102": "32.23",
        "201103": "31.65",
        "201104": "31.87",
        "201105": "29.11",
        "201106": "28.04",
        "201107": "27.33",
        "201108": "22.64",
        "201109": "23.56",
        "201110": "23.42",
        "201111": "21.82",
        "201112": "18.71",
        "201201": "19.78",
        "201202": "24.90",
        "201203": "25.75",
        "201204": "25.61",
        "201205": "27.13",
        "201206": "27.25",
        "201207": "27.37",
        "201208": "27.09",
        "201209": "30.29",
        "201210": "29.46",
        "201211": "28.81",
        "201212": "28.98",
        "201301": "29.36",
        "201302": "30.22",
        "201303": "30.09",
        "201304": "29.92",
        "201305": "28.57",
        "201306": "27.32",
        "201307": "26.96",
        "201308": "26.74",
        "201309": "25.12",
        "201310": "24.41",
        "201311": "24.52",
        "201312": "24.90",
        "201401": "26.18",
        "201402": "27.12",
        "201403": "27.04",
        "201404": "27.82",
        "201405": "27.99",
        "201406": "29.65",
        "201407": "33.28",
        "201408": "35.05",
        "201409": "33.54",
        "201410": "34.38",
        "201411": "37.18",
        "201412": "40.01",
        "201501": "41.20",
        "201502": "43.49",
        "201503": "51.10",
        "201504": "52.06",
        "201505": "54.18",
        "201506": "52.14",
        "201507": "63.38",
        "201508": "70.21",
        "201509": "72.00",
        "201510": "69.60",
        "201511": "65.69",
        "201512": "58.18",
        "201601": "53.77",
        "201602": "57.99",
        "201603": "58.06",
        "201604": "58.78",
        "201605": "62.36",
        "201606": "69.08",
        "201607": "73.10",
        "201608": "81.55",
        "201609": "86.71",
        "201610": "84.27",
        "201611": "83.77",
        "201612": "85.46",
        "201701": "99.28",
        "201702": "114.28",
        "201703": "118.50",
        "201704": "117.83",
        "201705": "123.90",
        "201706": "131.72",
        "201707": "145.93",
        "201708": "150.63",
        "201709": "140.25",
        "201710": "131.76",
        "201711": "115.45",
        "201712": "98.13",
        "201801": "103.67",
        "201802": "104.02",
        "201803": "101.50",
        "201804": "84.27",
        "201805": "80.07",
        "201806": "83.80",
        "201807": "80.07",
        "201808": "93.34",
        "201809": "83.24",
        "201810": "72.41",
        "201811": "70.86",
        "201812": "73.29",
        "201901": "73.34",
        "201902": "89.35",
        "201903": "95.97",
        "201904": "103.12",
        "201905": "90.75",
        "201906": "90.82",
        "201907": "111.10",
        "201908": "130.02",
        "201909": "132.58",
        "201910": "127.14",
        "201911": "124.50",
        "201912": "125.91",
        "202001": "131.03",
        "202002": "123.63",
        "202003": "110.24",
        "202004": "120.15",
        "202005": "142.08",
        "202006": "154.02",
        "202007": "164.02",
        "202008": "171.67",
        "202009": "155.80",
        "202010": "152.11",
        "202011": "153.21",
        "202012": "155.93",
        "202101": "158.68",
        "202102": "162.65",
        "202103": "168.43",
        "202104": "173.18",
        "202105": "161.33",
        "202106": "196.24",
        "202107": "226.64",
        "202108": "222.89",
        "202109": "227.92",
        "202110": "215.25",
        "202111": "239.95",
        "202112": "277.11",
        "202201": "272.75",
        "202202": "277.10",
        "202203": "259.26",
        "202204": "240.26",
        "202205": "222.67",
        "202206": "211.55",
        "202207": "162.79",
        "202208": "167.35",
        "202209": "168.21",
        "202210": "144.12",
        "202211": "172.66",
        "202212": "183.27",
        "202301": "179.96",
        "202302": "188.14",
        "202303": "181.00",
        "202304": "174.62",
        "202305": "180.30",
        "202306": "231.62",
        "202307": "317.98",
        "202308": "422.48",
        "202309": "424.35",
        "202310": "413.78",
        "202311": "405.73",
        "202312": "379.48"
    },
    "quarters": {
        "20011": {
            "year_quarter": 20011,
            "year": 2001,
            "quarter": 1,
            "eps": 0.28,
            "eps_growth_year": -3.45,
            "eps_4q": 1.47,
            "eps_4q_growth_year": 55.42,
            "roe": 1.9,
            "roe_4q": 1.9,
            "gross_profit": 66516,
            "gross_margin": 14.54,
            "gross_margin_4q_avg": 14.54,
            "net_income": 40006,
            "net_income_4q": null,
            "revenue": 457610,
            "revenue_4q": null,
            "common_shares": 1447704,
            "book_valuer_per_share": 14.12,
            "book_valuer_per_share_4q_avg": 14.12,
            "equity": 2044068,
            "current_ratio": 174.29,
            "debt_ratio": 30.88,
            "inventory_turnover_ratio": 0.6,
            "account_receivable_turnover_ratio": null,
            "reinvestment_rate": null,
            "research_to_sale_ratio": null,
            "price_fair": 0,
            "eps_avg_yearly": 0,
            "eps_latest_yearly": 0,
            "eps_growth_yearly": 0
        },
        "20012": {
            "year_quarter": 20012,
            "year": 2001,
            "quarter": 2,
            "eps": -0.4,
            "eps_growth_year": -217.65,
            "eps_4q": 0.71,
            "eps_4q_growth_year": -15.36,
            "roe": -2.87,
            "roe_4q": -0.9700000000000002,
            "gross_profit": 29543,
            "gross_margin": 9.73,
            "gross_margin_4q_avg": 12.14,
            "net_income": -58000,
            "net_income_4q": null,
            "revenue": 303661,
            "revenue_4q": null,
            "common_shares": 1447704,
            "book_valuer_per_share": 13.83,
            "book_valuer_per_share_4q_avg": 13.98,
            "equity": 2002512,
            "current_ratio": 212.19,
            "debt_ratio": 24.49,
            "inventory_turnover_ratio": 0.53,
            "account_receivable_turnover_ratio": null,
            "reinvestment_rate": null,
            "research_to_sale_ratio": null,
            "price_fair": 0,
            "eps_avg_yearly": 0,
            "eps_latest_yearly": 0,
            "eps_growth_yearly": 0
        },
        "20013": {
            "year_quarter": 20013,
            "year": 2001,
            "quarter": 3,
            "eps": -0.09,
            "eps_growth_year": -113.43,
            "eps_4q": -0.06,
            "eps_4q_growth_year": -104.1,
            "roe": -0.76,
            "roe_4q": -1.73,
            "gross_profit": 44985,
            "gross_margin": 11.14,
            "gross_margin_4q_avg": 11.8,
            "net_income": -15221,
            "net_income_4q": null,
            "revenue": 403673,
            "revenue_4q": null,
            "common_shares": 1670382,
            "book_valuer_per_share": 11.9,
            "book_valuer_per_share_4q_avg": 13.28,
            "equity": 1987465,
            "current_ratio": 218.8,
            "debt_ratio": 23.14,
            "inventory_turnover_ratio": 0.84,
            "account_receivable_turnover_ratio": null,
            "reinvestment_rate": null,
            "research_to_sale_ratio": null,
            "price_fair": 0,
            "eps_avg_yearly": 0,
            "eps_latest_yearly": 0,
            "eps_growth_yearly": 0
        },
        "20014": {
            "year_quarter": 20014,
            "year": 2001,
            "quarter": 4,
            "eps": -0.26,
            "eps_growth_year": -262.5,
            "eps_4q": -0.29,
            "eps_4q_growth_year": -121.1,
            "roe": -2.06,
            "roe_4q": -3.7900000000000005,
            "gross_profit": 53429,
            "gross_margin": 15.05,
            "gross_margin_4q_avg": 12.62,
            "net_income": -42883,
            "net_income_4q": null,
            "revenue": 354973,
            "revenue_4q": null,
            "common_shares": 1670382,
            "book_valuer_per_share": 11.66,
            "book_valuer_per_share_4q_avg": 12.88,
            "equity": 2186108,
            "current_ratio": 125.49,
            "debt_ratio": 37.66,
            "inventory_turnover_ratio": 0.62,
            "account_receivable_turnover_ratio": null,
            "reinvestment_rate": null,
            "research_to_sale_ratio": null,
            "price_fair": 0,
            "eps_avg_yearly": 0,
            "eps_latest_yearly": 0,
            "eps_growth_yearly": 0
        },
        "20021": {
            "year_quarter": 20021,
            "year": 2002,
            "quarter": 1,
            "eps": 0.02,
            "eps_growth_year": -92.86,
            "eps_4q": -0.79,
            "eps_4q_growth_year": -154.17,
            "roe": 0.14,
            "roe_4q": -5.55,
            "gross_profit": 40564,
            "gross_margin": 12.51,
            "gross_margin_4q_avg": 12.11,
            "net_income": 2853,
            "net_income_4q": null,
            "revenue": 324162,
            "revenue_4q": null,
            "common_shares": 1670382,
            "book_valuer_per_share": 11.68,
            "book_valuer_per_share_4q_avg": 12.27,
            "equity": 1950677,
            "current_ratio": 241.44,
            "debt_ratio": 21.91,
            "inventory_turnover_ratio": 0.63,
            "account_receivable_turnover_ratio": null,
            "reinvestment_rate": null,
            "research_to_sale_ratio": null,
            "price_fair": 0,
            "eps_avg_yearly": 0,
            "eps_latest_yearly": 0,
            "eps_growth_yearly": 0
        },
        "20022": {
            "year_quarter": 20022,
            "year": 2002,
            "quarter": 2,
            "eps": -0.09,
            "eps_growth_year": null,
            "eps_4q": -0.42,
            "eps_4q_growth_year": -159.77,
            "roe": -0.79,
            "roe_4q": -3.4699999999999998,
            "gross_profit": 54757,
            "gross_margin": 15.88,
            "gross_margin_4q_avg": 13.65,
            "net_income": -15239,
            "net_income_4q": null,
            "revenue": 344808,
            "revenue_4q": null,
            "common_shares": 1670382,
            "book_valuer_per_share": 11.47,
            "book_valuer_per_share_4q_avg": 11.68,
            "equity": 1916366,
            "current_ratio": 208.51,
            "debt_ratio": 26.2,
            "inventory_turnover_ratio": 0.82,
            "account_receivable_turnover_ratio": null,
            "reinvestment_rate": null,
            "research_to_sale_ratio": null,
            "price_fair": 0,
            "eps_avg_yearly": 0,
            "eps_latest_yearly": 0,
            "eps_growth_yearly": 0
        },
        "20023": {
            "year_quarter": 20023,
            "year": 2002,
            "quarter": 3,
            "eps": -0.12,
            "eps_growth_year": null,
            "eps_4q": -0.45,
            "eps_4q_growth_year": null,
            "roe": -1.04,
            "roe_4q": -3.75,
            "gross_profit": 21594,
            "gross_margin": 6.9,
            "gross_margin_4q_avg": 12.59,
            "net_income": -19916,
            "net_income_4q": null,
            "revenue": 312863,
            "revenue_4q": null,
            "common_shares": 1670382,
            "book_valuer_per_share": 11.47,
            "book_valuer_per_share_4q_avg": 11.57,
            "equity": 1915535,
            "current_ratio": 218.46,
            "debt_ratio": 23.01,
            "inventory_turnover_ratio": 0.78,
            "account_receivable_turnover_ratio": null,
            "reinvestment_rate": null,
            "research_to_sale_ratio": null,
            "price_fair": 0,
            "eps_avg_yearly": 0,
            "eps_latest_yearly": 0,
            "eps_growth_yearly": 0
        },
        "20024": {
            "year_quarter": 20024,
            "year": 2002,
            "quarter": 4,
            "eps": -0.51,
            "eps_growth_year": null,
            "eps_4q": -0.49,
            "eps_4q_growth_year": null,
            "roe": -4.33,
            "roe_4q": -6.0200000000000005,
            "gross_profit": 13712,
            "gross_margin": 4.12,
            "gross_margin_4q_avg": 9.85,
            "net_income": -85158,
            "net_income_4q": null,
            "revenue": 332683,
            "revenue_4q": null,
            "common_shares": 1670382,
            "book_valuer_per_share": 10.85,
            "book_valuer_per_share_4q_avg": 11.37,
            "equity": 2013823,
            "current_ratio": 113.91,
            "debt_ratio": 42.34,
            "inventory_turnover_ratio": 0.75,
            "account_receivable_turnover_ratio": null,
            "reinvestment_rate": 781.56,
            "research_to_sale_ratio": null,
            "price_fair": 0,
            "eps_avg_yearly": 0,
            "eps_latest_yearly": 0,
            "eps_growth_yearly": 0
        },
        "20031": {
            "year_quarter": 20031,
            "year": 2003,
            "quarter": 1,
            "eps": 0.07,
            "eps_growth_year": 250,
            "eps_4q": -0.64,
            "eps_4q_growth_year": null,
            "roe": 0.62,
            "roe_4q": -5.54,
            "gross_profit": 38741,
            "gross_margin": 12.2,
            "gross_margin_4q_avg": 9.78,
            "net_income": 11906,
            "net_income_4q": null,
            "revenue": 317664,
            "revenue_4q": null,
            "common_shares": 1670382,
            "book_valuer_per_share": 10.92,
            "book_valuer_per_share_4q_avg": 11.18,
            "equity": 1823678,
            "current_ratio": 227.87,
            "debt_ratio": 23.31,
            "inventory_turnover_ratio": 0.69,
            "account_receivable_turnover_ratio": null,
            "reinvestment_rate": -15.25,
            "research_to_sale_ratio": null,
            "price_fair": 0,
            "eps_avg_yearly": 0,
            "eps_latest_yearly": 0,
            "eps_growth_yearly": 0
        },
        "20032": {
            "year_quarter": 20032,
            "year": 2003,
            "quarter": 2,
            "eps": -0.28,
            "eps_growth_year": null,
            "eps_4q": -0.84,
            "eps_4q_growth_year": null,
            "roe": -2.64,
            "roe_4q": -7.39,
            "gross_profit": 31898,
            "gross_margin": 9.54,
            "gross_margin_4q_avg": 8.19,
            "net_income": -47456,
            "net_income_4q": null,
            "revenue": 334537,
            "revenue_4q": null,
            "common_shares": 1670382,
            "book_valuer_per_share": 10.63,
            "book_valuer_per_share_4q_avg": 10.97,
            "equity": 1774816,
            "current_ratio": 214.37,
            "debt_ratio": 28.7,
            "inventory_turnover_ratio": 0.98,
            "account_receivable_turnover_ratio": null,
            "reinvestment_rate": -412.28,
            "research_to_sale_ratio": null,
            "price_fair": 0,
            "eps_avg_yearly": 0,
            "eps_latest_yearly": 0,
            "eps_growth_yearly": 0
        },
        "20033": {
            "year_quarter": 20033,
            "year": 2003,
            "quarter": 3,
            "eps": -0.74,
            "eps_growth_year": null,
            "eps_4q": -1.46,
            "eps_4q_growth_year": null,
            "roe": -7.24,
            "roe_4q": -13.590000000000002,
            "gross_profit": 27935,
            "gross_margin": 7.79,
            "gross_margin_4q_avg": 8.41,
            "net_income": -123734,
            "net_income_4q": null,
            "revenue": 358452,
            "revenue_4q": null,
            "common_shares": 1670382,
            "book_valuer_per_share": 9.83,
            "book_valuer_per_share_4q_avg": 10.56,
            "equity": 1642256,
            "current_ratio": 203.44,
            "debt_ratio": 31.86,
            "inventory_turnover_ratio": 1.1,
            "account_receivable_turnover_ratio": null,
            "reinvestment_rate": null,
            "research_to_sale_ratio": null,
            "price_fair": 0,
            "eps_avg_yearly": 0,
            "eps_latest_yearly": 0,
            "eps_growth_yearly": 0
        },
        "20034": {
            "year_quarter": 20034,
            "year": 2003,
            "quarter": 4,
            "eps": -0.08,
            "eps_growth_year": null,
            "eps_4q": -1.15,
            "eps_4q_growth_year": null,
            "roe": -0.79,
            "roe_4q": -10.050000000000002,
            "gross_profit": 42289,
            "gross_margin": 10.21,
            "gross_margin_4q_avg": 9.94,
            "net_income": -13781,
            "net_income_4q": null,
            "revenue": 414138,
            "revenue_4q": null,
            "common_shares": 1670382,
            "book_valuer_per_share": 9.74,
            "book_valuer_per_share_4q_avg": 10.28,
            "equity": 1841622,
            "current_ratio": 120.89,
            "debt_ratio": 50.47,
            "inventory_turnover_ratio": 0.91,
            "account_receivable_turnover_ratio": null,
            "reinvestment_rate": null,
            "research_to_sale_ratio": null,
            "price_fair": 0,
            "eps_avg_yearly": 0,
            "eps_latest_yearly": 0,
            "eps_growth_yearly": 0
        },
        "20041": {
            "year_quarter": 20041,
            "year": 2004,
            "quarter": 1,
            "eps": 0.19,
            "eps_growth_year": 171.43,
            "eps_4q": -0.92,
            "eps_4q_growth_year": null,
            "roe": 1.82,
            "roe_4q": -8.85,
            "gross_profit": 44738,
            "gross_margin": 11.5,
            "gross_margin_4q_avg": 9.76,
            "net_income": 31802,
            "net_income_4q": null,
            "revenue": 389071,
            "revenue_4q": null,
            "common_shares": 1670382,
            "book_valuer_per_share": 9.87,
            "book_valuer_per_share_4q_avg": 10.02,
            "equity": 1649006,
            "current_ratio": 236.86,
            "debt_ratio": 25.28,
            "inventory_turnover_ratio": 0.83,
            "account_receivable_turnover_ratio": null,
            "reinvestment_rate": null,
            "research_to_sale_ratio": null,
            "price_fair": 0,
            "eps_avg_yearly": 0,
            "eps_latest_yearly": 0,
            "eps_growth_yearly": 0
        },
        "20042": {
            "year_quarter": 20042,
            "year": 2004,
            "quarter": 2,
            "eps": 0.34,
            "eps_growth_year": null,
            "eps_4q": -0.29,
            "eps_4q_growth_year": null,
            "roe": 3.4,
            "roe_4q": -2.8100000000000005,
            "gross_profit": 67553,
            "gross_margin": 15,
            "gross_margin_4q_avg": 11.13,
            "net_income": 57193,
            "net_income_4q": null,
            "revenue": 450383,
            "revenue_4q": null,
            "common_shares": 1670382,
            "book_valuer_per_share": 10.26,
            "book_valuer_per_share_4q_avg": 9.93,
            "equity": 1714104,
            "current_ratio": 186.3,
            "debt_ratio": 30.52,
            "inventory_turnover_ratio": 1.18,
            "account_receivable_turnover_ratio": null,
            "reinvestment_rate": null,
            "research_to_sale_ratio": null,
            "price_fair": 47.6,
            "eps_avg_yearly": 1.36,
            "eps_latest_yearly": 1.36,
            "eps_growth_yearly": 315.79
        },
        "20043": {
            "year_quarter": 20043,
            "year": 2004,
            "quarter": 3,
            "eps": 0.71,
            "eps_growth_year": null,
            "eps_4q": 1.16,
            "eps_4q_growth_year": null,
            "roe": 6.71,
            "roe_4q": 11.14,
            "gross_profit": 104833,
            "gross_margin": 23.59,
            "gross_margin_4q_avg": 15.08,
            "net_income": 119041,
            "net_income_4q": null,
            "revenue": 444407,
            "revenue_4q": null,
            "common_shares": 1670382,
            "book_valuer_per_share": 10.99,
            "book_valuer_per_share_4q_avg": 10.22,
            "equity": 1835703,
            "current_ratio": 169.5,
            "debt_ratio": 32.17,
            "inventory_turnover_ratio": 0.81,
            "account_receivable_turnover_ratio": null,
            "reinvestment_rate": null,
            "research_to_sale_ratio": null,
            "price_fair": 73.5,
            "eps_avg_yearly": 2.1,
            "eps_latest_yearly": 2.84,
            "eps_growth_yearly": 375.54
        },
        "20044": {
            "year_quarter": 20044,
            "year": 2004,
            "quarter": 4,
            "eps": 0.11,
            "eps_growth_year": null,
            "eps_4q": 1.36,
            "eps_4q_growth_year": null,
            "roe": 0.94,
            "roe_4q": 12.870000000000001,
            "gross_profit": 48026,
            "gross_margin": 10.16,
            "gross_margin_4q_avg": 15.06,
            "net_income": 18318,
            "net_income_4q": null,
            "revenue": 472557,
            "revenue_4q": null,
            "common_shares": 1671066,
            "book_valuer_per_share": 10.95,
            "book_valuer_per_share_4q_avg": 10.52,
            "equity": 2070037,
            "current_ratio": 141.22,
            "debt_ratio": 50.71,
            "inventory_turnover_ratio": 0.66,
            "account_receivable_turnover_ratio": null,
            "reinvestment_rate": null,
            "research_to_sale_ratio": null,
            "price_fair": 54.13,
            "eps_avg_yearly": 1.55,
            "eps_latest_yearly": 0.44,
            "eps_growth_yearly": 137.69
        },
        "20051": {
            "year_quarter": 20051,
            "year": 2005,
            "quarter": 1,
            "eps": -0.02,
            "eps_growth_year": -110.53,
            "eps_4q": 1.35,
            "eps_4q_growth_year": null,
            "roe": -0.15,
            "roe_4q": 10.9,
            "gross_profit": 20972,
            "gross_margin": 4.86,
            "gross_margin_4q_avg": 13.4,
            "net_income": -2834,
            "net_income_4q": null,
            "revenue": 431925,
            "revenue_4q": null,
            "common_shares": 1671066,
            "book_valuer_per_share": 10.9,
            "book_valuer_per_share_4q_avg": 10.78,
            "equity": 1821153,
            "current_ratio": 205.81,
            "debt_ratio": 35.83,
            "inventory_turnover_ratio": 0.76,
            "account_receivable_turnover_ratio": null,
            "reinvestment_rate": null,
            "research_to_sale_ratio": null,
            "price_fair": 54.13,
            "eps_avg_yearly": 1.55,
            "eps_latest_yearly": 0.44,
            "eps_growth_yearly": 137.69
        },
        "20052": {
            "year_quarter": 20052,
            "year": 2005,
            "quarter": 2,
            "eps": 0.13,
            "eps_growth_year": -61.76,
            "eps_4q": 0.92,
            "eps_4q_growth_year": null,
            "roe": 1.21,
            "roe_4q": 8.71,
            "gross_profit": 57097,
            "gross_margin": 11.15,
            "gross_margin_4q_avg": 12.44,
            "net_income": 22145,
            "net_income_4q": null,
            "revenue": 511964,
            "revenue_4q": null,
            "common_shares": 1671066,
            "book_valuer_per_share": 11,
            "book_valuer_per_share_4q_avg": 10.96,
            "equity": 1837826,
            "current_ratio": 144.75,
            "debt_ratio": 42.75,
            "inventory_turnover_ratio": 1.55,
            "account_receivable_turnover_ratio": null,
            "reinvestment_rate": null,
            "research_to_sale_ratio": null,
            "price_fair": 54.13,
            "eps_avg_yearly": 1.55,
            "eps_latest_yearly": 0.44,
            "eps_growth_yearly": 137.69
        },
        "20053": {
            "year_quarter": 20053,
            "year": 2005,
            "quarter": 3,
            "eps": 0.3,
            "eps_growth_year": -57.75,
            "eps_4q": 0.51,
            "eps_4q_growth_year": -55.79,
            "roe": 2.82,
            "roe_4q": 4.819999999999999,
            "gross_profit": 66331,
            "gross_margin": 9.92,
            "gross_margin_4q_avg": 9.02,
            "net_income": 53187,
            "net_income_4q": null,
            "revenue": 668961,
            "revenue_4q": null,
            "common_shares": 1754620,
            "book_valuer_per_share": 11,
            "book_valuer_per_share_4q_avg": 10.96,
            "equity": 1929730,
            "current_ratio": 129.88,
            "debt_ratio": 46.95,
            "inventory_turnover_ratio": 1.88,
            "account_receivable_turnover_ratio": null,
            "reinvestment_rate": null,
            "research_to_sale_ratio": null,
            "price_fair": 51.1,
            "eps_avg_yearly": 1.46,
            "eps_latest_yearly": 1.2,
            "eps_growth_yearly": 234.03
        },
        "20054": {
            "year_quarter": 20054,
            "year": 2005,
            "quarter": 4,
            "eps": 0.12,
            "eps_growth_year": 9.09,
            "eps_4q": 0.54,
            "eps_4q_growth_year": -60.02,
            "roe": 0.99,
            "roe_4q": 4.869999999999999,
            "gross_profit": 127900,
            "gross_margin": 16.43,
            "gross_margin_4q_avg": 10.59,
            "net_income": 20547,
            "net_income_4q": null,
            "revenue": 778428,
            "revenue_4q": null,
            "common_shares": 1754619,
            "book_valuer_per_share": 11.04,
            "book_valuer_per_share_4q_avg": 10.99,
            "equity": 2230335,
            "current_ratio": 102.17,
            "debt_ratio": 64.16,
            "inventory_turnover_ratio": 1,
            "account_receivable_turnover_ratio": null,
            "reinvestment_rate": 3388.6,
            "research_to_sale_ratio": null,
            "price_fair": 44.24,
            "eps_avg_yearly": 1.26,
            "eps_latest_yearly": 0.48,
            "eps_growth_yearly": 139.23
        },
        "20061": {
            "year_quarter": 20061,
            "year": 2006,
            "quarter": 1,
            "eps": 0.26,
            "eps_growth_year": null,
            "eps_4q": 0.78,
            "eps_4q_growth_year": -42.61,
            "roe": 2.21,
            "roe_4q": 7.2299999999999995,
            "gross_profit": 85800,
            "gross_margin": 11.75,
            "gross_margin_4q_avg": 12.31,
            "net_income": 48263,
            "net_income_4q": null,
            "revenue": 730474,
            "revenue_4q": null,
            "common_shares": 1899755,
            "book_valuer_per_share": 11.26,
            "book_valuer_per_share_4q_avg": 11.08,
            "equity": 2139048,
            "current_ratio": 154.64,
            "debt_ratio": 47.49,
            "inventory_turnover_ratio": 0.97,
            "account_receivable_turnover_ratio": null,
            "reinvestment_rate": 924.9,
            "research_to_sale_ratio": null,
            "price_fair": 42.93,
            "eps_avg_yearly": 1.23,
            "eps_latest_yearly": 1.04,
            "eps_growth_yearly": 193.8
        },
        "20062": {
            "year_quarter": 20062,
            "year": 2006,
            "quarter": 2,
            "eps": 0.39,
            "eps_growth_year": 200,
            "eps_4q": 1.04,
            "eps_4q_growth_year": 13.16,
            "roe": 3.32,
            "roe_4q": 9.34,
            "gross_profit": 83737,
            "gross_margin": 10.51,
            "gross_margin_4q_avg": 12.15,
            "net_income": 73114,
            "net_income_4q": null,
            "revenue": 797053,
            "revenue_4q": null,
            "common_shares": 1947773,
            "book_valuer_per_share": 11.62,
            "book_valuer_per_share_4q_avg": 11.23,
            "equity": 2262564,
            "current_ratio": 147.54,
            "debt_ratio": 46.24,
            "inventory_turnover_ratio": 1.93,
            "account_receivable_turnover_ratio": null,
            "reinvestment_rate": 440.82,
            "research_to_sale_ratio": null,
            "price_fair": 44.6,
            "eps_avg_yearly": 1.27,
            "eps_latest_yearly": 1.56,
            "eps_growth_yearly": 194.69
        },
        "20063": {
            "year_quarter": 20063,
            "year": 2006,
            "quarter": 3,
            "eps": 0.95,
            "eps_growth_year": 216.67,
            "eps_4q": 1.65,
            "eps_4q_growth_year": 223.08,
            "roe": 7.9,
            "roe_4q": 14.42,
            "gross_profit": 172712,
            "gross_margin": 17.57,
            "gross_margin_4q_avg": 14.07,
            "net_income": 191261,
            "net_income_4q": null,
            "revenue": 982876,
            "revenue_4q": null,
            "common_shares": 2108921,
            "book_valuer_per_share": 12.24,
            "book_valuer_per_share_4q_avg": 11.54,
            "equity": 2581214,
            "current_ratio": 178.08,
            "debt_ratio": 48.6,
            "inventory_turnover_ratio": 1.87,
            "account_receivable_turnover_ratio": null,
            "reinvestment_rate": 194.19,
            "research_to_sale_ratio": null,
            "price_fair": 55.65,
            "eps_avg_yearly": 1.59,
            "eps_latest_yearly": 3.8,
            "eps_growth_yearly": 242.14
        },
        "20064": {
            "year_quarter": 20064,
            "year": 2006,
            "quarter": 4,
            "eps": 0.22,
            "eps_growth_year": 83.33,
            "eps_4q": 1.76,
            "eps_4q_growth_year": 224.6,
            "roe": 1.6,
            "roe_4q": 15.030000000000001,
            "gross_profit": 76841,
            "gross_margin": 7.97,
            "gross_margin_4q_avg": 11.95,
            "net_income": 44549,
            "net_income_4q": null,
            "revenue": 963580,
            "revenue_4q": null,
            "common_shares": 2150382,
            "book_valuer_per_share": 12.41,
            "book_valuer_per_share_4q_avg": 11.88,
            "equity": 3003267,
            "current_ratio": 112.24,
            "debt_ratio": 63.04,
            "inventory_turnover_ratio": 1.06,
            "account_receivable_turnover_ratio": null,
            "reinvestment_rate": 283.43,
            "research_to_sale_ratio": null,
            "price_fair": 52.89,
            "eps_avg_yearly": 1.51,
            "eps_latest_yearly": 0.88,
            "eps_growth_yearly": 181.09
        },
        "20071": {
            "year_quarter": 20071,
            "year": 2007,
            "quarter": 1,
            "eps": 0.14,
            "eps_growth_year": -46.15,
            "eps_4q": 1.59,
            "eps_4q_growth_year": 105.3,
            "roe": 1.04,
            "roe_4q": 13.860000000000001,
            "gross_profit": 23710,
            "gross_margin": 3.16,
            "gross_margin_4q_avg": 9.8,
            "net_income": 29741,
            "net_income_4q": null,
            "revenue": 749996,
            "revenue_4q": null,
            "common_shares": 2162769,
            "book_valuer_per_share": 12.49,
            "book_valuer_per_share_4q_avg": 12.19,
            "equity": 2701848,
            "current_ratio": 142.55,
            "debt_ratio": 43.3,
            "inventory_turnover_ratio": 0.93,
            "account_receivable_turnover_ratio": null,
            "reinvestment_rate": 155.26,
            "research_to_sale_ratio": null,
            "price_fair": 49.56,
            "eps_avg_yearly": 1.42,
            "eps_latest_yearly": 0.56,
            "eps_growth_yearly": 148.43
        },
        "20072": {
            "year_quarter": 20072,
            "year": 2007,
            "quarter": 2,
            "eps": 0.45,
            "eps_growth_year": 15.38,
            "eps_4q": 1.67,
            "eps_4q_growth_year": 60.93,
            "roe": 3.56,
            "roe_4q": 14.1,
            "gross_profit": 79640,
            "gross_margin": 9.04,
            "gross_margin_4q_avg": 9.44,
            "net_income": 97558,
            "net_income_4q": null,
            "revenue": 880712,
            "revenue_4q": null,
            "common_shares": 2187176,
            "book_valuer_per_share": 12.7,
            "book_valuer_per_share_4q_avg": 12.46,
            "equity": 2778068,
            "current_ratio": 140.21,
            "debt_ratio": 44.64,
            "inventory_turnover_ratio": 2.12,
            "account_receivable_turnover_ratio": null,
            "reinvestment_rate": 123.94,
            "research_to_sale_ratio": null,
            "price_fair": 50.78,
            "eps_avg_yearly": 1.45,
            "eps_latest_yearly": 1.8,
            "eps_growth_yearly": 215.46
        },
        "20073": {
            "year_quarter": 20073,
            "year": 2007,
            "quarter": 3,
            "eps": 0.56,
            "eps_growth_year": -41.05,
            "eps_4q": 1.29,
            "eps_4q_growth_year": -21.83,
            "roe": 4.56,
            "roe_4q": 10.76,
            "gross_profit": 141500,
            "gross_margin": 12.49,
            "gross_margin_4q_avg": 8.17,
            "net_income": 131155,
            "net_income_4q": null,
            "revenue": 1132941,
            "revenue_4q": null,
            "common_shares": 2383918,
            "book_valuer_per_share": 12.5,
            "book_valuer_per_share_4q_avg": 12.53,
            "equity": 2979896,
            "current_ratio": 117.07,
            "debt_ratio": 45.64,
            "inventory_turnover_ratio": 2.32,
            "account_receivable_turnover_ratio": null,
            "reinvestment_rate": 91.2,
            "research_to_sale_ratio": null,
            "price_fair": 53.08,
            "eps_avg_yearly": 1.52,
            "eps_latest_yearly": 2.24,
            "eps_growth_yearly": 205.65
        },
        "20074": {
            "year_quarter": 20074,
            "year": 2007,
            "quarter": 4,
            "eps": 0.42,
            "eps_growth_year": 90.91,
            "eps_4q": 1.53,
            "eps_4q_growth_year": -13.35,
            "roe": 3.06,
            "roe_4q": 12.219999999999999,
            "gross_profit": 92815,
            "gross_margin": 9.5,
            "gross_margin_4q_avg": 8.55,
            "net_income": 97937,
            "net_income_4q": null,
            "revenue": 977241,
            "revenue_4q": null,
            "common_shares": 2392511,
            "book_valuer_per_share": 12.99,
            "book_valuer_per_share_4q_avg": 12.67,
            "equity": 3425340,
            "current_ratio": 109.73,
            "debt_ratio": 62.27,
            "inventory_turnover_ratio": 1.12,
            "account_receivable_turnover_ratio": null,
            "reinvestment_rate": 192.13,
            "research_to_sale_ratio": null,
            "price_fair": 53.52,
            "eps_avg_yearly": 1.53,
            "eps_latest_yearly": 1.68,
            "eps_growth_yearly": 182.14
        },
        "20081": {
            "year_quarter": 20081,
            "year": 2008,
            "quarter": 1,
            "eps": 0.46,
            "eps_growth_year": 228.57,
            "eps_4q": 1.63,
            "eps_4q_growth_year": 2.3,
            "roe": 3.62,
            "roe_4q": 14.799999999999999,
            "gross_profit": 261855,
            "gross_margin": 12.05,
            "gross_margin_4q_avg": 10.77,
            "net_income": 123082,
            "net_income_4q": null,
            "revenue": 2172723,
            "revenue_4q": null,
            "common_shares": 2369331,
            "book_valuer_per_share": 13.29,
            "book_valuer_per_share_4q_avg": 12.87,
            "equity": 3377486,
            "current_ratio": 106.37,
            "debt_ratio": 62.62,
            "inventory_turnover_ratio": 1.69,
            "account_receivable_turnover_ratio": null,
            "reinvestment_rate": 250.52,
            "research_to_sale_ratio": null,
            "price_fair": 54.3,
            "eps_avg_yearly": 1.55,
            "eps_latest_yearly": 1.84,
            "eps_growth_yearly": 171.85
        },
        "20082": {
            "year_quarter": 20082,
            "year": 2008,
            "quarter": 2,
            "eps": 0.28,
            "eps_growth_year": -37.78,
            "eps_4q": 1.5,
            "eps_4q_growth_year": -10.22,
            "roe": 2.21,
            "roe_4q": 13.45,
            "gross_profit": 293966,
            "gross_margin": 12.15,
            "gross_margin_4q_avg": 11.55,
            "net_income": 75277,
            "net_income_4q": null,
            "revenue": 2418816,
            "revenue_4q": null,
            "common_shares": 2371183,
            "book_valuer_per_share": 13.48,
            "book_valuer_per_share_4q_avg": 13.07,
            "equity": 3440826,
            "current_ratio": 103.27,
            "debt_ratio": 64.43,
            "inventory_turnover_ratio": 1.75,
            "account_receivable_turnover_ratio": null,
            "reinvestment_rate": 257.96,
            "research_to_sale_ratio": null,
            "price_fair": 53.7,
            "eps_avg_yearly": 1.53,
            "eps_latest_yearly": 1.12,
            "eps_growth_yearly": 138.12
        },
        "20083": {
            "year_quarter": 20083,
            "year": 2008,
            "quarter": 3,
            "eps": 0.22,
            "eps_growth_year": -60.71,
            "eps_4q": 1.17,
            "eps_4q_growth_year": -9.82,
            "roe": 1.76,
            "roe_4q": 10.65,
            "gross_profit": 309893,
            "gross_margin": 11.19,
            "gross_margin_4q_avg": 11.22,
            "net_income": 62068,
            "net_income_4q": null,
            "revenue": 2770086,
            "revenue_4q": null,
            "common_shares": 2575447,
            "book_valuer_per_share": 13.01,
            "book_valuer_per_share_4q_avg": 13.19,
            "equity": 3615287,
            "current_ratio": 109.57,
            "debt_ratio": 66.23,
            "inventory_turnover_ratio": 2.02,
            "account_receivable_turnover_ratio": null,
            "reinvestment_rate": 290.85,
            "research_to_sale_ratio": null,
            "price_fair": 48.8,
            "eps_avg_yearly": 1.39,
            "eps_latest_yearly": 0.88,
            "eps_growth_yearly": 100.9
        },
        "20084": {
            "year_quarter": 20084,
            "year": 2008,
            "quarter": 4,
            "eps": -0.41,
            "eps_growth_year": -197.62,
            "eps_4q": 0.4,
            "eps_4q_growth_year": -73.99,
            "roe": -2.96,
            "roe_4q": 4.63,
            "gross_profit": -23476,
            "gross_margin": -1.51,
            "gross_margin_4q_avg": 8.47,
            "net_income": -104947,
            "net_income_4q": null,
            "revenue": 1556541,
            "revenue_4q": null,
            "common_shares": 2546567,
            "book_valuer_per_share": 12.69,
            "book_valuer_per_share_4q_avg": 13.12,
            "equity": 3479041,
            "current_ratio": 113.57,
            "debt_ratio": 60.82,
            "inventory_turnover_ratio": 1.71,
            "account_receivable_turnover_ratio": 1.14,
            "reinvestment_rate": 249.38,
            "research_to_sale_ratio": null,
            "price_fair": 51.37,
            "eps_avg_yearly": 1.47,
            "eps_latest_yearly": 0.88,
            "eps_growth_yearly": 134.66
        },
        "20091": {
            "year_quarter": 20091,
            "year": 2009,
            "quarter": 1,
            "eps": 0.62,
            "eps_growth_year": 34.78,
            "eps_4q": 0.64,
            "eps_4q_growth_year": -60.91,
            "roe": 4.71,
            "roe_4q": 5.72,
            "gross_profit": 386273,
            "gross_margin": 19.74,
            "gross_margin_4q_avg": 10.39,
            "net_income": 169350,
            "net_income_4q": null,
            "revenue": 1957045,
            "revenue_4q": null,
            "common_shares": 2546567,
            "book_valuer_per_share": 13.52,
            "book_valuer_per_share_4q_avg": 13.18,
            "equity": 3710230,
            "current_ratio": 116.76,
            "debt_ratio": 59.92,
            "inventory_turnover_ratio": 2.05,
            "account_receivable_turnover_ratio": 0.73,
            "reinvestment_rate": 268.86,
            "research_to_sale_ratio": null,
            "price_fair": 51.37,
            "eps_avg_yearly": 1.47,
            "eps_latest_yearly": 0.88,
            "eps_growth_yearly": 134.66
        },
        "20092": {
            "year_quarter": 20092,
            "year": 2009,
            "quarter": 2,
            "eps": 0.76,
            "eps_growth_year": 171.43,
            "eps_4q": 1.12,
            "eps_4q_growth_year": -25.57,
            "roe": 5.44,
            "roe_4q": 8.950000000000001,
            "gross_profit": 444698,
            "gross_margin": 19.13,
            "gross_margin_4q_avg": 12.14,
            "net_income": 206632,
            "net_income_4q": null,
            "revenue": 2324443,
            "revenue_4q": null,
            "common_shares": 2615032,
            "book_valuer_per_share": 13.8,
            "book_valuer_per_share_4q_avg": 13.26,
            "equity": 3879581,
            "current_ratio": 119.48,
            "debt_ratio": 59.55,
            "inventory_turnover_ratio": 2.1,
            "account_receivable_turnover_ratio": 0.82,
            "reinvestment_rate": 204.63,
            "research_to_sale_ratio": null,
            "price_fair": 55.3,
            "eps_avg_yearly": 1.58,
            "eps_latest_yearly": 3.04,
            "eps_growth_yearly": 131.5
        },
        "20093": {
            "year_quarter": 20093,
            "year": 2009,
            "quarter": 3,
            "eps": 0.8,
            "eps_growth_year": 263.64,
            "eps_4q": 1.64,
            "eps_4q_growth_year": 40.45,
            "roe": 5.61,
            "roe_4q": 12.8,
            "gross_profit": 525284,
            "gross_margin": 18.24,
            "gross_margin_4q_avg": 13.9,
            "net_income": 223717,
            "net_income_4q": null,
            "revenue": 2879876,
            "revenue_4q": null,
            "common_shares": 2681684,
            "book_valuer_per_share": 14.23,
            "book_valuer_per_share_4q_avg": 13.56,
            "equity": 4095290,
            "current_ratio": 121.47,
            "debt_ratio": 60.98,
            "inventory_turnover_ratio": 2.34,
            "account_receivable_turnover_ratio": 0.87,
            "reinvestment_rate": 152.8,
            "research_to_sale_ratio": null,
            "price_fair": 60.3,
            "eps_avg_yearly": 1.72,
            "eps_latest_yearly": 3.2,
            "eps_growth_yearly": 95.64
        },
        "20094": {
            "year_quarter": 20094,
            "year": 2009,
            "quarter": 4,
            "eps": 0.67,
            "eps_growth_year": null,
            "eps_4q": 2.75,
            "eps_4q_growth_year": 591.48,
            "roe": 4.5,
            "roe_4q": 20.26,
            "gross_profit": 456443,
            "gross_margin": 16.76,
            "gross_margin_4q_avg": 18.47,
            "net_income": 188365,
            "net_income_4q": null,
            "revenue": 2724169,
            "revenue_4q": null,
            "common_shares": 2690159,
            "book_valuer_per_share": 14.82,
            "book_valuer_per_share_4q_avg": 14.09,
            "equity": 4274145,
            "current_ratio": 128.19,
            "debt_ratio": 58.04,
            "inventory_turnover_ratio": 2.39,
            "account_receivable_turnover_ratio": 1.48,
            "reinvestment_rate": 211.12,
            "research_to_sale_ratio": null,
            "price_fair": 65.8,
            "eps_avg_yearly": 1.88,
            "eps_latest_yearly": 2.68,
            "eps_growth_yearly": 108.14
        },
        "20101": {
            "year_quarter": 20101,
            "year": 2010,
            "quarter": 1,
            "eps": 1.3,
            "eps_growth_year": 109.68,
            "eps_4q": 3.46,
            "eps_4q_growth_year": 442.13,
            "roe": 6.12,
            "roe_4q": 21.67,
            "gross_profit": 571846,
            "gross_margin": 18.25,
            "gross_margin_4q_avg": 18.1,
            "net_income": 263598,
            "net_income_4q": null,
            "revenue": 3132629,
            "revenue_4q": null,
            "common_shares": 2696987,
            "book_valuer_per_share": 16.06,
            "book_valuer_per_share_4q_avg": 14.73,
            "equity": 4339709,
            "current_ratio": 127.56,
            "debt_ratio": 58.61,
            "inventory_turnover_ratio": 2.49,
            "account_receivable_turnover_ratio": 0.81,
            "reinvestment_rate": 248.06,
            "research_to_sale_ratio": 0.27,
            "price_fair": 76.2,
            "eps_avg_yearly": 2.18,
            "eps_latest_yearly": 5.2,
            "eps_growth_yearly": 101.67
        },
        "20102": {
            "year_quarter": 20102,
            "year": 2010,
            "quarter": 2,
            "eps": 0.76,
            "eps_growth_year": -0.15,
            "eps_4q": 3.35,
            "eps_4q_growth_year": 199.44,
            "roe": 4.9,
            "roe_4q": 21.13,
            "gross_profit": 563909,
            "gross_margin": 16.28,
            "gross_margin_4q_avg": 17.38,
            "net_income": 216284,
            "net_income_4q": null,
            "revenue": 3463184,
            "revenue_4q": null,
            "common_shares": 2705797,
            "book_valuer_per_share": 16.56,
            "book_valuer_per_share_4q_avg": 15.42,
            "equity": 4488679,
            "current_ratio": 126.88,
            "debt_ratio": 62.57,
            "inventory_turnover_ratio": 2.23,
            "account_receivable_turnover_ratio": 0.79,
            "reinvestment_rate": 249.58,
            "research_to_sale_ratio": 0.36,
            "price_fair": 79.9,
            "eps_avg_yearly": 2.28,
            "eps_latest_yearly": 3.04,
            "eps_growth_yearly": 75.52
        },
        "20103": {
            "year_quarter": 20103,
            "year": 2010,
            "quarter": 3,
            "eps": 1.22,
            "eps_growth_year": 52.22,
            "eps_4q": 3.83,
            "eps_4q_growth_year": 133.46,
            "roe": 7.47,
            "roe_4q": 22.990000000000002,
            "gross_profit": 689811,
            "gross_margin": 19.3,
            "gross_margin_4q_avg": 17.65,
            "net_income": 347214,
            "net_income_4q": null,
            "revenue": 3574311,
            "revenue_4q": null,
            "common_shares": 2845135,
            "book_valuer_per_share": 16.84,
            "book_valuer_per_share_4q_avg": 16.07,
            "equity": 4802168,
            "current_ratio": 138.64,
            "debt_ratio": 59.53,
            "inventory_turnover_ratio": 2.11,
            "account_receivable_turnover_ratio": 0.76,
            "reinvestment_rate": 243.78,
            "research_to_sale_ratio": 0.3,
            "price_fair": 82.6,
            "eps_avg_yearly": 2.36,
            "eps_latest_yearly": 4.88,
            "eps_growth_yearly": 51.78
        },
        "20104": {
            "year_quarter": 20104,
            "year": 2010,
            "quarter": 4,
            "eps": 1.08,
            "eps_growth_year": 60.73,
            "eps_4q": 4.28,
            "eps_4q_growth_year": 55.67,
            "roe": 8.08,
            "roe_4q": 26.570000000000004,
            "gross_profit": 619560,
            "gross_margin": 18.68,
            "gross_margin_4q_avg": 18.13,
            "net_income": 393865,
            "net_income_4q": null,
            "revenue": 3317281,
            "revenue_4q": null,
            "common_shares": 2847817,
            "book_valuer_per_share": 17.35,
            "book_valuer_per_share_4q_avg": 16.7,
            "equity": 4951052,
            "current_ratio": 142.57,
            "debt_ratio": 56.61,
            "inventory_turnover_ratio": 2.01,
            "account_receivable_turnover_ratio": 0.74,
            "reinvestment_rate": 156.48,
            "research_to_sale_ratio": 0.35,
            "price_fair": 91.2,
            "eps_avg_yearly": 2.61,
            "eps_latest_yearly": 4.32,
            "eps_growth_yearly": 70.46
        },
        "20111": {
            "year_quarter": 20111,
            "year": 2011,
            "quarter": 1,
            "eps": 0.88,
            "eps_growth_year": -32.31,
            "eps_4q": 3.92,
            "eps_4q_growth_year": 13.58,
            "roe": 4.94,
            "roe_4q": 25.39,
            "gross_profit": 616757,
            "gross_margin": 16.45,
            "gross_margin_4q_avg": 17.68,
            "net_income": 252339,
            "net_income_4q": null,
            "revenue": 3749031,
            "revenue_4q": null,
            "common_shares": 2855234,
            "book_valuer_per_share": 18.42,
            "book_valuer_per_share_4q_avg": 17.29,
            "equity": 5268692,
            "current_ratio": 140.97,
            "debt_ratio": 56.5,
            "inventory_turnover_ratio": 2.16,
            "account_receivable_turnover_ratio": 0.81,
            "reinvestment_rate": 213.1,
            "research_to_sale_ratio": 0.38,
            "price_fair": 98.6,
            "eps_avg_yearly": 2.82,
            "eps_latest_yearly": 3.52,
            "eps_growth_yearly": 75.56
        },
        "20112": {
            "year_quarter": 20112,
            "year": 2011,
            "quarter": 2,
            "eps": 0.46,
            "eps_growth_year": -39.59,
            "eps_4q": 3.52,
            "eps_4q_growth_year": 4.92,
            "roe": 2.67,
            "roe_4q": 23.16,
            "gross_profit": 583701,
            "gross_margin": 15.12,
            "gross_margin_4q_avg": 17.39,
            "net_income": 136129,
            "net_income_4q": null,
            "revenue": 3860173,
            "revenue_4q": null,
            "common_shares": 2887336,
            "book_valuer_per_share": 17.08,
            "book_valuer_per_share_4q_avg": 17.42,
            "equity": 4942709,
            "current_ratio": 124.75,
            "debt_ratio": 59.49,
            "inventory_turnover_ratio": 2.23,
            "account_receivable_turnover_ratio": 0.75,
            "reinvestment_rate": 216.37,
            "research_to_sale_ratio": 0.45,
            "price_fair": 8.46,
            "eps_avg_yearly": 2.82,
            "eps_latest_yearly": 1.84,
            "eps_growth_yearly": -1.34
        },
        "20113": {
            "year_quarter": 20113,
            "year": 2011,
            "quarter": 3,
            "eps": 1.01,
            "eps_growth_year": -17.18,
            "eps_4q": 3.33,
            "eps_4q_growth_year": -13.05,
            "roe": 5.8,
            "roe_4q": 21.490000000000002,
            "gross_profit": 741468,
            "gross_margin": 18.4,
            "gross_margin_4q_avg": 17.16,
            "net_income": 302656,
            "net_income_4q": null,
            "revenue": 4028983,
            "revenue_4q": null,
            "common_shares": 3025432,
            "book_valuer_per_share": 18.32,
            "book_valuer_per_share_4q_avg": 17.79,
            "equity": 5498673,
            "current_ratio": 130.81,
            "debt_ratio": 56.81,
            "inventory_turnover_ratio": 2.34,
            "account_receivable_turnover_ratio": 0.74,
            "reinvestment_rate": 234.63,
            "research_to_sale_ratio": 0.39,
            "price_fair": 103.2,
            "eps_avg_yearly": 2.95,
            "eps_latest_yearly": 4.04,
            "eps_growth_yearly": 25.83
        },
        "20114": {
            "year_quarter": 20114,
            "year": 2011,
            "quarter": 4,
            "eps": 0.54,
            "eps_growth_year": -50.25,
            "eps_4q": 2.84,
            "eps_4q_growth_year": -33.68,
            "roe": 2.88,
            "roe_4q": 16.29,
            "gross_profit": 481646,
            "gross_margin": 15.53,
            "gross_margin_4q_avg": 16.38,
            "net_income": 160912,
            "net_income_4q": null,
            "revenue": 3100619,
            "revenue_4q": null,
            "common_shares": 2995432,
            "book_valuer_per_share": 18.85,
            "book_valuer_per_share_4q_avg": 18.17,
            "equity": 5659496,
            "current_ratio": 135.44,
            "debt_ratio": 51.36,
            "inventory_turnover_ratio": 2.03,
            "account_receivable_turnover_ratio": 0.63,
            "reinvestment_rate": 177.99,
            "research_to_sale_ratio": 0.59,
            "price_fair": 88.54,
            "eps_avg_yearly": 2.98,
            "eps_latest_yearly": 2.16,
            "eps_growth_yearly": 19.68
        },
        "20121": {
            "year_quarter": 20121,
            "year": 2012,
            "quarter": 1,
            "eps": 0.97,
            "eps_growth_year": 10.23,
            "eps_4q": 2.97,
            "eps_4q_growth_year": -24.36,
            "roe": 5.08,
            "roe_4q": 16.43,
            "gross_profit": 581062,
            "gross_margin": 16.41,
            "gross_margin_4q_avg": 16.37,
            "net_income": 292625,
            "net_income_4q": null,
            "revenue": 3541429,
            "revenue_4q": null,
            "common_shares": 2998535,
            "book_valuer_per_share": 19.53,
            "book_valuer_per_share_4q_avg": 18.45,
            "equity": 5870554,
            "current_ratio": 134.13,
            "debt_ratio": 52.35,
            "inventory_turnover_ratio": 2.13,
            "account_receivable_turnover_ratio": 0.81,
            "reinvestment_rate": 170.76,
            "research_to_sale_ratio": 0.62,
            "price_fair": 109.5,
            "eps_avg_yearly": 3.13,
            "eps_latest_yearly": 3.88,
            "eps_growth_yearly": 39.71
        },
        "20122": {
            "year_quarter": 20122,
            "year": 2012,
            "quarter": 2,
            "eps": 0.85,
            "eps_growth_year": 86.36,
            "eps_4q": 3.37,
            "eps_4q_growth_year": -4.2,
            "roe": 4.47,
            "roe_4q": 18.23,
            "gross_profit": 600078,
            "gross_margin": 15.17,
            "gross_margin_4q_avg": 16.38,
            "net_income": 256777,
            "net_income_4q": null,
            "revenue": 3956744,
            "revenue_4q": null,
            "common_shares": 3000834,
            "book_valuer_per_share": 18.65,
            "book_valuer_per_share_4q_avg": 18.84,
            "equity": 5610685,
            "current_ratio": 123.93,
            "debt_ratio": 56.37,
            "inventory_turnover_ratio": 2.11,
            "account_receivable_turnover_ratio": 0.81,
            "reinvestment_rate": 167.63,
            "research_to_sale_ratio": 0.63,
            "price_fair": 115.2,
            "eps_avg_yearly": 3.29,
            "eps_latest_yearly": 3.4,
            "eps_growth_yearly": 47.36
        },
        "20123": {
            "year_quarter": 20123,
            "year": 2012,
            "quarter": 3,
            "eps": 1.12,
            "eps_growth_year": 11.38,
            "eps_4q": 3.44,
            "eps_4q_growth_year": 3.32,
            "roe": 5.92,
            "roe_4q": 18.35,
            "gross_profit": 803372,
            "gross_margin": 18.38,
            "gross_margin_4q_avg": 16.37,
            "net_income": 344812,
            "net_income_4q": null,
            "revenue": 4371373,
            "revenue_4q": null,
            "common_shares": 3063925,
            "book_valuer_per_share": 19.68,
            "book_valuer_per_share_4q_avg": 19.18,
            "equity": 6044747,
            "current_ratio": 132.04,
            "debt_ratio": 54.41,
            "inventory_turnover_ratio": 2.23,
            "account_receivable_turnover_ratio": 0.8,
            "reinvestment_rate": 153.38,
            "research_to_sale_ratio": 0.97,
            "price_fair": 124.2,
            "eps_avg_yearly": 3.55,
            "eps_latest_yearly": 4.48,
            "eps_growth_yearly": 62.56
        },
        "20124": {
            "year_quarter": 20124,
            "year": 2012,
            "quarter": 4,
            "eps": 0.76,
            "eps_growth_year": 41.84,
            "eps_4q": 3.65,
            "eps_4q_growth_year": 28.74,
            "roe": 3.8,
            "roe_4q": 19.269999999999996,
            "gross_profit": 679092,
            "gross_margin": 16.6,
            "gross_margin_4q_avg": 16.64,
            "net_income": 234876,
            "net_income_4q": null,
            "revenue": 4090617,
            "revenue_4q": null,
            "common_shares": 3083880,
            "book_valuer_per_share": 20.41,
            "book_valuer_per_share_4q_avg": 19.57,
            "equity": 6308600,
            "current_ratio": 138.83,
            "debt_ratio": 53.59,
            "inventory_turnover_ratio": 2.04,
            "account_receivable_turnover_ratio": 0.74,
            "reinvestment_rate": 144.75,
            "research_to_sale_ratio": 1.35,
            "price_fair": 123.01,
            "eps_avg_yearly": 3.51,
            "eps_latest_yearly": 3.04,
            "eps_growth_yearly": 49.81
        },
        "20131": {
            "year_quarter": 20131,
            "year": 2013,
            "quarter": 1,
            "eps": 0.61,
            "eps_growth_year": -37.11,
            "eps_4q": 3.29,
            "eps_4q_growth_year": 10.89,
            "roe": 2.91,
            "roe_4q": 17.099999999999998,
            "gross_profit": 627304,
            "gross_margin": 15.15,
            "gross_margin_4q_avg": 16.33,
            "net_income": 188710,
            "net_income_4q": null,
            "revenue": 4140507,
            "revenue_4q": null,
            "common_shares": 3108261,
            "book_valuer_per_share": 21.39,
            "book_valuer_per_share_4q_avg": 20.03,
            "equity": 6663444,
            "current_ratio": 142.91,
            "debt_ratio": 51.94,
            "inventory_turnover_ratio": 1.99,
            "account_receivable_turnover_ratio": 0.75,
            "reinvestment_rate": 22.61,
            "research_to_sale_ratio": 1.2,
            "price_fair": 120.66,
            "eps_avg_yearly": 3.45,
            "eps_latest_yearly": 2.44,
            "eps_growth_yearly": 41.77
        },
        "20132": {
            "year_quarter": 20132,
            "year": 2013,
            "quarter": 2,
            "eps": 0.62,
            "eps_growth_year": -27.43,
            "eps_4q": 3.09,
            "eps_4q_growth_year": -8.35,
            "roe": 2.97,
            "roe_4q": 15.6,
            "gross_profit": 649292,
            "gross_margin": 15.76,
            "gross_margin_4q_avg": 16.47,
            "net_income": 194074,
            "net_income_4q": null,
            "revenue": 4120156,
            "revenue_4q": null,
            "common_shares": 3110562,
            "book_valuer_per_share": 20.48,
            "book_valuer_per_share_4q_avg": 20.49,
            "equity": 6385540,
            "current_ratio": 135.06,
            "debt_ratio": 55.6,
            "inventory_turnover_ratio": 1.84,
            "account_receivable_turnover_ratio": 0.74,
            "reinvestment_rate": 28.91,
            "research_to_sale_ratio": 1.34,
            "price_fair": 119.44,
            "eps_avg_yearly": 3.41,
            "eps_latest_yearly": 2.48,
            "eps_growth_yearly": 36.53
        },
        "20133": {
            "year_quarter": 20133,
            "year": 2013,
            "quarter": 3,
            "eps": 0.87,
            "eps_growth_year": -22.56,
            "eps_4q": 2.84,
            "eps_4q_growth_year": -17.22,
            "roe": 4.17,
            "roe_4q": 13.850000000000001,
            "gross_profit": 727374,
            "gross_margin": 16.14,
            "gross_margin_4q_avg": 15.91,
            "net_income": 270787,
            "net_income_4q": null,
            "revenue": 4506127,
            "revenue_4q": null,
            "common_shares": 3115708,
            "book_valuer_per_share": 21.18,
            "book_valuer_per_share_4q_avg": 20.87,
            "equity": 6614789,
            "current_ratio": 135.94,
            "debt_ratio": 55,
            "inventory_turnover_ratio": 1.88,
            "account_receivable_turnover_ratio": 0.78,
            "reinvestment_rate": 33.18,
            "research_to_sale_ratio": 1.09,
            "price_fair": 120.05,
            "eps_avg_yearly": 3.43,
            "eps_latest_yearly": 3.48,
            "eps_growth_yearly": 45.3
        },
        "20134": {
            "year_quarter": 20134,
            "year": 2013,
            "quarter": 4,
            "eps": 0.59,
            "eps_growth_year": -22.49,
            "eps_4q": 2.68,
            "eps_4q_growth_year": -26.76,
            "roe": 2.73,
            "roe_4q": 12.780000000000001,
            "gross_profit": 540032,
            "gross_margin": 13.15,
            "gross_margin_4q_avg": 15.05,
            "net_income": 184552,
            "net_income_4q": null,
            "revenue": 4106332,
            "revenue_4q": null,
            "common_shares": 3124138,
            "book_valuer_per_share": 22.05,
            "book_valuer_per_share_4q_avg": 21.28,
            "equity": 6907498,
            "current_ratio": 137.55,
            "debt_ratio": 52.6,
            "inventory_turnover_ratio": 1.94,
            "account_receivable_turnover_ratio": 0.71,
            "reinvestment_rate": -24.78,
            "research_to_sale_ratio": 1.25,
            "price_fair": 119.35,
            "eps_avg_yearly": 3.41,
            "eps_latest_yearly": 2.36,
            "eps_growth_yearly": 41.31
        },
        "20141": {
            "year_quarter": 20141,
            "year": 2014,
            "quarter": 1,
            "eps": 0.8,
            "eps_growth_year": 31.15,
            "eps_4q": 2.87,
            "eps_4q_growth_year": -12.93,
            "roe": 3.55,
            "roe_4q": 13.42,
            "gross_profit": 662029,
            "gross_margin": 15.8,
            "gross_margin_4q_avg": 15.21,
            "net_income": 249335,
            "net_income_4q": null,
            "revenue": 4189595,
            "revenue_4q": null,
            "common_shares": 3127205,
            "book_valuer_per_share": 22.79,
            "book_valuer_per_share_4q_avg": 21.63,
            "equity": 7145995,
            "current_ratio": 143.3,
            "debt_ratio": 50.97,
            "inventory_turnover_ratio": 2.16,
            "account_receivable_turnover_ratio": 0.75,
            "reinvestment_rate": -30.83,
            "research_to_sale_ratio": 1.16,
            "price_fair": 114.98,
            "eps_avg_yearly": 3.29,
            "eps_latest_yearly": 3.2,
            "eps_growth_yearly": 26.7
        },
        "20142": {
            "year_quarter": 20142,
            "year": 2014,
            "quarter": 2,
            "eps": 0.95,
            "eps_growth_year": 53.23,
            "eps_4q": 3.19,
            "eps_4q_growth_year": 3.46,
            "roe": 4.27,
            "roe_4q": 14.719999999999999,
            "gross_profit": 742693,
            "gross_margin": 17.04,
            "gross_margin_4q_avg": 15.53,
            "net_income": 297605,
            "net_income_4q": null,
            "revenue": 4358726,
            "revenue_4q": null,
            "common_shares": 3130085,
            "book_valuer_per_share": 21.64,
            "book_valuer_per_share_4q_avg": 21.92,
            "equity": 6792112,
            "current_ratio": 131.56,
            "debt_ratio": 53.92,
            "inventory_turnover_ratio": 2.12,
            "account_receivable_turnover_ratio": 0.76,
            "reinvestment_rate": -40.25,
            "research_to_sale_ratio": 0.83,
            "price_fair": 116.64,
            "eps_avg_yearly": 3.33,
            "eps_latest_yearly": 3.8,
            "eps_growth_yearly": 41.78
        },
        "20143": {
            "year_quarter": 20143,
            "year": 2014,
            "quarter": 3,
            "eps": 1.46,
            "eps_growth_year": 67.82,
            "eps_4q": 3.78,
            "eps_4q_growth_year": 32.86,
            "roe": 6.43,
            "roe_4q": 16.98,
            "gross_profit": 970584,
            "gross_margin": 19.05,
            "gross_margin_4q_avg": 16.26,
            "net_income": 456446,
            "net_income_4q": null,
            "revenue": 5095442,
            "revenue_4q": null,
            "common_shares": 3136011,
            "book_valuer_per_share": 23.53,
            "book_valuer_per_share_4q_avg": 22.5,
            "equity": 7397262,
            "current_ratio": 134.1,
            "debt_ratio": 54.84,
            "inventory_turnover_ratio": 2.2,
            "account_receivable_turnover_ratio": 0.81,
            "reinvestment_rate": -44.54,
            "research_to_sale_ratio": 0.76,
            "price_fair": 118.74,
            "eps_avg_yearly": 3.39,
            "eps_latest_yearly": 5.84,
            "eps_growth_yearly": 40.06
        },
        "20144": {
            "year_quarter": 20144,
            "year": 2014,
            "quarter": 4,
            "eps": 1.7,
            "eps_growth_year": 188.74,
            "eps_4q": 4.87,
            "eps_4q_growth_year": 81.96,
            "roe": 6.91,
            "roe_4q": 21.16,
            "gross_profit": 1055266,
            "gross_margin": 20.13,
            "gross_margin_4q_avg": 18.01,
            "net_income": 538247,
            "net_income_4q": null,
            "revenue": 5240982,
            "revenue_4q": null,
            "common_shares": 3159941,
            "book_valuer_per_share": 25.84,
            "book_valuer_per_share_4q_avg": 23.45,
            "equity": 8175409,
            "current_ratio": 143.33,
            "debt_ratio": 51.06,
            "inventory_turnover_ratio": 2.18,
            "account_receivable_turnover_ratio": 0.77,
            "reinvestment_rate": -41.74,
            "research_to_sale_ratio": 0.83,
            "price_fair": 124.16,
            "eps_avg_yearly": 3.55,
            "eps_latest_yearly": 6.8,
            "eps_growth_yearly": 47.04
        },
        "20151": {
            "year_quarter": 20151,
            "year": 2015,
            "quarter": 1,
            "eps": 1.72,
            "eps_growth_year": 115,
            "eps_4q": 5.79,
            "eps_4q_growth_year": 102.13,
            "roe": 6.46,
            "roe_4q": 24.07,
            "gross_profit": 1132140,
            "gross_margin": 22.81,
            "gross_margin_4q_avg": 19.76,
            "net_income": 543832,
            "net_income_4q": null,
            "revenue": 4962604,
            "revenue_4q": null,
            "common_shares": 3163921,
            "book_valuer_per_share": 27.36,
            "book_valuer_per_share_4q_avg": 24.59,
            "equity": 8666386,
            "current_ratio": 157.43,
            "debt_ratio": 47.11,
            "inventory_turnover_ratio": 2.05,
            "account_receivable_turnover_ratio": 0.73,
            "reinvestment_rate": -50.31,
            "research_to_sale_ratio": 0.83,
            "price_fair": 131.51,
            "eps_avg_yearly": 3.76,
            "eps_latest_yearly": 6.88,
            "eps_growth_yearly": 51.97
        },
        "20152": {
            "year_quarter": 20152,
            "year": 2015,
            "quarter": 2,
            "eps": 1.51,
            "eps_growth_year": 58.95,
            "eps_4q": 6.36,
            "eps_4q_growth_year": 99.24,
            "roe": 5.66,
            "roe_4q": 25.46,
            "gross_profit": 1149492,
            "gross_margin": 23.59,
            "gross_margin_4q_avg": 21.4,
            "net_income": 479491,
            "net_income_4q": null,
            "revenue": 4873024,
            "revenue_4q": null,
            "common_shares": 3166131,
            "book_valuer_per_share": 26.1,
            "book_valuer_per_share_4q_avg": 25.71,
            "equity": 8272034,
            "current_ratio": 171.03,
            "debt_ratio": 48.84,
            "inventory_turnover_ratio": 2,
            "account_receivable_turnover_ratio": 0.75,
            "reinvestment_rate": -52.75,
            "research_to_sale_ratio": 1.02,
            "price_fair": 140.7,
            "eps_avg_yearly": 4.02,
            "eps_latest_yearly": 6.04,
            "eps_growth_yearly": 60.85
        },
        "20153": {
            "year_quarter": 20153,
            "year": 2015,
            "quarter": 3,
            "eps": 2.43,
            "eps_growth_year": 66.44,
            "eps_4q": 7.34,
            "eps_4q_growth_year": 94.23,
            "roe": 8.76,
            "roe_4q": 27.79,
            "gross_profit": 1548295,
            "gross_margin": 25.77,
            "gross_margin_4q_avg": 23.08,
            "net_income": 770879,
            "net_income_4q": null,
            "revenue": 6008531,
            "revenue_4q": null,
            "common_shares": 3173231,
            "book_valuer_per_share": 29.39,
            "book_valuer_per_share_4q_avg": 27.17,
            "equity": 9335782,
            "current_ratio": 181.68,
            "debt_ratio": 49.34,
            "inventory_turnover_ratio": 2.27,
            "account_receivable_turnover_ratio": 0.86,
            "reinvestment_rate": -64.23,
            "research_to_sale_ratio": 0.78,
            "price_fair": 153.13,
            "eps_avg_yearly": 4.38,
            "eps_latest_yearly": 9.72,
            "eps_growth_yearly": 46.19
        },
        "20154": {
            "year_quarter": 20154,
            "year": 2015,
            "quarter": 4,
            "eps": 1.88,
            "eps_growth_year": 10.59,
            "eps_4q": 7.53,
            "eps_4q_growth_year": 54.54,
            "roe": 6.29,
            "roe_4q": 27.17,
            "gross_profit": 1234403,
            "gross_margin": 24.56,
            "gross_margin_4q_avg": 24.18,
            "net_income": 597985,
            "net_income_4q": null,
            "revenue": 5025558,
            "revenue_4q": null,
            "common_shares": 3175051,
            "book_valuer_per_share": 30.49,
            "book_valuer_per_share_4q_avg": 28.34,
            "equity": 9691780,
            "current_ratio": 199.77,
            "debt_ratio": 45.27,
            "inventory_turnover_ratio": 1.95,
            "account_receivable_turnover_ratio": 0.7,
            "reinvestment_rate": -69.38,
            "research_to_sale_ratio": 0.89,
            "price_fair": 164.85,
            "eps_avg_yearly": 4.71,
            "eps_latest_yearly": 7.52,
            "eps_growth_yearly": 52.16
        },
        "20161": {
            "year_quarter": 20161,
            "year": 2016,
            "quarter": 1,
            "eps": 1.75,
            "eps_growth_year": 1.74,
            "eps_4q": 7.55,
            "eps_4q_growth_year": 30.39,
            "roe": 5.6,
            "roe_4q": 26.31,
            "gross_profit": 1195096,
            "gross_margin": 24.79,
            "gross_margin_4q_avg": 24.68,
            "net_income": 557910,
            "net_income_4q": null,
            "revenue": 4821171,
            "revenue_4q": null,
            "common_shares": 3181231,
            "book_valuer_per_share": 32.09,
            "book_valuer_per_share_4q_avg": 29.52,
            "equity": 10220285,
            "current_ratio": 218.67,
            "debt_ratio": 42.12,
            "inventory_turnover_ratio": 2,
            "account_receivable_turnover_ratio": 0.74,
            "reinvestment_rate": -67.87,
            "research_to_sale_ratio": 0.84,
            "price_fair": 171.68,
            "eps_avg_yearly": 4.91,
            "eps_latest_yearly": 7,
            "eps_growth_yearly": 30.53
        },
        "20162": {
            "year_quarter": 20162,
            "year": 2016,
            "quarter": 2,
            "eps": 1.87,
            "eps_growth_year": 23.84,
            "eps_4q": 7.91,
            "eps_4q_growth_year": 24.25,
            "roe": 6.12,
            "roe_4q": 26.769999999999996,
            "gross_profit": 1372095,
            "gross_margin": 26.05,
            "gross_margin_4q_avg": 25.29,
            "net_income": 596350,
            "net_income_4q": null,
            "revenue": 5268002,
            "revenue_4q": null,
            "common_shares": 3186591,
            "book_valuer_per_share": 29.08,
            "book_valuer_per_share_4q_avg": 30.26,
            "equity": 9277262,
            "current_ratio": 172.89,
            "debt_ratio": 49.99,
            "inventory_turnover_ratio": 1.9,
            "account_receivable_turnover_ratio": 0.8,
            "reinvestment_rate": -70.47,
            "research_to_sale_ratio": 1.11,
            "price_fair": 180.6,
            "eps_avg_yearly": 5.16,
            "eps_latest_yearly": 7.48,
            "eps_growth_yearly": 35.33
        },
        "20163": {
            "year_quarter": 20163,
            "year": 2016,
            "quarter": 3,
            "eps": 2.59,
            "eps_growth_year": 6.58,
            "eps_4q": 8.07,
            "eps_4q_growth_year": 9.95,
            "roe": 8.62,
            "roe_4q": 26.629999999999995,
            "gross_profit": 1649397,
            "gross_margin": 27.03,
            "gross_margin_4q_avg": 25.61,
            "net_income": 825012,
            "net_income_4q": null,
            "revenue": 6102864,
            "revenue_4q": null,
            "common_shares": 3188811,
            "book_valuer_per_share": 30.91,
            "book_valuer_per_share_4q_avg": 30.64,
            "equity": 9866932,
            "current_ratio": 191.54,
            "debt_ratio": 46.05,
            "inventory_turnover_ratio": 1.97,
            "account_receivable_turnover_ratio": 0.85,
            "reinvestment_rate": -67.98,
            "research_to_sale_ratio": 0.79,
            "price_fair": 193.46,
            "eps_avg_yearly": 5.53,
            "eps_latest_yearly": 10.36,
            "eps_growth_yearly": 37.02
        },
        "20164": {
            "year_quarter": 20164,
            "year": 2016,
            "quarter": 4,
            "eps": 2.49,
            "eps_growth_year": 32.3,
            "eps_4q": 8.69,
            "eps_4q_growth_year": 15.44,
            "roe": 7.8,
            "roe_4q": 28.14,
            "gross_profit": 1548951,
            "gross_margin": 26.35,
            "gross_margin_4q_avg": 26.06,
            "net_income": 794737,
            "net_income_4q": null,
            "revenue": 5877547,
            "revenue_4q": null,
            "common_shares": 3189211,
            "book_valuer_per_share": 32.93,
            "book_valuer_per_share_4q_avg": 31.25,
            "equity": 10511972,
            "current_ratio": 195.01,
            "debt_ratio": 45.34,
            "inventory_turnover_ratio": 2.01,
            "account_receivable_turnover_ratio": 0.77,
            "reinvestment_rate": -65.2,
            "research_to_sale_ratio": 0.95,
            "price_fair": 208.6,
            "eps_avg_yearly": 5.96,
            "eps_latest_yearly": 9.96,
            "eps_growth_yearly": 44.09
        },
        "20171": {
            "year_quarter": 20171,
            "year": 2017,
            "quarter": 1,
            "eps": 2.26,
            "eps_growth_year": 29.14,
            "eps_4q": 9.2,
            "eps_4q_growth_year": 21.75,
            "roe": 6.76,
            "roe_4q": 29.3,
            "gross_profit": 1404617,
            "gross_margin": 24.36,
            "gross_margin_4q_avg": 25.95,
            "net_income": 721852,
            "net_income_4q": null,
            "revenue": 5766580,
            "revenue_4q": null,
            "common_shares": 3189871,
            "book_valuer_per_share": 34.01,
            "book_valuer_per_share_4q_avg": 31.73,
            "equity": 10860519,
            "current_ratio": 197.7,
            "debt_ratio": 45.56,
            "inventory_turnover_ratio": 2,
            "account_receivable_turnover_ratio": 0.76,
            "reinvestment_rate": -1.37,
            "research_to_sale_ratio": 0.82,
            "price_fair": 223.04,
            "eps_avg_yearly": 6.37,
            "eps_latest_yearly": 9.04,
            "eps_growth_yearly": 46.71
        },
        "20172": {
            "year_quarter": 20172,
            "year": 2017,
            "quarter": 2,
            "eps": 2.29,
            "eps_growth_year": 22.46,
            "eps_4q": 9.62,
            "eps_4q_growth_year": 21.7,
            "roe": 6.91,
            "roe_4q": 30.089999999999996,
            "gross_profit": 1578601,
            "gross_margin": 26.39,
            "gross_margin_4q_avg": 26.03,
            "net_income": 733232,
            "net_income_4q": null,
            "revenue": 5981733,
            "revenue_4q": null,
            "common_shares": 3190661,
            "book_valuer_per_share": 32.41,
            "book_valuer_per_share_4q_avg": 32.57,
            "equity": 10355343,
            "current_ratio": 185.82,
            "debt_ratio": 50.97,
            "inventory_turnover_ratio": 1.83,
            "account_receivable_turnover_ratio": 0.79,
            "reinvestment_rate": -0.9,
            "research_to_sale_ratio": 1.07,
            "price_fair": 237.65,
            "eps_avg_yearly": 6.79,
            "eps_latest_yearly": 9.16,
            "eps_growth_yearly": 46.63
        },
        "20173": {
            "year_quarter": 20173,
            "year": 2017,
            "quarter": 3,
            "eps": 2.41,
            "eps_growth_year": -6.95,
            "eps_4q": 9.44,
            "eps_4q_growth_year": 16.95,
            "roe": 7.13,
            "roe_4q": 28.599999999999998,
            "gross_profit": 1584110,
            "gross_margin": 25.8,
            "gross_margin_4q_avg": 25.73,
            "net_income": 772048,
            "net_income_4q": null,
            "revenue": 6140750,
            "revenue_4q": null,
            "common_shares": 3196524,
            "book_valuer_per_share": 35.31,
            "book_valuer_per_share_4q_avg": 33.67,
            "equity": 11297399,
            "current_ratio": 215.08,
            "debt_ratio": 49.13,
            "inventory_turnover_ratio": 1.75,
            "account_receivable_turnover_ratio": 0.79,
            "reinvestment_rate": -0.79,
            "research_to_sale_ratio": 1.36,
            "price_fair": 251.13,
            "eps_avg_yearly": 7.18,
            "eps_latest_yearly": 9.64,
            "eps_growth_yearly": 37.86
        },
        "20174": {
            "year_quarter": 20174,
            "year": 2017,
            "quarter": 4,
            "eps": 1.77,
            "eps_growth_year": -28.7,
            "eps_4q": 8.73,
            "eps_4q_growth_year": 0.51,
            "roe": 4.9,
            "roe_4q": 25.700000000000003,
            "gross_profit": 1260650,
            "gross_margin": 22.04,
            "gross_margin_4q_avg": 24.65,
            "net_income": 568044,
            "net_income_4q": null,
            "revenue": 5720920,
            "revenue_4q": null,
            "common_shares": 3196524,
            "book_valuer_per_share": 37.14,
            "book_valuer_per_share_4q_avg": 34.72,
            "equity": 11883512,
            "current_ratio": 222.84,
            "debt_ratio": 42.87,
            "inventory_turnover_ratio": 1.69,
            "account_receivable_turnover_ratio": 0.75,
            "reinvestment_rate": -3.05,
            "research_to_sale_ratio": 1.45,
            "price_fair": 261.45,
            "eps_avg_yearly": 7.47,
            "eps_latest_yearly": 7.08,
            "eps_growth_yearly": 39.27
        },
        "20181": {
            "year_quarter": 20181,
            "year": 2018,
            "quarter": 1,
            "eps": 0.86,
            "eps_growth_year": -61.95,
            "eps_4q": 7.34,
            "eps_4q_growth_year": -20.22,
            "roe": 2.28,
            "roe_4q": 21.22,
            "gross_profit": 1002485,
            "gross_margin": 18.87,
            "gross_margin_4q_avg": 23.28,
            "net_income": 276070,
            "net_income_4q": null,
            "revenue": 5312378,
            "revenue_4q": null,
            "common_shares": 3196524,
            "book_valuer_per_share": 38.47,
            "book_valuer_per_share_4q_avg": 35.83,
            "equity": 12310943,
            "current_ratio": 237.19,
            "debt_ratio": 41.71,
            "inventory_turnover_ratio": 1.67,
            "account_receivable_turnover_ratio": 0.73,
            "reinvestment_rate": -2.35,
            "research_to_sale_ratio": 1.65,
            "price_fair": 205.99,
            "eps_avg_yearly": 7.49,
            "eps_latest_yearly": 3.44,
            "eps_growth_yearly": 17.52
        },
        "20182": {
            "year_quarter": 20182,
            "year": 2018,
            "quarter": 2,
            "eps": 1.25,
            "eps_growth_year": -45.41,
            "eps_4q": 6.29,
            "eps_4q_growth_year": -34.59,
            "roe": 3.41,
            "roe_4q": 17.72,
            "gross_profit": 1169358,
            "gross_margin": 20.46,
            "gross_margin_4q_avg": 21.79,
            "net_income": 399261,
            "net_income_4q": null,
            "revenue": 5715905,
            "revenue_4q": null,
            "common_shares": 3196524,
            "book_valuer_per_share": 34.6,
            "book_valuer_per_share_4q_avg": 36.38,
            "equity": 11073486,
            "current_ratio": 192.33,
            "debt_ratio": 49.49,
            "inventory_turnover_ratio": 1.75,
            "account_receivable_turnover_ratio": 0.78,
            "reinvestment_rate": -1.67,
            "research_to_sale_ratio": 1.59,
            "price_fair": 258.32,
            "eps_avg_yearly": 7.56,
            "eps_latest_yearly": 5,
            "eps_growth_yearly": 24.17
        },
        "20183": {
            "year_quarter": 20183,
            "year": 2018,
            "quarter": 3,
            "eps": 2.04,
            "eps_growth_year": -15.35,
            "eps_4q": 5.92,
            "eps_4q_growth_year": -37.29,
            "roe": 5.8,
            "roe_4q": 16.39,
            "gross_profit": 1425151,
            "gross_margin": 22.06,
            "gross_margin_4q_avg": 20.86,
            "net_income": 652010,
            "net_income_4q": null,
            "revenue": 6459035,
            "revenue_4q": null,
            "common_shares": 3196524,
            "book_valuer_per_share": 35.67,
            "book_valuer_per_share_4q_avg": 36.47,
            "equity": 11414625,
            "current_ratio": 197.95,
            "debt_ratio": 49.39,
            "inventory_turnover_ratio": 1.89,
            "account_receivable_turnover_ratio": 0.83,
            "reinvestment_rate": -1.51,
            "research_to_sale_ratio": 1.68,
            "price_fair": 269.68,
            "eps_avg_yearly": 7.71,
            "eps_latest_yearly": 8.16,
            "eps_growth_yearly": 26.55
        },
        "20184": {
            "year_quarter": 20184,
            "year": 2018,
            "quarter": 4,
            "eps": 1.33,
            "eps_growth_year": -24.83,
            "eps_4q": 5.48,
            "eps_4q_growth_year": -37.25,
            "roe": 3.66,
            "roe_4q": 15.15,
            "gross_profit": 979256,
            "gross_margin": 18.12,
            "gross_margin_4q_avg": 19.88,
            "net_income": 427092,
            "net_income_4q": null,
            "revenue": 5403610,
            "revenue_4q": null,
            "common_shares": 3196524,
            "book_valuer_per_share": 37.23,
            "book_valuer_per_share_4q_avg": 36.49,
            "equity": 11914790,
            "current_ratio": 225.4,
            "debt_ratio": 45.75,
            "inventory_turnover_ratio": 1.79,
            "account_receivable_turnover_ratio": 0.69,
            "reinvestment_rate": -1.86,
            "research_to_sale_ratio": 2.38,
            "price_fair": 180.7,
            "eps_avg_yearly": 7.61,
            "eps_latest_yearly": 5.32,
            "eps_growth_yearly": 13.74
        },
        "20191": {
            "year_quarter": 20191,
            "year": 2019,
            "quarter": 1,
            "eps": 1.49,
            "eps_growth_year": 73.26,
            "eps_4q": 6.1,
            "eps_4q_growth_year": -16.83,
            "roe": 3.88,
            "roe_4q": 16.75,
            "gross_profit": 1074005,
            "gross_margin": 21.18,
            "gross_margin_4q_avg": 20.46,
            "net_income": 475656,
            "net_income_4q": null,
            "revenue": 5071679,
            "revenue_4q": null,
            "common_shares": 3196524,
            "book_valuer_per_share": 39.44,
            "book_valuer_per_share_4q_avg": 36.74,
            "equity": 12623715,
            "current_ratio": 244.46,
            "debt_ratio": 42.98,
            "inventory_turnover_ratio": 1.73,
            "account_receivable_turnover_ratio": 0.69,
            "reinvestment_rate": 0.89,
            "research_to_sale_ratio": 2.11,
            "price_fair": 199.84,
            "eps_avg_yearly": 7.56,
            "eps_latest_yearly": 5.96,
            "eps_growth_yearly": 16.45
        },
        "20192": {
            "year_quarter": 20192,
            "year": 2019,
            "quarter": 2,
            "eps": 2.1,
            "eps_growth_year": 68,
            "eps_4q": 6.96,
            "eps_4q_growth_year": 10.51,
            "roe": 5.47,
            "roe_4q": 18.81,
            "gross_profit": 1481619,
            "gross_margin": 24.54,
            "gross_margin_4q_avg": 21.48,
            "net_income": 672254,
            "net_income_4q": null,
            "revenue": 6038329,
            "revenue_4q": null,
            "common_shares": 3196524,
            "book_valuer_per_share": 37.32,
            "book_valuer_per_share_4q_avg": 37.42,
            "equity": 11945504,
            "current_ratio": 178.22,
            "debt_ratio": 49.66,
            "inventory_turnover_ratio": 1.76,
            "account_receivable_turnover_ratio": 0.79,
            "reinvestment_rate": 2.24,
            "research_to_sale_ratio": 2.29,
            "price_fair": 269.59,
            "eps_avg_yearly": 7.7,
            "eps_latest_yearly": 8.4,
            "eps_growth_yearly": 29.74
        },
        "20193": {
            "year_quarter": 20193,
            "year": 2019,
            "quarter": 3,
            "eps": 3,
            "eps_growth_year": 47.06,
            "eps_4q": 7.92,
            "eps_4q_growth_year": 33.76,
            "roe": 7.85,
            "roe_4q": 20.86,
            "gross_profit": 1823118,
            "gross_margin": 26.14,
            "gross_margin_4q_avg": 22.5,
            "net_income": 960242,
            "net_income_4q": null,
            "revenue": 6975151,
            "revenue_4q": null,
            "common_shares": 3197080,
            "book_valuer_per_share": 39.11,
            "book_valuer_per_share_4q_avg": 38.28,
            "equity": 12517827,
            "current_ratio": 185.4,
            "debt_ratio": 48.35,
            "inventory_turnover_ratio": 1.86,
            "account_receivable_turnover_ratio": 0.81,
            "reinvestment_rate": 4.88,
            "research_to_sale_ratio": 1.63,
            "price_fair": 274.58,
            "eps_avg_yearly": 7.85,
            "eps_latest_yearly": 12,
            "eps_growth_yearly": 25.22
        },
        "20194": {
            "year_quarter": 20194,
            "year": 2019,
            "quarter": 4,
            "eps": 3.55,
            "eps_growth_year": 166.33,
            "eps_4q": 10.14,
            "eps_4q_growth_year": 85.01,
            "roe": 8.73,
            "roe_4q": 25.929999999999996,
            "gross_profit": 1721561,
            "gross_margin": 25.39,
            "gross_margin_4q_avg": 24.31,
            "net_income": 1137149,
            "net_income_4q": null,
            "revenue": 6780363,
            "revenue_4q": null,
            "common_shares": 3197080,
            "book_valuer_per_share": 42.29,
            "book_valuer_per_share_4q_avg": 39.54,
            "equity": 13536569,
            "current_ratio": 182.47,
            "debt_ratio": 47.34,
            "inventory_turnover_ratio": 1.78,
            "account_receivable_turnover_ratio": 0.74,
            "reinvestment_rate": 11.41,
            "research_to_sale_ratio": 2.09,
            "price_fair": 289.19,
            "eps_avg_yearly": 8.26,
            "eps_latest_yearly": 14.2,
            "eps_growth_yearly": 35.46
        },
        "20201": {
            "year_quarter": 20201,
            "year": 2020,
            "quarter": 1,
            "eps": 2.29,
            "eps_growth_year": 53.69,
            "eps_4q": 10.94,
            "eps_4q_growth_year": 79.27,
            "roe": 5.3,
            "roe_4q": 27.35,
            "gross_profit": 1430514,
            "gross_margin": 24.21,
            "gross_margin_4q_avg": 25.07,
            "net_income": 732947,
            "net_income_4q": null,
            "revenue": 5909009,
            "revenue_4q": null,
            "common_shares": 3197080,
            "book_valuer_per_share": 44.17,
            "book_valuer_per_share_4q_avg": 40.72,
            "equity": 14139978,
            "current_ratio": 194.7,
            "debt_ratio": 45.25,
            "inventory_turnover_ratio": 1.42,
            "account_receivable_turnover_ratio": 0.68,
            "reinvestment_rate": 11.18,
            "research_to_sale_ratio": 1.99,
            "price_fair": 293.91,
            "eps_avg_yearly": 8.4,
            "eps_latest_yearly": 9.16,
            "eps_growth_yearly": 28.32
        },
        "20202": {
            "year_quarter": 20202,
            "year": 2020,
            "quarter": 2,
            "eps": 2.69,
            "eps_growth_year": 28.1,
            "eps_4q": 11.35,
            "eps_4q_growth_year": 63.11,
            "roe": 6.24,
            "roe_4q": 28.119999999999997,
            "gross_profit": 1675367,
            "gross_margin": 26.59,
            "gross_margin_4q_avg": 25.58,
            "net_income": 860735,
            "net_income_4q": null,
            "revenue": 6300672,
            "revenue_4q": null,
            "common_shares": 3248683,
            "book_valuer_per_share": 41.33,
            "book_valuer_per_share_4q_avg": 41.73,
            "equity": 13445229,
            "current_ratio": 192.42,
            "debt_ratio": 48.79,
            "inventory_turnover_ratio": 1.38,
            "account_receivable_turnover_ratio": 0.76,
            "reinvestment_rate": 11.64,
            "research_to_sale_ratio": 2.5,
            "price_fair": 301.09,
            "eps_avg_yearly": 8.6,
            "eps_latest_yearly": 10.76,
            "eps_growth_yearly": 30.97
        },
        "20203": {
            "year_quarter": 20203,
            "year": 2020,
            "quarter": 3,
            "eps": 3.4,
            "eps_growth_year": 13.33,
            "eps_4q": 11.56,
            "eps_4q_growth_year": 46.02,
            "roe": 7.75,
            "roe_4q": 28.02,
            "gross_profit": 2057849,
            "gross_margin": 27.53,
            "gross_margin_4q_avg": 25.93,
            "net_income": 1123624,
            "net_income_4q": null,
            "revenue": 7473798,
            "revenue_4q": null,
            "common_shares": 3329183,
            "book_valuer_per_share": 46.61,
            "book_valuer_per_share_4q_avg": 43.6,
            "equity": 15533429,
            "current_ratio": 202.9,
            "debt_ratio": 41.17,
            "inventory_turnover_ratio": 1.5,
            "account_receivable_turnover_ratio": 0.83,
            "reinvestment_rate": 12.64,
            "research_to_sale_ratio": 2,
            "price_fair": 308.18,
            "eps_avg_yearly": 8.81,
            "eps_latest_yearly": 13.6,
            "eps_growth_yearly": 27.94
        },
        "20204": {
            "year_quarter": 20204,
            "year": 2020,
            "quarter": 4,
            "eps": 2.93,
            "eps_growth_year": -17.51,
            "eps_4q": 11.08,
            "eps_4q_growth_year": 9.31,
            "roe": 6.05,
            "roe_4q": 25.34,
            "gross_profit": 1876299,
            "gross_margin": 24.96,
            "gross_margin_4q_avg": 25.82,
            "net_income": 976964,
            "net_income_4q": null,
            "revenue": 7517307,
            "revenue_4q": null,
            "common_shares": 3329183,
            "book_valuer_per_share": 50.28,
            "book_valuer_per_share_4q_avg": 45.6,
            "equity": 16755509,
            "current_ratio": 203.55,
            "debt_ratio": 39.85,
            "inventory_turnover_ratio": 1.48,
            "account_receivable_turnover_ratio": 0.77,
            "reinvestment_rate": 16.56,
            "research_to_sale_ratio": 2.1,
            "price_fair": 312.03,
            "eps_avg_yearly": 8.92,
            "eps_latest_yearly": 11.72,
            "eps_growth_yearly": 25.45
        },
        "20211": {
            "year_quarter": 20211,
            "year": 2021,
            "quarter": 1,
            "eps": 2.89,
            "eps_growth_year": 26.2,
            "eps_4q": 11.78,
            "eps_4q_growth_year": 7.63,
            "roe": 5.61,
            "roe_4q": 25.65,
            "gross_profit": 1887015,
            "gross_margin": 23.58,
            "gross_margin_4q_avg": 25.67,
            "net_income": 964562,
            "net_income_4q": null,
            "revenue": 8003723,
            "revenue_4q": null,
            "common_shares": 3329183,
            "book_valuer_per_share": 52.91,
            "book_valuer_per_share_4q_avg": 47.78,
            "equity": 17632927,
            "current_ratio": 193.72,
            "debt_ratio": 42.39,
            "inventory_turnover_ratio": 1.51,
            "account_receivable_turnover_ratio": 0.78,
            "reinvestment_rate": 17.92,
            "research_to_sale_ratio": 1.91,
            "price_fair": 317.54,
            "eps_avg_yearly": 9.07,
            "eps_latest_yearly": 11.56,
            "eps_growth_yearly": 27.42
        },
        "20212": {
            "year_quarter": 20212,
            "year": 2021,
            "quarter": 2,
            "eps": 3.75,
            "eps_growth_year": 39.41,
            "eps_4q": 12.95,
            "eps_4q_growth_year": 14.11,
            "roe": 7.34,
            "roe_4q": 26.75,
            "gross_profit": 2345843,
            "gross_margin": 24.54,
            "gross_margin_4q_avg": 25.15,
            "net_income": 1250929,
            "net_income_4q": null,
            "revenue": 9557891,
            "revenue_4q": null,
            "common_shares": 3329183,
            "book_valuer_per_share": 49.31,
            "book_valuer_per_share_4q_avg": 49.78,
            "equity": 16436195,
            "current_ratio": 158.68,
            "debt_ratio": 50.96,
            "inventory_turnover_ratio": 1.56,
            "account_receivable_turnover_ratio": 0.85,
            "reinvestment_rate": 21.64,
            "research_to_sale_ratio": 2,
            "price_fair": 330.31,
            "eps_avg_yearly": 9.44,
            "eps_latest_yearly": 15,
            "eps_growth_yearly": 34.53
        },
        "20213": {
            "year_quarter": 20213,
            "year": 2021,
            "quarter": 3,
            "eps": 5.38,
            "eps_growth_year": 58.24,
            "eps_4q": 14.96,
            "eps_4q_growth_year": 29.35,
            "roe": 10.36,
            "roe_4q": 29.36,
            "gross_profit": 3077716,
            "gross_margin": 28.56,
            "gross_margin_4q_avg": 25.41,
            "net_income": 1793061,
            "net_income_4q": null,
            "revenue": 10776448,
            "revenue_4q": null,
            "common_shares": 3329183,
            "book_valuer_per_share": 54.54,
            "book_valuer_per_share_4q_avg": 51.76,
            "equity": 18177618,
            "current_ratio": 172.09,
            "debt_ratio": 48.15,
            "inventory_turnover_ratio": 1.51,
            "account_receivable_turnover_ratio": 0.84,
            "reinvestment_rate": 22.64,
            "research_to_sale_ratio": 1.68,
            "price_fair": 356.3,
            "eps_avg_yearly": 10.18,
            "eps_latest_yearly": 21.52,
            "eps_growth_yearly": 44.09
        },
        "20214": {
            "year_quarter": 20214,
            "year": 2021,
            "quarter": 4,
            "eps": 4.47,
            "eps_growth_year": 52.7,
            "eps_4q": 16.5,
            "eps_4q_growth_year": 48.91,
            "roe": 7.86,
            "roe_4q": 31.169999999999998,
            "gross_profit": 2757980,
            "gross_margin": 27.14,
            "gross_margin_4q_avg": 25.96,
            "net_income": 1491605,
            "net_income_4q": null,
            "revenue": 10161964,
            "revenue_4q": null,
            "common_shares": 3329183,
            "book_valuer_per_share": 59.33,
            "book_valuer_per_share_4q_avg": 54.02,
            "equity": 19773887,
            "current_ratio": 178.41,
            "debt_ratio": 45.92,
            "inventory_turnover_ratio": 1.37,
            "account_receivable_turnover_ratio": 0.76,
            "reinvestment_rate": 25.74,
            "research_to_sale_ratio": 2.42,
            "price_fair": 379.93,
            "eps_avg_yearly": 10.86,
            "eps_latest_yearly": 17.88,
            "eps_growth_yearly": 46.5
        },
        "20221": {
            "year_quarter": 20221,
            "year": 2022,
            "quarter": 1,
            "eps": 3.98,
            "eps_growth_year": 37.72,
            "eps_4q": 17.58,
            "eps_4q_growth_year": 49.32,
            "roe": 6.4,
            "roe_4q": 31.96,
            "gross_profit": 2477846,
            "gross_margin": 24.98,
            "gross_margin_4q_avg": 26.31,
            "net_income": 1325520,
            "net_income_4q": null,
            "revenue": 9918460,
            "revenue_4q": null,
            "common_shares": 3329183,
            "book_valuer_per_share": 64.97,
            "book_valuer_per_share_4q_avg": 57.04,
            "equity": 21652127,
            "current_ratio": 173.94,
            "debt_ratio": 45.93,
            "inventory_turnover_ratio": 1.36,
            "account_receivable_turnover_ratio": 0.75,
            "reinvestment_rate": 35.39,
            "research_to_sale_ratio": 2.09,
            "price_fair": 407.23,
            "eps_avg_yearly": 11.64,
            "eps_latest_yearly": 15.92,
            "eps_growth_yearly": 56.61
        },
        "20222": {
            "year_quarter": 20222,
            "year": 2022,
            "quarter": 2,
            "eps": 3.25,
            "eps_growth_year": -13.33,
            "eps_4q": 17.08,
            "eps_4q_growth_year": 31.95,
            "roe": 5.28,
            "roe_4q": 29.9,
            "gross_profit": 2296802,
            "gross_margin": 23.01,
            "gross_margin_4q_avg": 25.92,
            "net_income": 1083968,
            "net_income_4q": null,
            "revenue": 9983283,
            "revenue_4q": null,
            "common_shares": 3329183,
            "book_valuer_per_share": 58.26,
            "book_valuer_per_share_4q_avg": 59.28,
            "equity": 19421403,
            "current_ratio": 150.65,
            "debt_ratio": 56.51,
            "inventory_turnover_ratio": 1.32,
            "account_receivable_turnover_ratio": 0.75,
            "reinvestment_rate": 49.1,
            "research_to_sale_ratio": 2.08,
            "price_fair": 424.73,
            "eps_avg_yearly": 12.14,
            "eps_latest_yearly": 13,
            "eps_growth_yearly": 40.69
        },
        "20223": {
            "year_quarter": 20223,
            "year": 2022,
            "quarter": 3,
            "eps": 3.93,
            "eps_growth_year": -26.95,
            "eps_4q": 15.63,
            "eps_4q_growth_year": 4.51,
            "roe": 6.48,
            "roe_4q": 26.020000000000003,
            "gross_profit": 2548738,
            "gross_margin": 25.79,
            "gross_margin_4q_avg": 25.23,
            "net_income": 1307667,
            "net_income_4q": null,
            "revenue": 9882771,
            "revenue_4q": null,
            "common_shares": 3329183,
            "book_valuer_per_share": 62.92,
            "book_valuer_per_share_4q_avg": 61.37,
            "equity": 20947638,
            "current_ratio": 166.4,
            "debt_ratio": 49.75,
            "inventory_turnover_ratio": 1.34,
            "account_receivable_turnover_ratio": 0.74,
            "reinvestment_rate": 53.1,
            "research_to_sale_ratio": 2.81,
            "price_fair": 441.26,
            "eps_avg_yearly": 12.61,
            "eps_latest_yearly": 15.72,
            "eps_growth_yearly": 30.12
        },
        "20224": {
            "year_quarter": 20224,
            "year": 2022,
            "quarter": 4,
            "eps": 4.08,
            "eps_growth_year": -8.78,
            "eps_4q": 15.24,
            "eps_4q_growth_year": -7.65,
            "roe": 6.32,
            "roe_4q": 24.480000000000004,
            "gross_profit": 2386676,
            "gross_margin": 26.85,
            "gross_margin_4q_avg": 25.16,
            "net_income": 1359085,
            "net_income_4q": null,
            "revenue": 8888035,
            "revenue_4q": null,
            "common_shares": 3329183,
            "book_valuer_per_share": 66.31,
            "book_valuer_per_share_4q_avg": 63.12,
            "equity": 22074564,
            "current_ratio": 168.65,
            "debt_ratio": 49.12,
            "inventory_turnover_ratio": 1.45,
            "account_receivable_turnover_ratio": 0.71,
            "reinvestment_rate": 55.68,
            "research_to_sale_ratio": 2.93,
            "price_fair": 465.33,
            "eps_avg_yearly": 13.3,
            "eps_latest_yearly": 16.32,
            "eps_growth_yearly": 39.77
        },
        "20231": {
            "year_quarter": 20231,
            "year": 2023,
            "quarter": 1,
            "eps": 1.44,
            "eps_growth_year": -63.82,
            "eps_4q": 12.7,
            "eps_4q_growth_year": -27.76,
            "roe": 2.29,
            "roe_4q": 20.37,
            "gross_profit": 1572042,
            "gross_margin": 21.36,
            "gross_margin_4q_avg": 24.25,
            "net_income": 479696,
            "net_income_4q": null,
            "revenue": 7359127,
            "revenue_4q": null,
            "common_shares": 3329183,
            "book_valuer_per_share": 59.47,
            "book_valuer_per_share_4q_avg": 61.74,
            "equity": 19798773,
            "current_ratio": 138.48,
            "debt_ratio": 57.18,
            "inventory_turnover_ratio": 1.45,
            "account_receivable_turnover_ratio": 0.68,
            "reinvestment_rate": 57.79,
            "research_to_sale_ratio": 3.48,
            "price_fair": 406.28,
            "eps_avg_yearly": 13.28,
            "eps_latest_yearly": 5.76,
            "eps_growth_yearly": 20.59
        },
        "20232": {
            "year_quarter": 20232,
            "year": 2023,
            "quarter": 2,
            "eps": 3,
            "eps_growth_year": -7.69,
            "eps_4q": 12.45,
            "eps_4q_growth_year": -27.1,
            "roe": 4.99,
            "roe_4q": 20.080000000000002,
            "gross_profit": 2525129,
            "gross_margin": 27.51,
            "gross_margin_4q_avg": 25.38,
            "net_income": 1000301,
            "net_income_4q": null,
            "revenue": 9180446,
            "revenue_4q": null,
            "common_shares": 3329183,
            "book_valuer_per_share": 60.96,
            "book_valuer_per_share_4q_avg": 62.42,
            "equity": 20293226,
            "current_ratio": 138.56,
            "debt_ratio": 57.69,
            "inventory_turnover_ratio": 1.73,
            "account_receivable_turnover_ratio": 0.86,
            "reinvestment_rate": 57.79,
            "research_to_sale_ratio": 3.07,
            "price_fair": 472.76,
            "eps_avg_yearly": 13.51,
            "eps_latest_yearly": 12,
            "eps_growth_yearly": 37.44
        },
        "20233": {
            "year_quarter": 20233,
            "year": 2023,
            "quarter": 3,
            "eps": 6.04,
            "eps_growth_year": 53.69,
            "eps_4q": 14.23,
            "eps_4q_growth_year": -8.95,
            "roe": 8.96,
            "roe_4q": 22.560000000000002,
            "gross_profit": 3584128,
            "gross_margin": 30.18,
            "gross_margin_4q_avg": 26.48,
            "net_income": 2022431,
            "net_income_4q": null,
            "revenue": 11874501,
            "revenue_4q": null,
            "common_shares": 3416111,
            "book_valuer_per_share": 72.79,
            "book_valuer_per_share_4q_avg": 64.88,
            "equity": 24864982,
            "current_ratio": 140.52,
            "debt_ratio": 52.1,
            "inventory_turnover_ratio": 1.73,
            "account_receivable_turnover_ratio": 0.87,
            "reinvestment_rate": 61.83,
            "research_to_sale_ratio": 2.83,
            "price_fair": 499.36,
            "eps_avg_yearly": 14.27,
            "eps_latest_yearly": 24.16,
            "eps_growth_yearly": 52.05
        }
    },
    "months": {
        "2001-06": {
            "month": "2001-06",
            "price": "20.20",
            "revenue": 111328
        },
        "2001-07": {
            "month": "2001-07",
            "price": "15.15",
            "revenue": 121899
        },
        "2001-08": {
            "month": "2001-08",
            "price": "12.75",
            "revenue": 146421
        },
        "2001-09": {
            "month": "2001-09",
            "price": "8.45",
            "revenue": 135353
        },
        "2001-10": {
            "month": "2001-10",
            "price": "7.32",
            "revenue": 129623
        },
        "2001-11": {
            "month": "2001-11",
            "price": "8.78",
            "revenue": 130410
        },
        "2001-12": {
            "month": "2001-12",
            "price": "13.04",
            "revenue": 94940
        },
        "2002-01": {
            "month": "2002-01",
            "price": "16.07",
            "revenue": 114391
        },
        "2002-02": {
            "month": "2002-02",
            "price": "15.90",
            "revenue": 92873
        },
        "2002-03": {
            "month": "2002-03",
            "price": "16.76",
            "revenue": 116897
        },
        "2002-04": {
            "month": "2002-04",
            "price": "18.75",
            "revenue": 121427
        },
        "2002-05": {
            "month": "2002-05",
            "price": "15.66",
            "revenue": 121908
        },
        "2002-06": {
            "month": "2002-06",
            "price": "14.12",
            "revenue": 101473
        },
        "2002-07": {
            "month": "2002-07",
            "price": "11.60",
            "revenue": 125905
        },
        "2002-08": {
            "month": "2002-08",
            "price": "10.39",
            "revenue": 103169
        },
        "2002-09": {
            "month": "2002-09",
            "price": "9.28",
            "revenue": 83789
        },
        "2002-10": {
            "month": "2002-10",
            "price": "7.99",
            "revenue": 123412
        },
        "2002-11": {
            "month": "2002-11",
            "price": "8.78",
            "revenue": 112093
        },
        "2002-12": {
            "month": "2002-12",
            "price": "8.24",
            "revenue": 97179
        },
        "2003-01": {
            "month": "2003-01",
            "price": "7.94",
            "revenue": 113508
        },
        "2003-02": {
            "month": "2003-02",
            "price": "7.36",
            "revenue": 90915
        },
        "2003-03": {
            "month": "2003-03",
            "price": "6.90",
            "revenue": 113241
        },
        "2003-04": {
            "month": "2003-04",
            "price": "6.99",
            "revenue": 119383
        },
        "2003-05": {
            "month": "2003-05",
            "price": "6.07",
            "revenue": 124941
        },
        "2003-06": {
            "month": "2003-06",
            "price": "8.45",
            "revenue": 90214
        },
        "2003-07": {
            "month": "2003-07",
            "price": "9.33",
            "revenue": 104570
        },
        "2003-08": {
            "month": "2003-08",
            "price": "7.88",
            "revenue": 125493
        },
        "2003-09": {
            "month": "2003-09",
            "price": "7.37",
            "revenue": 128388
        },
        "2003-10": {
            "month": "2003-10",
            "price": "7.60",
            "revenue": 147822
        },
        "2003-11": {
            "month": "2003-11",
            "price": "8.18",
            "revenue": 141442
        },
        "2003-12": {
            "month": "2003-12",
            "price": "8.58",
            "revenue": 124874
        },
        "2004-01": {
            "month": "2004-01",
            "price": "8.65",
            "revenue": 129346
        },
        "2004-02": {
            "month": "2004-02",
            "price": "10.14",
            "revenue": 127611
        },
        "2004-03": {
            "month": "2004-03",
            "price": "10.62",
            "revenue": 132114
        },
        "2004-04": {
            "month": "2004-04",
            "price": "12.15",
            "revenue": 142876
        },
        "2004-05": {
            "month": "2004-05",
            "price": "10.49",
            "revenue": 153580
        },
        "2004-06": {
            "month": "2004-06",
            "price": "9.06",
            "revenue": 153927
        },
        "2004-07": {
            "month": "2004-07",
            "price": "9.32",
            "revenue": 148910
        },
        "2004-08": {
            "month": "2004-08",
            "price": "9.50",
            "revenue": 135655
        },
        "2004-09": {
            "month": "2004-09",
            "price": "11.25",
            "revenue": 159841
        },
        "2004-10": {
            "month": "2004-10",
            "price": "10.74",
            "revenue": 186697
        },
        "2004-11": {
            "month": "2004-11",
            "price": "10.98",
            "revenue": 165255
        },
        "2004-12": {
            "month": "2004-12",
            "price": "10.68",
            "revenue": 120605
        },
        "2005-01": {
            "month": "2005-01",
            "price": "8.28",
            "revenue": 152767
        },
        "2005-02": {
            "month": "2005-02",
            "price": "8.25",
            "revenue": 117933
        },
        "2005-03": {
            "month": "2005-03",
            "price": "8.10",
            "revenue": 161225
        },
        "2005-04": {
            "month": "2005-04",
            "price": "7.36",
            "revenue": 146831
        },
        "2005-05": {
            "month": "2005-05",
            "price": "6.86",
            "revenue": 180998
        },
        "2005-06": {
            "month": "2005-06",
            "price": "8.81",
            "revenue": 184135
        },
        "2005-07": {
            "month": "2005-07",
            "price": "9.84",
            "revenue": 211103
        },
        "2005-08": {
            "month": "2005-08",
            "price": "9.47",
            "revenue": 215168
        },
        "2005-09": {
            "month": "2005-09",
            "price": "8.77",
            "revenue": 242690
        },
        "2005-10": {
            "month": "2005-10",
            "price": "8.63",
            "revenue": 258775
        },
        "2005-11": {
            "month": "2005-11",
            "price": "8.33",
            "revenue": 254838
        },
        "2005-12": {
            "month": "2005-12",
            "price": "10.07",
            "revenue": 264815
        },
        "2006-01": {
            "month": "2006-01",
            "price": "17.90",
            "revenue": 462829
        },
        "2006-02": {
            "month": "2006-02",
            "price": "15.80",
            "revenue": 466069
        },
        "2006-03": {
            "month": "2006-03",
            "price": "15.55",
            "revenue": 513408
        },
        "2006-04": {
            "month": "2006-04",
            "price": "17.72",
            "revenue": 509737
        },
        "2006-05": {
            "month": "2006-05",
            "price": "16.91",
            "revenue": 562707
        },
        "2006-06": {
            "month": "2006-06",
            "price": "13.06",
            "revenue": 617141
        },
        "2006-07": {
            "month": "2006-07",
            "price": "13.54",
            "revenue": 676436
        },
        "2006-08": {
            "month": "2006-08",
            "price": "13.56",
            "revenue": 708024
        },
        "2006-09": {
            "month": "2006-09",
            "price": "14.96",
            "revenue": 766651
        },
        "2006-10": {
            "month": "2006-10",
            "price": "16.81",
            "revenue": 731051
        },
        "2006-11": {
            "month": "2006-11",
            "price": "16.78",
            "revenue": 681958
        },
        "2006-12": {
            "month": "2006-12",
            "price": "17.66",
            "revenue": 623492
        },
        "2007-01": {
            "month": "2007-01",
            "price": "16.54",
            "revenue": 700064
        },
        "2007-02": {
            "month": "2007-02",
            "price": "15.79",
            "revenue": 529434
        },
        "2007-03": {
            "month": "2007-03",
            "price": "16.35",
            "revenue": 677862
        },
        "2007-04": {
            "month": "2007-04",
            "price": "17.57",
            "revenue": 639551
        },
        "2007-05": {
            "month": "2007-05",
            "price": "16.03",
            "revenue": 755920
        },
        "2007-06": {
            "month": "2007-06",
            "price": "17.00",
            "revenue": 731198
        },
        "2007-07": {
            "month": "2007-07",
            "price": "17.72",
            "revenue": 821012
        },
        "2007-08": {
            "month": "2007-08",
            "price": "17.82",
            "revenue": 755492
        },
        "2007-09": {
            "month": "2007-09",
            "price": "17.26",
            "revenue": 776230
        },
        "2007-10": {
            "month": "2007-10",
            "price": "16.39",
            "revenue": 819012
        },
        "2007-11": {
            "month": "2007-11",
            "price": "13.88",
            "revenue": 796723
        },
        "2007-12": {
            "month": "2007-12",
            "price": "11.77",
            "revenue": 620645
        },
        "2008-01": {
            "month": "2008-01",
            "price": "10.83",
            "revenue": 746546
        },
        "2008-02": {
            "month": "2008-02",
            "price": "10.72",
            "revenue": 642320
        },
        "2008-03": {
            "month": "2008-03",
            "price": "11.65",
            "revenue": 782600
        },
        "2008-04": {
            "month": "2008-04",
            "price": "12.88",
            "revenue": 810983
        },
        "2008-05": {
            "month": "2008-05",
            "price": "14.88",
            "revenue": 835395
        },
        "2008-06": {
            "month": "2008-06",
            "price": "14.22",
            "revenue": 775925
        },
        "2008-07": {
            "month": "2008-07",
            "price": "11.93",
            "revenue": 866696
        },
        "2008-08": {
            "month": "2008-08",
            "price": "11.11",
            "revenue": 947057
        },
        "2008-09": {
            "month": "2008-09",
            "price": "9.85",
            "revenue": 971374
        },
        "2008-10": {
            "month": "2008-10",
            "price": "8.40",
            "revenue": 697353
        },
        "2008-11": {
            "month": "2008-11",
            "price": "5.73",
            "revenue": 355786
        },
        "2008-12": {
            "month": "2008-12",
            "price": "4.93",
            "revenue": 471354
        },
        "2009-01": {
            "month": "2009-01",
            "price": "5.16",
            "revenue": 538402
        },
        "2009-02": {
            "month": "2009-02",
            "price": "6.00",
            "revenue": 669176
        },
        "2009-03": {
            "month": "2009-03",
            "price": "7.85",
            "revenue": 761876
        },
        "2009-04": {
            "month": "2009-04",
            "price": "12.61",
            "revenue": 836590
        },
        "2009-05": {
            "month": "2009-05",
            "price": "17.33",
            "revenue": 734071
        },
        "2009-06": {
            "month": "2009-06",
            "price": "14.46",
            "revenue": 747875
        },
        "2009-07": {
            "month": "2009-07",
            "price": "16.90",
            "revenue": 866868
        },
        "2009-08": {
            "month": "2009-08",
            "price": "19.76",
            "revenue": 951918
        },
        "2009-09": {
            "month": "2009-09",
            "price": "24.89",
            "revenue": 1047169
        },
        "2009-10": {
            "month": "2009-10",
            "price": "24.65",
            "revenue": 993706
        },
        "2009-11": {
            "month": "2009-11",
            "price": "23.48",
            "revenue": 845985
        },
        "2009-12": {
            "month": "2009-12",
            "price": "23.65",
            "revenue": 872874
        },
        "2010-01": {
            "month": "2010-01",
            "price": "23.46",
            "revenue": 1055730
        },
        "2010-02": {
            "month": "2010-02",
            "price": "22.87",
            "revenue": 926267
        },
        "2010-03": {
            "month": "2010-03",
            "price": "27.65",
            "revenue": 1149525
        },
        "2010-04": {
            "month": "2010-04",
            "price": "31.62",
            "revenue": 1160826
        },
        "2010-05": {
            "month": "2010-05",
            "price": "32.46",
            "revenue": 1145679
        },
        "2010-06": {
            "month": "2010-06",
            "price": "27.88",
            "revenue": 1155265
        },
        "2010-07": {
            "month": "2010-07",
            "price": "29.95",
            "revenue": 1184101
        },
        "2010-08": {
            "month": "2010-08",
            "price": "31.36",
            "revenue": 1250992
        },
        "2010-09": {
            "month": "2010-09",
            "price": "28.23",
            "revenue": 1140202
        },
        "2010-10": {
            "month": "2010-10",
            "price": "27.36",
            "revenue": 1054647
        },
        "2010-11": {
            "month": "2010-11",
            "price": "27.76",
            "revenue": 1131846
        },
        "2010-12": {
            "month": "2010-12",
            "price": "30.83",
            "revenue": 1110601
        },
        "2011-01": {
            "month": "2011-01",
            "price": "30.74",
            "revenue": 1280790
        },
        "2011-02": {
            "month": "2011-02",
            "price": "32.23",
            "revenue": 1140444
        },
        "2011-03": {
            "month": "2011-03",
            "price": "31.65",
            "revenue": 1337303
        },
        "2011-04": {
            "month": "2011-04",
            "price": "31.87",
            "revenue": 1326980
        },
        "2011-05": {
            "month": "2011-05",
            "price": "29.11",
            "revenue": 1280173
        },
        "2011-06": {
            "month": "2011-06",
            "price": "28.04",
            "revenue": 1249003
        },
        "2011-07": {
            "month": "2011-07",
            "price": "27.33",
            "revenue": 1349802
        },
        "2011-08": {
            "month": "2011-08",
            "price": "22.64",
            "revenue": 1402939
        },
        "2011-09": {
            "month": "2011-09",
            "price": "23.56",
            "revenue": 1284933
        },
        "2011-10": {
            "month": "2011-10",
            "price": "23.42",
            "revenue": 1044167
        },
        "2011-11": {
            "month": "2011-11",
            "price": "21.82",
            "revenue": 939360
        },
        "2011-12": {
            "month": "2011-12",
            "price": "18.71",
            "revenue": 1101407
        },
        "2012-01": {
            "month": "2012-01",
            "price": "19.78",
            "revenue": 1051800
        },
        "2012-02": {
            "month": "2012-02",
            "price": "24.90",
            "revenue": 1147544
        },
        "2012-03": {
            "month": "2012-03",
            "price": "25.75",
            "revenue": 1325310
        },
        "2012-04": {
            "month": "2012-04",
            "price": "25.61",
            "revenue": 1393574
        },
        "2012-05": {
            "month": "2012-05",
            "price": "27.13",
            "revenue": 1318395
        },
        "2012-06": {
            "month": "2012-06",
            "price": "27.25",
            "revenue": 1249659
        },
        "2012-07": {
            "month": "2012-07",
            "price": "27.37",
            "revenue": 1293676
        },
        "2012-08": {
            "month": "2012-08",
            "price": "27.09",
            "revenue": 1490481
        },
        "2012-09": {
            "month": "2012-09",
            "price": "30.29",
            "revenue": 1576122
        },
        "2012-10": {
            "month": "2012-10",
            "price": "29.46",
            "revenue": 1500282
        },
        "2012-11": {
            "month": "2012-11",
            "price": "28.81",
            "revenue": 1288596
        },
        "2012-12": {
            "month": "2012-12",
            "price": "28.98",
            "revenue": 1324457
        },
        "2013-01": {
            "month": "2013-01",
            "price": "29.36",
            "revenue": 1397313
        },
        "2013-02": {
            "month": "2013-02",
            "price": "30.22",
            "revenue": 1233338
        },
        "2013-03": {
            "month": "2013-03",
            "price": "30.09",
            "revenue": 1510498
        },
        "2013-04": {
            "month": "2013-04",
            "price": "29.92",
            "revenue": 1442536
        },
        "2013-05": {
            "month": "2013-05",
            "price": "28.57",
            "revenue": 1341371
        },
        "2013-06": {
            "month": "2013-06",
            "price": "27.32",
            "revenue": 1335587
        },
        "2013-07": {
            "month": "2013-07",
            "price": "26.96",
            "revenue": 1434752
        },
        "2013-08": {
            "month": "2013-08",
            "price": "26.74",
            "revenue": 1544876
        },
        "2013-09": {
            "month": "2013-09",
            "price": "25.12",
            "revenue": 1526528
        },
        "2013-10": {
            "month": "2013-10",
            "price": "24.41",
            "revenue": 1418859
        },
        "2013-11": {
            "month": "2013-11",
            "price": "24.52",
            "revenue": 1250107
        },
        "2013-12": {
            "month": "2013-12",
            "price": "24.90",
            "revenue": 1437436
        },
        "2014-01": {
            "month": "2014-01",
            "price": "26.18",
            "revenue": 1479727
        },
        "2014-02": {
            "month": "2014-02",
            "price": "27.12",
            "revenue": 1245119
        },
        "2014-03": {
            "month": "2014-03",
            "price": "27.04",
            "revenue": 1464741
        },
        "2014-04": {
            "month": "2014-04",
            "price": "27.82",
            "revenue": 1479782
        },
        "2014-05": {
            "month": "2014-05",
            "price": "27.99",
            "revenue": 1459767
        },
        "2014-06": {
            "month": "2014-06",
            "price": "29.65",
            "revenue": 1419160
        },
        "2014-07": {
            "month": "2014-07",
            "price": "33.28",
            "revenue": 1662268
        },
        "2014-08": {
            "month": "2014-08",
            "price": "35.05",
            "revenue": 1646292
        },
        "2014-09": {
            "month": "2014-09",
            "price": "33.54",
            "revenue": 1786953
        },
        "2014-10": {
            "month": "2014-10",
            "price": "34.38",
            "revenue": 1762733
        },
        "2014-11": {
            "month": "2014-11",
            "price": "37.18",
            "revenue": 1694258
        },
        "2014-12": {
            "month": "2014-12",
            "price": "40.01",
            "revenue": 1783967
        },
        "2015-01": {
            "month": "2015-01",
            "price": "41.20",
            "revenue": 1794432
        },
        "2015-02": {
            "month": "2015-02",
            "price": "43.49",
            "revenue": 1476119
        },
        "2015-03": {
            "month": "2015-03",
            "price": "51.10",
            "revenue": 1692045
        },
        "2015-04": {
            "month": "2015-04",
            "price": "52.06",
            "revenue": 1669619
        },
        "2015-05": {
            "month": "2015-05",
            "price": "54.18",
            "revenue": 1617205
        },
        "2015-06": {
            "month": "2015-06",
            "price": "52.14",
            "revenue": 1586245
        },
        "2015-07": {
            "month": "2015-07",
            "price": "63.38",
            "revenue": 1890243
        },
        "2015-08": {
            "month": "2015-08",
            "price": "70.21",
            "revenue": 2017145
        },
        "2015-09": {
            "month": "2015-09",
            "price": "72.00",
            "revenue": 2100558
        },
        "2015-10": {
            "month": "2015-10",
            "price": "69.60",
            "revenue": 1819818
        },
        "2015-11": {
            "month": "2015-11",
            "price": "65.69",
            "revenue": 1559396
        },
        "2015-12": {
            "month": "2015-12",
            "price": "58.18",
            "revenue": 1646626
        },
        "2016-01": {
            "month": "2016-01",
            "price": "53.77",
            "revenue": 1725465
        },
        "2016-02": {
            "month": "2016-02",
            "price": "57.99",
            "revenue": 1361804
        },
        "2016-03": {
            "month": "2016-03",
            "price": "58.06",
            "revenue": 1733810
        },
        "2016-04": {
            "month": "2016-04",
            "price": "58.78",
            "revenue": 1775575
        },
        "2016-05": {
            "month": "2016-05",
            "price": "62.36",
            "revenue": 1790294
        },
        "2016-06": {
            "month": "2016-06",
            "price": "69.08",
            "revenue": 1702388
        },
        "2016-07": {
            "month": "2016-07",
            "price": "73.10",
            "revenue": 1878718
        },
        "2016-08": {
            "month": "2016-08",
            "price": "81.55",
            "revenue": 2127988
        },
        "2016-09": {
            "month": "2016-09",
            "price": "86.71",
            "revenue": 2096305
        },
        "2016-10": {
            "month": "2016-10",
            "price": "84.27",
            "revenue": 1932178
        },
        "2016-11": {
            "month": "2016-11",
            "price": "83.77",
            "revenue": 2028694
        },
        "2016-12": {
            "month": "2016-12",
            "price": "85.46",
            "revenue": 1924402
        },
        "2017-01": {
            "month": "2017-01",
            "price": "99.28",
            "revenue": 1889538
        },
        "2017-02": {
            "month": "2017-02",
            "price": "114.28",
            "revenue": 1783312
        },
        "2017-03": {
            "month": "2017-03",
            "price": "118.50",
            "revenue": 2093822
        },
        "2017-04": {
            "month": "2017-04",
            "price": "117.83",
            "revenue": 1975698
        },
        "2017-05": {
            "month": "2017-05",
            "price": "123.90",
            "revenue": 2027812
        },
        "2017-06": {
            "month": "2017-06",
            "price": "131.72",
            "revenue": 1978043
        },
        "2017-07": {
            "month": "2017-07",
            "price": "145.93",
            "revenue": 1958901
        },
        "2017-08": {
            "month": "2017-08",
            "price": "150.63",
            "revenue": 2111395
        },
        "2017-09": {
            "month": "2017-09",
            "price": "140.25",
            "revenue": 2070716
        },
        "2017-10": {
            "month": "2017-10",
            "price": "131.76",
            "revenue": 1929801
        },
        "2017-11": {
            "month": "2017-11",
            "price": "115.45",
            "revenue": 1912856
        },
        "2017-12": {
            "month": "2017-12",
            "price": "98.13",
            "revenue": 1878232
        },
        "2018-01": {
            "month": "2018-01",
            "price": "103.67",
            "revenue": 1981125
        },
        "2018-02": {
            "month": "2018-02",
            "price": "104.02",
            "revenue": 1519210
        },
        "2018-03": {
            "month": "2018-03",
            "price": "101.50",
            "revenue": 1812070
        },
        "2018-04": {
            "month": "2018-04",
            "price": "84.27",
            "revenue": 1892606
        },
        "2018-05": {
            "month": "2018-05",
            "price": "80.07",
            "revenue": 1926080
        },
        "2018-06": {
            "month": "2018-06",
            "price": "83.80",
            "revenue": 1897243
        },
        "2018-07": {
            "month": "2018-07",
            "price": "80.07",
            "revenue": 2084744
        },
        "2018-08": {
            "month": "2018-08",
            "price": "93.34",
            "revenue": 2258610
        },
        "2018-09": {
            "month": "2018-09",
            "price": "83.24",
            "revenue": 2115630
        },
        "2018-10": {
            "month": "2018-10",
            "price": "72.41",
            "revenue": 2003586
        },
        "2018-11": {
            "month": "2018-11",
            "price": "70.86",
            "revenue": 1774136
        },
        "2018-12": {
            "month": "2018-12",
            "price": "73.29",
            "revenue": 1625888
        },
        "2019-01": {
            "month": "2019-01",
            "price": "73.34",
            "revenue": 1843221
        },
        "2019-02": {
            "month": "2019-02",
            "price": "89.35",
            "revenue": 1399657
        },
        "2019-03": {
            "month": "2019-03",
            "price": "95.97",
            "revenue": 1828801
        },
        "2019-04": {
            "month": "2019-04",
            "price": "103.12",
            "revenue": 1995528
        },
        "2019-05": {
            "month": "2019-05",
            "price": "90.75",
            "revenue": 2025372
        },
        "2019-06": {
            "month": "2019-06",
            "price": "90.82",
            "revenue": 2017430
        },
        "2019-07": {
            "month": "2019-07",
            "price": "111.10",
            "revenue": 2299975
        },
        "2019-08": {
            "month": "2019-08",
            "price": "130.02",
            "revenue": 2360996
        },
        "2019-09": {
            "month": "2019-09",
            "price": "132.58",
            "revenue": 2312071
        },
        "2019-10": {
            "month": "2019-10",
            "price": "127.14",
            "revenue": 2311130
        },
        "2019-11": {
            "month": "2019-11",
            "price": "124.50",
            "revenue": 2236388
        },
        "2019-12": {
            "month": "2019-12",
            "price": "125.91",
            "revenue": 2235083
        },
        "2020-01": {
            "month": "2020-01",
            "price": "131.03",
            "revenue": 1964414
        },
        "2020-02": {
            "month": "2020-02",
            "price": "123.63",
            "revenue": 1776101
        },
        "2020-03": {
            "month": "2020-03",
            "price": "110.24",
            "revenue": 2168471
        },
        "2020-04": {
            "month": "2020-04",
            "price": "120.15",
            "revenue": 2227024
        },
        "2020-05": {
            "month": "2020-05",
            "price": "142.08",
            "revenue": 2028377
        },
        "2020-06": {
            "month": "2020-06",
            "price": "154.02",
            "revenue": 2045256
        },
        "2020-07": {
            "month": "2020-07",
            "price": "164.02",
            "revenue": 2269456
        },
        "2020-08": {
            "month": "2020-08",
            "price": "171.67",
            "revenue": 2589601
        },
        "2020-09": {
            "month": "2020-09",
            "price": "155.80",
            "revenue": 2614778
        },
        "2020-10": {
            "month": "2020-10",
            "price": "152.11",
            "revenue": 2475833
        },
        "2020-11": {
            "month": "2020-11",
            "price": "153.21",
            "revenue": 2552457
        },
        "2020-12": {
            "month": "2020-12",
            "price": "155.93",
            "revenue": 2472491
        },
        "2021-01": {
            "month": "2021-01",
            "price": "158.68",
            "revenue": 2750004
        },
        "2021-02": {
            "month": "2021-02",
            "price": "162.65",
            "revenue": 2435365
        },
        "2021-03": {
            "month": "2021-03",
            "price": "168.43",
            "revenue": 2818344
        },
        "2021-04": {
            "month": "2021-04",
            "price": "173.18",
            "revenue": 2951523
        },
        "2021-05": {
            "month": "2021-05",
            "price": "161.33",
            "revenue": 3220597
        },
        "2021-06": {
            "month": "2021-06",
            "price": "196.24",
            "revenue": 3385779
        },
        "2021-07": {
            "month": "2021-07",
            "price": "226.64",
            "revenue": 3555634
        },
        "2021-08": {
            "month": "2021-08",
            "price": "222.89",
            "revenue": 3682303
        },
        "2021-09": {
            "month": "2021-09",
            "price": "227.92",
            "revenue": 3538580
        },
        "2021-10": {
            "month": "2021-10",
            "price": "215.25",
            "revenue": 3501202
        },
        "2021-11": {
            "month": "2021-11",
            "price": "239.95",
            "revenue": 3393849
        },
        "2021-12": {
            "month": "2021-12",
            "price": "277.11",
            "revenue": 3272872
        },
        "2022-01": {
            "month": "2022-01",
            "price": "272.75",
            "revenue": 3557817
        },
        "2022-02": {
            "month": "2022-02",
            "price": "277.10",
            "revenue": 2917766
        },
        "2022-03": {
            "month": "2022-03",
            "price": "259.26",
            "revenue": 3442956
        },
        "2022-04": {
            "month": "2022-04",
            "price": "240.26",
            "revenue": 3071772
        },
        "2022-05": {
            "month": "2022-05",
            "price": "222.67",
            "revenue": 3484638
        },
        "2022-06": {
            "month": "2022-06",
            "price": "211.55",
            "revenue": 3427066
        },
        "2022-07": {
            "month": "2022-07",
            "price": "162.79",
            "revenue": 3295478
        },
        "2022-08": {
            "month": "2022-08",
            "price": "167.35",
            "revenue": 3233476
        },
        "2022-09": {
            "month": "2022-09",
            "price": "168.21",
            "revenue": 3353900
        },
        "2022-10": {
            "month": "2022-10",
            "price": "144.12",
            "revenue": 3144165
        },
        "2022-11": {
            "month": "2022-11",
            "price": "172.66",
            "revenue": 3026947
        },
        "2022-12": {
            "month": "2022-12",
            "price": "183.27",
            "revenue": 2716460
        },
        "2023-01": {
            "month": "2023-01",
            "price": "179.96",
            "revenue": 2197369
        },
        "2023-02": {
            "month": "2023-02",
            "price": "188.14",
            "revenue": 2365259
        },
        "2023-03": {
            "month": "2023-03",
            "price": "181.00",
            "revenue": 2796687
        },
        "2023-04": {
            "month": "2023-04",
            "price": "174.62",
            "revenue": 2803603
        },
        "2023-05": {
            "month": "2023-05",
            "price": "180.30",
            "revenue": 3150805
        },
        "2023-06": {
            "month": "2023-06",
            "price": "231.62",
            "revenue": 3225606
        },
        "2023-07": {
            "month": "2023-07",
            "price": "317.98",
            "revenue": 3645947
        },
        "2023-08": {
            "month": "2023-08",
            "price": "422.48",
            "revenue": 3891346
        },
        "2023-09": {
            "month": "2023-09",
            "price": "424.35",
            "revenue": 4337243
        },
        "2023-10": {
            "month": "2023-10",
            "price": "413.78",
            "revenue": 4348694
        },
        "2023-11": {
            "month": "2023-11",
            "price": "405.73",
            "revenue": 4224837
        }
    }
}
