{
    "summary": {
        "stock_name": "群光",
        "stock_id": "2385",
        "category": "電子零組件",
        "main_business": "鍵盤製造及銷售<br>數位影像產品之製造及銷售<br>電源供應器產品之製造及銷售",
        "website_url": "https://www.chicony.com",
        "ceo": "呂進宗",
        "pe_ratio": 10,
        "report_year_from": 2001,
        "report_year_to": 2023,
        "age": 22,
        "eps_negative_percentage": 0,
        "eps_growth_avg": {
            "last_all": 9.84,
            "last_2y": 7.27,
            "last_4y": 14.37,
            "last_8y": 8.32,
            "last_12y": 5.28,
            "last_16y": 13.38,
            "last_20y": 9.84,
            "at_2006_last_3y": 10.53,
            "at_2007_last_3y": 14.62,
            "at_2008_last_3y": 26.17,
            "at_2009_last_3y": 39.72,
            "at_2010_last_3y": 14.8,
            "at_2011_last_3y": 3.63,
            "at_2012_last_3y": 0.67,
            "at_2013_last_3y": -1.55,
            "at_2014_last_3y": -0.05,
            "at_2015_last_3y": -3.65,
            "at_2016_last_3y": -3.14,
            "at_2017_last_3y": 0.75,
            "at_2018_last_3y": -3.79,
            "at_2019_last_3y": 13.33,
            "at_2020_last_3y": 13.75,
            "at_2021_last_3y": 13.48,
            "at_2022_last_3y": 20.92,
            "at_2023_last_3y": 20.92,
            "at_2006_last_all": 15.84,
            "at_2007_last_all": 21.94,
            "at_2008_last_all": 18.86,
            "at_2009_last_all": 17.26,
            "at_2010_last_all": 15.38,
            "at_2011_last_all": 14.62,
            "at_2012_last_all": 12.24,
            "at_2013_last_all": 10.99,
            "at_2014_last_all": 10.63,
            "at_2015_last_all": 9.4,
            "at_2016_last_all": 8.14,
            "at_2017_last_all": 8.43,
            "at_2018_last_all": 7.24,
            "at_2019_last_all": 10.27,
            "at_2020_last_all": 9.32,
            "at_2021_last_all": 9.44,
            "at_2022_last_all": 9.84,
            "at_2023_last_all": 9.84
        },
        "latest_eps": 9.8,
        "latest_price": 94.1,
        "latest_roe": 24,
        "latest_gross_margin": 16.91,
        "latest_equity": 38596265,
        "latest_revenue": 22721961,
        "latest_gross_profit": 3843062,
        "latest_net_income": 1778090,
        "latest_debt_ratio": 53.41,
        "latest_current_ratio": 134.58,
        "latest_account_receivable_turnover_ratio": 0.99,
        "latest_inventory_turnover_ratio": 1.07,
        "latest_reinvestment_rate": 14.1,
        "latest_research_to_sale_ratio": 3.49
    },
    "eps_dividends": {
        "1998": {
            "cash": 0,
            "stock": 2,
            "eps": 0
        },
        "1999": {
            "cash": 0,
            "stock": 2,
            "eps": 0
        },
        "2001": {
            "cash": 0,
            "stock": 0,
            "eps": 3.13
        },
        "2002": {
            "cash": 0,
            "stock": 1.1,
            "eps": 4.29
        },
        "2003": {
            "cash": 1.6,
            "stock": 1.6,
            "eps": 5.84
        },
        "2004": {
            "cash": 2,
            "stock": 2,
            "eps": 3.16
        },
        "2005": {
            "cash": 1,
            "stock": 1,
            "eps": 1.64
        },
        "2006": {
            "cash": 1,
            "stock": 0.5,
            "eps": 3.87
        },
        "2007": {
            "cash": 2,
            "stock": 1,
            "eps": 5.9
        },
        "2008": {
            "cash": 3.5,
            "stock": 0.7,
            "eps": 5.92
        },
        "2009": {
            "cash": 2.47,
            "stock": 0.49,
            "eps": 6.28
        },
        "2010": {
            "cash": 3.5,
            "stock": 0.5,
            "eps": 6.3
        },
        "2011": {
            "cash": 8,
            "stock": 0.7,
            "eps": 6.79
        },
        "2012": {
            "cash": 0,
            "stock": 0,
            "eps": 6.01
        },
        "2013": {
            "cash": 4.1,
            "stock": 0.1,
            "eps": 5.84
        },
        "2014": {
            "cash": 4.6,
            "stock": 0.05,
            "eps": 6.21
        },
        "2015": {
            "cash": 4.65,
            "stock": 0.05,
            "eps": 5.8
        },
        "2016": {
            "cash": 4.3,
            "stock": 0.05,
            "eps": 5.25
        },
        "2017": {
            "cash": 4.25,
            "stock": 0.05,
            "eps": 5.92
        },
        "2018": {
            "cash": 4.45,
            "stock": 0.05,
            "eps": 5.22
        },
        "2019": {
            "cash": 3.8,
            "stock": 0,
            "eps": 8.45
        },
        "2020": {
            "cash": 5.9,
            "stock": 0,
            "eps": 7.79
        },
        "2021": {
            "cash": 5.5,
            "stock": 0,
            "eps": 8.7
        },
        "2022": {
            "cash": 6.1,
            "stock": 0,
            "eps": 10.26
        },
        "2023": {
            "cash": 7.5,
            "stock": 0,
            "eps": 2.05
        }
    },
    "dividends": {
        "1998-09-25": {
            "cash": 0,
            "stock": 2
        },
        "1999-05-24": {
            "cash": 0,
            "stock": 2
        },
        "2002-05-30": {
            "cash": 0,
            "stock": 1.1
        },
        "2003-03-19": {
            "cash": 1.6,
            "stock": 1.6
        },
        "2004-03-31": {
            "cash": 2,
            "stock": 2
        },
        "2005-04-01": {
            "cash": 1,
            "stock": 1
        },
        "2006-06-06": {
            "cash": 1,
            "stock": 0.5
        },
        "2007-03-23": {
            "cash": 2,
            "stock": 1
        },
        "2008-04-07": {
            "cash": 3.5,
            "stock": 0.7
        },
        "2009-04-16": {
            "cash": 2.47,
            "stock": 0.49
        },
        "2010-04-16": {
            "cash": 3.5,
            "stock": 0.5
        },
        "2011-01-01": {
            "cash": 4,
            "stock": 0.35
        },
        "2011-04-07": {
            "cash": 4,
            "stock": 0.35
        },
        "2013-03-15": {
            "cash": 4.1,
            "stock": 0.1
        },
        "2014-05-30": {
            "cash": 4.6,
            "stock": 0.05
        },
        "2015-07-29": {
            "cash": 4.65,
            "stock": 0.05
        },
        "2016-07-20": {
            "cash": 4.3,
            "stock": 0.05
        },
        "2017-07-19": {
            "cash": 4.25,
            "stock": 0.05
        },
        "2018-07-20": {
            "cash": 4.45,
            "stock": 0.05
        },
        "2019-07-19": {
            "cash": 3.8,
            "stock": 0
        },
        "2020-05-12": {
            "cash": 5.9,
            "stock": 0
        },
        "2021-05-12": {
            "cash": 5.5,
            "stock": 0
        },
        "2022-07-15": {
            "cash": 6.1,
            "stock": 0
        },
        "2023-07-14": {
            "cash": 7.5,
            "stock": 0
        }
    },
    "prices": {
        "200101": "12.26",
        "200102": "19.45",
        "200103": "26.72",
        "200104": "32.67",
        "200105": "31.17",
        "200106": "30.46",
        "200107": "27.21",
        "200108": "24.57",
        "200109": "21.69",
        "200110": "19.28",
        "200111": "24.26",
        "200112": "40.11",
        "200201": "55.75",
        "200202": "63.04",
        "200203": "64.31",
        "200204": "66.64",
        "200205": "57.55",
        "200206": "53.22",
        "200207": "49.98",
        "200208": "53.81",
        "200209": "51.29",
        "200210": "46.96",
        "200211": "47.77",
        "200212": "42.53",
        "200301": "47.03",
        "200302": "45.21",
        "200303": "42.93",
        "200304": "44.72",
        "200305": "48.75",
        "200306": "59.45",
        "200307": "61.89",
        "200308": "60.69",
        "200309": "64.10",
        "200310": "61.30",
        "200311": "66.15",
        "200312": "65.09",
        "200401": "71.00",
        "200402": "78.15",
        "200403": "71.85",
        "200404": "70.93",
        "200405": "62.55",
        "200406": "51.73",
        "200407": "45.53",
        "200408": "40.30",
        "200409": "42.10",
        "200410": "37.59",
        "200411": "34.03",
        "200412": "31.17",
        "200501": "28.93",
        "200502": "32.56",
        "200503": "33.45",
        "200504": "32.10",
        "200505": "29.55",
        "200506": "32.43",
        "200507": "31.41",
        "200508": "28.03",
        "200509": "22.25",
        "200510": "21.26",
        "200511": "23.72",
        "200512": "31.45",
        "200601": "29.93",
        "200602": "30.64",
        "200603": "31.72",
        "200604": "34.92",
        "200605": "33.61",
        "200606": "32.43",
        "200607": "31.18",
        "200608": "32.04",
        "200609": "37.83",
        "200610": "39.02",
        "200611": "46.04",
        "200612": "48.20",
        "200701": "50.21",
        "200702": "51.18",
        "200703": "49.55",
        "200704": "51.93",
        "200705": "51.18",
        "200706": "58.40",
        "200707": "74.05",
        "200708": "67.29",
        "200709": "67.80",
        "200710": "66.39",
        "200711": "59.92",
        "200712": "56.26",
        "200801": "49.71",
        "200802": "47.83",
        "200803": "52.00",
        "200804": "59.12",
        "200805": "63.75",
        "200806": "58.40",
        "200807": "55.44",
        "200808": "55.31",
        "200809": "49.71",
        "200810": "44.89",
        "200811": "33.88",
        "200812": "31.20",
        "200901": "31.04",
        "200902": "35.95",
        "200903": "39.94",
        "200904": "47.89",
        "200905": "58.94",
        "200906": "60.39",
        "200907": "73.52",
        "200908": "75.31",
        "200909": "76.23",
        "200910": "73.67",
        "200911": "75.88",
        "200912": "75.94",
        "201001": "81.96",
        "201002": "79.40",
        "201003": "80.71",
        "201004": "85.52",
        "201005": "79.79",
        "201006": "74.52",
        "201007": "72.70",
        "201008": "66.72",
        "201009": "64.90",
        "201010": "67.17",
        "201011": "64.08",
        "201012": "65.79",
        "201101": "64.00",
        "201102": "58.54",
        "201103": "54.15",
        "201104": "54.87",
        "201105": "56.72",
        "201106": "58.18",
        "201107": "53.66",
        "201108": "47.03",
        "201109": "49.26",
        "201110": "50.58",
        "201111": "48.73",
        "201112": "48.25",
        "201201": "50.21",
        "201202": "58.16",
        "201203": "59.57",
        "201204": "56.66",
        "201205": "56.28",
        "201206": "55.83",
        "201207": "55.67",
        "201208": "62.48",
        "201209": "66.84",
        "201210": "66.69",
        "201211": "64.43",
        "201212": "66.03",
        "201301": "75.27",
        "201302": "77.08",
        "201303": "77.61",
        "201304": "81.42",
        "201305": "83.05",
        "201306": "82.24",
        "201307": "75.19",
        "201308": "69.74",
        "201309": "72.64",
        "201310": "72.70",
        "201311": "73.03",
        "201312": "73.96",
        "201401": "77.59",
        "201402": "76.22",
        "201403": "77.56",
        "201404": "78.30",
        "201405": "79.80",
        "201406": "82.22",
        "201407": "84.29",
        "201408": "88.58",
        "201409": "93.59",
        "201410": "88.28",
        "201411": "85.68",
        "201412": "85.55",
        "201501": "87.18",
        "201502": "88.08",
        "201503": "88.21",
        "201504": "87.22",
        "201505": "87.36",
        "201506": "82.53",
        "201507": "82.75",
        "201508": "79.10",
        "201509": "80.68",
        "201510": "81.07",
        "201511": "75.29",
        "201512": "72.63",
        "201601": "67.53",
        "201602": "70.23",
        "201603": "76.15",
        "201604": "80.26",
        "201605": "74.88",
        "201606": "76.18",
        "201607": "75.88",
        "201608": "78.89",
        "201609": "77.96",
        "201610": "79.56",
        "201611": "74.41",
        "201612": "74.04",
        "201701": "73.39",
        "201702": "73.04",
        "201703": "76.80",
        "201704": "79.15",
        "201705": "80.36",
        "201706": "78.73",
        "201707": "76.73",
        "201708": "75.60",
        "201709": "74.00",
        "201710": "74.83",
        "201711": "76.43",
        "201712": "75.52",
        "201801": "75.73",
        "201802": "73.10",
        "201803": "73.91",
        "201804": "74.51",
        "201805": "71.89",
        "201806": "71.86",
        "201807": "67.63",
        "201808": "66.30",
        "201809": "63.06",
        "201810": "58.09",
        "201811": "60.57",
        "201812": "62.10",
        "201901": "66.55",
        "201902": "67.19",
        "201903": "69.71",
        "201904": "73.86",
        "201905": "72.86",
        "201906": "76.91",
        "201907": "79.68",
        "201908": "85.09",
        "201909": "90.87",
        "201910": "93.58",
        "201911": "92.38",
        "201912": "90.20",
        "202001": "87.31",
        "202002": "85.36",
        "202003": "77.62",
        "202004": "80.90",
        "202005": "81.42",
        "202006": "85.88",
        "202007": "86.38",
        "202008": "88.82",
        "202009": "85.87",
        "202010": "84.55",
        "202011": "86.36",
        "202012": "86.36",
        "202101": "87.15",
        "202102": "89.64",
        "202103": "96.66",
        "202104": "91.16",
        "202105": "79.54",
        "202106": "79.23",
        "202107": "80.70",
        "202108": "78.86",
        "202109": "78.03",
        "202110": "78.66",
        "202111": "80.79",
        "202112": "81.64",
        "202201": "87.63",
        "202202": "90.65",
        "202203": "90.03",
        "202204": "85.35",
        "202205": "82.88",
        "202206": "80.69",
        "202207": "76.03",
        "202208": "81.65",
        "202209": "81.83",
        "202210": "80.32",
        "202211": "81.25",
        "202212": "85.31",
        "202301": "86.22",
        "202302": "89.95",
        "202303": "93.09",
        "202304": "95.65",
        "202305": "101.26",
        "202306": "103.45"
    },
    "quarters": {
        "20011": {
            "year_quarter": 20011,
            "year": 2001,
            "quarter": 1,
            "eps": 0.73,
            "eps_growth_year": 942.86,
            "eps_4q": 0.8,
            "eps_4q_growth_year": null,
            "roe": 7.64,
            "roe_4q": 7.64,
            "gross_profit": 186318,
            "gross_margin": 17.48,
            "gross_margin_4q_avg": 17.48,
            "net_income": 162858,
            "revenue": 1066112,
            "common_shares": 2222200,
            "book_valuer_per_share": 9.32,
            "book_valuer_per_share_4q_avg": 9.32,
            "equity": 2071753,
            "current_ratio": 153.87,
            "debt_ratio": 43.61,
            "inventory_turnover_ratio": 0.76,
            "account_receivable_turnover_ratio": null,
            "reinvestment_rate": null,
            "research_to_sale_ratio": null,
            "price_fair": 0,
            "eps_avg_yearly": 0,
            "eps_latest_yearly": 0,
            "eps_growth_yearly": 0
        },
        "20012": {
            "year_quarter": 20012,
            "year": 2001,
            "quarter": 2,
            "eps": 0.72,
            "eps_growth_year": null,
            "eps_4q": 2.77,
            "eps_4q_growth_year": null,
            "roe": 7.42,
            "roe_4q": 15.059999999999999,
            "gross_profit": 173247,
            "gross_margin": 16.74,
            "gross_margin_4q_avg": 17.11,
            "net_income": 159237,
            "revenue": 1034637,
            "common_shares": 2222200,
            "book_valuer_per_share": 10,
            "book_valuer_per_share_4q_avg": 9.66,
            "equity": 2222914,
            "current_ratio": 162.74,
            "debt_ratio": 39.84,
            "inventory_turnover_ratio": 1.73,
            "account_receivable_turnover_ratio": null,
            "reinvestment_rate": null,
            "research_to_sale_ratio": null,
            "price_fair": 0,
            "eps_avg_yearly": 0,
            "eps_latest_yearly": 0,
            "eps_growth_yearly": 0
        },
        "20013": {
            "year_quarter": 20013,
            "year": 2001,
            "quarter": 3,
            "eps": 0.62,
            "eps_growth_year": 12.73,
            "eps_4q": 2.82,
            "eps_4q_growth_year": null,
            "roe": 6,
            "roe_4q": 21.06,
            "gross_profit": 194685,
            "gross_margin": 16.4,
            "gross_margin_4q_avg": 16.87,
            "net_income": 138117,
            "revenue": 1187322,
            "common_shares": 2222200,
            "book_valuer_per_share": 10.72,
            "book_valuer_per_share_4q_avg": 10.01,
            "equity": 2382052,
            "current_ratio": 197.73,
            "debt_ratio": 37.35,
            "inventory_turnover_ratio": 1.9,
            "account_receivable_turnover_ratio": null,
            "reinvestment_rate": null,
            "research_to_sale_ratio": null,
            "price_fair": 0,
            "eps_avg_yearly": 0,
            "eps_latest_yearly": 0,
            "eps_growth_yearly": 0
        },
        "20014": {
            "year_quarter": 20014,
            "year": 2001,
            "quarter": 4,
            "eps": 1.06,
            "eps_growth_year": 39.47,
            "eps_4q": 3.13,
            "eps_4q_growth_year": 2006.73,
            "roe": 9.75,
            "roe_4q": 30.810000000000002,
            "gross_profit": 249508,
            "gross_margin": 17.56,
            "gross_margin_4q_avg": 17.05,
            "net_income": 235817,
            "revenue": 1421052,
            "common_shares": 2222200,
            "book_valuer_per_share": 9.73,
            "book_valuer_per_share_4q_avg": 9.94,
            "equity": 2453477,
            "current_ratio": 105.67,
            "debt_ratio": 65.54,
            "inventory_turnover_ratio": 1.09,
            "account_receivable_turnover_ratio": null,
            "reinvestment_rate": null,
            "research_to_sale_ratio": null,
            "price_fair": 0,
            "eps_avg_yearly": 0,
            "eps_latest_yearly": 0,
            "eps_growth_yearly": 0
        },
        "20021": {
            "year_quarter": 20021,
            "year": 2002,
            "quarter": 1,
            "eps": 1.42,
            "eps_growth_year": 94.52,
            "eps_4q": 3.81,
            "eps_4q_growth_year": 374.35,
            "roe": 12.67,
            "roe_4q": 35.84,
            "gross_profit": 228337,
            "gross_margin": 17.26,
            "gross_margin_4q_avg": 16.99,
            "net_income": 316540,
            "revenue": 1322767,
            "common_shares": 2222200,
            "book_valuer_per_share": 11.44,
            "book_valuer_per_share_4q_avg": 10.47,
            "equity": 2542620,
            "current_ratio": 191.1,
            "debt_ratio": 35.96,
            "inventory_turnover_ratio": 1.02,
            "account_receivable_turnover_ratio": null,
            "reinvestment_rate": null,
            "research_to_sale_ratio": null,
            "price_fair": 198.8,
            "eps_avg_yearly": 5.68,
            "eps_latest_yearly": 5.68,
            "eps_growth_yearly": 135.85
        },
        "20022": {
            "year_quarter": 20022,
            "year": 2002,
            "quarter": 2,
            "eps": 0.73,
            "eps_growth_year": 1.39,
            "eps_4q": 3.51,
            "eps_4q_growth_year": 26.93,
            "roe": 6.89,
            "roe_4q": 35.31,
            "gross_profit": 199941,
            "gross_margin": 14.4,
            "gross_margin_4q_avg": 16.41,
            "net_income": 181112,
            "revenue": 1388618,
            "common_shares": 2222200,
            "book_valuer_per_share": 12.22,
            "book_valuer_per_share_4q_avg": 11.03,
            "equity": 2715537,
            "current_ratio": 135.28,
            "debt_ratio": 42.92,
            "inventory_turnover_ratio": 2.18,
            "account_receivable_turnover_ratio": null,
            "reinvestment_rate": null,
            "research_to_sale_ratio": null,
            "price_fair": 12.9,
            "eps_avg_yearly": 4.3,
            "eps_latest_yearly": 2.92,
            "eps_growth_yearly": -29.26
        },
        "20023": {
            "year_quarter": 20023,
            "year": 2002,
            "quarter": 3,
            "eps": 0.89,
            "eps_growth_year": 43.55,
            "eps_4q": 3.84,
            "eps_4q_growth_year": 35.96,
            "roe": 7.57,
            "roe_4q": 36.88,
            "gross_profit": 221554,
            "gross_margin": 13.74,
            "gross_margin_4q_avg": 15.74,
            "net_income": 221357,
            "revenue": 1612381,
            "common_shares": 2495450,
            "book_valuer_per_share": 12.56,
            "book_valuer_per_share_4q_avg": 11.49,
            "equity": 3135253,
            "current_ratio": 140.31,
            "debt_ratio": 36.91,
            "inventory_turnover_ratio": 2.35,
            "account_receivable_turnover_ratio": null,
            "reinvestment_rate": null,
            "research_to_sale_ratio": null,
            "price_fair": 79.92,
            "eps_avg_yearly": 4.05,
            "eps_latest_yearly": 3.56,
            "eps_growth_yearly": 9.72
        },
        "20024": {
            "year_quarter": 20024,
            "year": 2002,
            "quarter": 4,
            "eps": 1.25,
            "eps_growth_year": 17.92,
            "eps_4q": 4.14,
            "eps_4q_growth_year": 32.38,
            "roe": 9.1,
            "roe_4q": 36.230000000000004,
            "gross_profit": 274615,
            "gross_margin": 12.59,
            "gross_margin_4q_avg": 14.5,
            "net_income": 310790,
            "revenue": 2180820,
            "common_shares": 2495450,
            "book_valuer_per_share": 13.83,
            "book_valuer_per_share_4q_avg": 12.51,
            "equity": 3692773,
            "current_ratio": 116.08,
            "debt_ratio": 57,
            "inventory_turnover_ratio": 1.29,
            "account_receivable_turnover_ratio": null,
            "reinvestment_rate": 25.72,
            "research_to_sale_ratio": null,
            "price_fair": 150.15,
            "eps_avg_yearly": 4.29,
            "eps_latest_yearly": 5,
            "eps_growth_yearly": 47.74
        },
        "20031": {
            "year_quarter": 20031,
            "year": 2003,
            "quarter": 1,
            "eps": 1.37,
            "eps_growth_year": -3.52,
            "eps_4q": 4.24,
            "eps_4q_growth_year": 11.24,
            "roe": 9.1,
            "roe_4q": 32.66,
            "gross_profit": 258251,
            "gross_margin": 10.98,
            "gross_margin_4q_avg": 12.93,
            "net_income": 340431,
            "revenue": 2352127,
            "common_shares": 2495450,
            "book_valuer_per_share": 15.19,
            "book_valuer_per_share_4q_avg": 13.45,
            "equity": 3790296,
            "current_ratio": 138.4,
            "debt_ratio": 35.58,
            "inventory_turnover_ratio": 1.39,
            "account_receivable_turnover_ratio": null,
            "reinvestment_rate": -23.98,
            "research_to_sale_ratio": null,
            "price_fair": 158.48,
            "eps_avg_yearly": 4.53,
            "eps_latest_yearly": 5.48,
            "eps_growth_yearly": 45.87
        },
        "20032": {
            "year_quarter": 20032,
            "year": 2003,
            "quarter": 2,
            "eps": 1.11,
            "eps_growth_year": 52.05,
            "eps_4q": 4.03,
            "eps_4q_growth_year": 14.61,
            "roe": 8.83,
            "roe_4q": 34.6,
            "gross_profit": 204119,
            "gross_margin": 8.95,
            "gross_margin_4q_avg": 11.57,
            "net_income": 332102,
            "revenue": 2281282,
            "common_shares": 2495450,
            "book_valuer_per_share": 14.96,
            "book_valuer_per_share_4q_avg": 14.14,
            "equity": 3733205,
            "current_ratio": 116.01,
            "debt_ratio": 39.12,
            "inventory_turnover_ratio": 3.21,
            "account_receivable_turnover_ratio": null,
            "reinvestment_rate": -21.09,
            "research_to_sale_ratio": null,
            "price_fair": 157.97,
            "eps_avg_yearly": 4.51,
            "eps_latest_yearly": 4.44,
            "eps_growth_yearly": 25.57
        },
        "20033": {
            "year_quarter": 20033,
            "year": 2003,
            "quarter": 3,
            "eps": 1.69,
            "eps_growth_year": 89.89,
            "eps_4q": 4.98,
            "eps_4q_growth_year": 29.69,
            "roe": 12.75,
            "roe_4q": 39.78,
            "gross_profit": 284010,
            "gross_margin": 8.65,
            "gross_margin_4q_avg": 10.29,
            "net_income": 505278,
            "revenue": 3283218,
            "common_shares": 2987770,
            "book_valuer_per_share": 14.04,
            "book_valuer_per_share_4q_avg": 14.51,
            "equity": 4194072,
            "current_ratio": 110.32,
            "debt_ratio": 43.79,
            "inventory_turnover_ratio": 4.28,
            "account_receivable_turnover_ratio": null,
            "reinvestment_rate": -16.81,
            "research_to_sale_ratio": null,
            "price_fair": 169.2,
            "eps_avg_yearly": 4.83,
            "eps_latest_yearly": 6.76,
            "eps_growth_yearly": 51.78
        },
        "20034": {
            "year_quarter": 20034,
            "year": 2003,
            "quarter": 4,
            "eps": 1.67,
            "eps_growth_year": 33.6,
            "eps_4q": 5.62,
            "eps_4q_growth_year": 35.72,
            "roe": 10.7,
            "roe_4q": 41.38,
            "gross_profit": 296196,
            "gross_margin": 8.78,
            "gross_margin_4q_avg": 9.34,
            "net_income": 497809,
            "revenue": 3372801,
            "common_shares": 2987770,
            "book_valuer_per_share": 15.77,
            "book_valuer_per_share_4q_avg": 14.99,
            "equity": 5112886,
            "current_ratio": 123.06,
            "debt_ratio": 58.59,
            "inventory_turnover_ratio": 1.51,
            "account_receivable_turnover_ratio": null,
            "reinvestment_rate": 14.14,
            "research_to_sale_ratio": null,
            "price_fair": 177.28,
            "eps_avg_yearly": 5.07,
            "eps_latest_yearly": 6.68,
            "eps_growth_yearly": 44.71
        },
        "20041": {
            "year_quarter": 20041,
            "year": 2004,
            "quarter": 1,
            "eps": 1.52,
            "eps_growth_year": 10.95,
            "eps_4q": 5.99,
            "eps_4q_growth_year": 41.23,
            "roe": 8.92,
            "roe_4q": 41.199999999999996,
            "gross_profit": 241449,
            "gross_margin": 8.88,
            "gross_margin_4q_avg": 8.82,
            "net_income": 454141,
            "revenue": 2718248,
            "common_shares": 2987770,
            "book_valuer_per_share": 16.97,
            "book_valuer_per_share_4q_avg": 15.44,
            "equity": 5071010,
            "current_ratio": 112.85,
            "debt_ratio": 38.36,
            "inventory_turnover_ratio": 1.16,
            "account_receivable_turnover_ratio": null,
            "reinvestment_rate": -4.25,
            "research_to_sale_ratio": null,
            "price_fair": 181.22,
            "eps_avg_yearly": 5.18,
            "eps_latest_yearly": 6.08,
            "eps_growth_yearly": 35.75
        },
        "20042": {
            "year_quarter": 20042,
            "year": 2004,
            "quarter": 2,
            "eps": 0.5,
            "eps_growth_year": -54.96,
            "eps_4q": 4.46,
            "eps_4q_growth_year": 10.67,
            "roe": 3.85,
            "roe_4q": 36.22,
            "gross_profit": 240654,
            "gross_margin": 8.97,
            "gross_margin_4q_avg": 8.82,
            "net_income": 184167,
            "revenue": 2682940,
            "common_shares": 3735000,
            "book_valuer_per_share": 12.03,
            "book_valuer_per_share_4q_avg": 14.7,
            "equity": 4491884,
            "current_ratio": 90.27,
            "debt_ratio": 47.46,
            "inventory_turnover_ratio": 2.75,
            "account_receivable_turnover_ratio": null,
            "reinvestment_rate": -3.75,
            "research_to_sale_ratio": null,
            "price_fair": 74.54,
            "eps_avg_yearly": 4.86,
            "eps_latest_yearly": 2,
            "eps_growth_yearly": 5.34
        },
        "20043": {
            "year_quarter": 20043,
            "year": 2004,
            "quarter": 3,
            "eps": 0.73,
            "eps_growth_year": -56.8,
            "eps_4q": 3.8,
            "eps_4q_growth_year": -23.72,
            "roe": 5.78,
            "roe_4q": 29.25,
            "gross_profit": 261496,
            "gross_margin": 7.64,
            "gross_margin_4q_avg": 8.57,
            "net_income": 270352,
            "revenue": 3421853,
            "common_shares": 3735000,
            "book_valuer_per_share": 13.04,
            "book_valuer_per_share_4q_avg": 14.45,
            "equity": 4869234,
            "current_ratio": 87.22,
            "debt_ratio": 52.15,
            "inventory_turnover_ratio": 3.78,
            "account_receivable_turnover_ratio": null,
            "reinvestment_rate": -3.58,
            "research_to_sale_ratio": null,
            "price_fair": 147.9,
            "eps_avg_yearly": 4.68,
            "eps_latest_yearly": 2.92,
            "eps_growth_yearly": 21.58
        },
        "20044": {
            "year_quarter": 20044,
            "year": 2004,
            "quarter": 4,
            "eps": 0.41,
            "eps_growth_year": -75.45,
            "eps_4q": 2.89,
            "eps_4q_growth_year": -48.55,
            "roe": 3.14,
            "roe_4q": 21.689999999999998,
            "gross_profit": 278016,
            "gross_margin": 7.41,
            "gross_margin_4q_avg": 8.23,
            "net_income": 150101,
            "revenue": 3752443,
            "common_shares": 3735000,
            "book_valuer_per_share": 11.53,
            "book_valuer_per_share_4q_avg": 13.39,
            "equity": 4697045,
            "current_ratio": 101.85,
            "debt_ratio": 68,
            "inventory_turnover_ratio": 1.43,
            "account_receivable_turnover_ratio": null,
            "reinvestment_rate": 27.4,
            "research_to_sale_ratio": null,
            "price_fair": 67.2,
            "eps_avg_yearly": 4.43,
            "eps_latest_yearly": 1.64,
            "eps_growth_yearly": 5.17
        },
        "20051": {
            "year_quarter": 20051,
            "year": 2005,
            "quarter": 1,
            "eps": 0.49,
            "eps_growth_year": -67.76,
            "eps_4q": 2.17,
            "eps_4q_growth_year": -63.83,
            "roe": 3.86,
            "roe_4q": 16.630000000000003,
            "gross_profit": 333806,
            "gross_margin": 10.14,
            "gross_margin_4q_avg": 8.54,
            "net_income": 176743,
            "revenue": 3290591,
            "common_shares": 3735000,
            "book_valuer_per_share": 11.95,
            "book_valuer_per_share_4q_avg": 12.14,
            "equity": 4464832,
            "current_ratio": 84.71,
            "debt_ratio": 52.44,
            "inventory_turnover_ratio": 1.21,
            "account_receivable_turnover_ratio": null,
            "reinvestment_rate": -3.57,
            "research_to_sale_ratio": null,
            "price_fair": 88.08,
            "eps_avg_yearly": 4.24,
            "eps_latest_yearly": 1.96,
            "eps_growth_yearly": 10.77
        },
        "20052": {
            "year_quarter": 20052,
            "year": 2005,
            "quarter": 2,
            "eps": -0.43,
            "eps_growth_year": -186,
            "eps_4q": 1.17,
            "eps_4q_growth_year": -73.8,
            "roe": -3.84,
            "roe_4q": 8.940000000000001,
            "gross_profit": 375423,
            "gross_margin": 9.6,
            "gross_margin_4q_avg": 8.7,
            "net_income": -161040,
            "revenue": 3909929,
            "common_shares": 3735000,
            "book_valuer_per_share": 10.5,
            "book_valuer_per_share_4q_avg": 11.76,
            "equity": 3920786,
            "current_ratio": 93.31,
            "debt_ratio": 54.33,
            "inventory_turnover_ratio": 4.03,
            "account_receivable_turnover_ratio": null,
            "reinvestment_rate": -4.38,
            "research_to_sale_ratio": null,
            "price_fair": 88.08,
            "eps_avg_yearly": 4.24,
            "eps_latest_yearly": 1.96,
            "eps_growth_yearly": 10.77
        },
        "20053": {
            "year_quarter": 20053,
            "year": 2005,
            "quarter": 3,
            "eps": 0.84,
            "eps_growth_year": 15.07,
            "eps_4q": 1.28,
            "eps_4q_growth_year": -66.21,
            "roe": 7.46,
            "roe_4q": 10.620000000000001,
            "gross_profit": 325186,
            "gross_margin": 8.04,
            "gross_margin_4q_avg": 8.8,
            "net_income": 314214,
            "revenue": 4045978,
            "common_shares": 4150000,
            "book_valuer_per_share": 10.86,
            "book_valuer_per_share_4q_avg": 11.21,
            "equity": 4506506,
            "current_ratio": 97.25,
            "debt_ratio": 55.05,
            "inventory_turnover_ratio": 4.04,
            "account_receivable_turnover_ratio": null,
            "reinvestment_rate": -4.19,
            "research_to_sale_ratio": null,
            "price_fair": 88.08,
            "eps_avg_yearly": 4.24,
            "eps_latest_yearly": 1.96,
            "eps_growth_yearly": 10.77
        },
        "20054": {
            "year_quarter": 20054,
            "year": 2005,
            "quarter": 4,
            "eps": 0.74,
            "eps_growth_year": 80.49,
            "eps_4q": 1.63,
            "eps_4q_growth_year": -43.59,
            "roe": 5.55,
            "roe_4q": 13.03,
            "gross_profit": 710871,
            "gross_margin": 12.55,
            "gross_margin_4q_avg": 10.08,
            "net_income": 273923,
            "revenue": 5665163,
            "common_shares": 4150000,
            "book_valuer_per_share": 11.49,
            "book_valuer_per_share_4q_avg": 11.2,
            "equity": 5371936,
            "current_ratio": 112.11,
            "debt_ratio": 70.48,
            "inventory_turnover_ratio": 1.67,
            "account_receivable_turnover_ratio": null,
            "reinvestment_rate": 47.39,
            "research_to_sale_ratio": null,
            "price_fair": 68.88,
            "eps_avg_yearly": 4.15,
            "eps_latest_yearly": 2.96,
            "eps_growth_yearly": 6.6
        },
        "20061": {
            "year_quarter": 20061,
            "year": 2006,
            "quarter": 1,
            "eps": 0.64,
            "eps_growth_year": 30.61,
            "eps_4q": 1.79,
            "eps_4q_growth_year": -17.18,
            "roe": 4.56,
            "roe_4q": 13.73,
            "gross_profit": 437342,
            "gross_margin": 9.89,
            "gross_margin_4q_avg": 10.02,
            "net_income": 236848,
            "revenue": 4423362,
            "common_shares": 4150000,
            "book_valuer_per_share": 12.08,
            "book_valuer_per_share_4q_avg": 11.23,
            "equity": 5012057,
            "current_ratio": 112.03,
            "debt_ratio": 48.5,
            "inventory_turnover_ratio": 1.34,
            "account_receivable_turnover_ratio": null,
            "reinvestment_rate": -3.27,
            "research_to_sale_ratio": null,
            "price_fair": 11.78,
            "eps_avg_yearly": 3.93,
            "eps_latest_yearly": 2.56,
            "eps_growth_yearly": -6.96
        },
        "20062": {
            "year_quarter": 20062,
            "year": 2006,
            "quarter": 2,
            "eps": 0.84,
            "eps_growth_year": null,
            "eps_4q": 2.91,
            "eps_4q_growth_year": 148.96,
            "roe": 6.68,
            "roe_4q": 24.25,
            "gross_profit": 452063,
            "gross_margin": 12.3,
            "gross_margin_4q_avg": 10.7,
            "net_income": 335228,
            "revenue": 3674660,
            "common_shares": 4150000,
            "book_valuer_per_share": 12.09,
            "book_valuer_per_share_4q_avg": 11.63,
            "equity": 5017838,
            "current_ratio": 107.33,
            "debt_ratio": 45.78,
            "inventory_turnover_ratio": 3.43,
            "account_receivable_turnover_ratio": null,
            "reinvestment_rate": -3.49,
            "research_to_sale_ratio": null,
            "price_fair": 102.3,
            "eps_avg_yearly": 3.96,
            "eps_latest_yearly": 3.36,
            "eps_growth_yearly": 15.85
        },
        "20063": {
            "year_quarter": 20063,
            "year": 2006,
            "quarter": 3,
            "eps": 1.15,
            "eps_growth_year": 36.9,
            "eps_4q": 3.26,
            "eps_4q_growth_year": 153.91,
            "roe": 8.69,
            "roe_4q": 25.48,
            "gross_profit": 466168,
            "gross_margin": 10.27,
            "gross_margin_4q_avg": 11.25,
            "net_income": 461459,
            "revenue": 4536948,
            "common_shares": 4425500,
            "book_valuer_per_share": 12.66,
            "book_valuer_per_share_4q_avg": 12.08,
            "equity": 5603417,
            "current_ratio": 110.03,
            "debt_ratio": 52.54,
            "inventory_turnover_ratio": 4.91,
            "account_receivable_turnover_ratio": null,
            "reinvestment_rate": -3.55,
            "research_to_sale_ratio": null,
            "price_fair": 121.48,
            "eps_avg_yearly": 4.03,
            "eps_latest_yearly": 4.6,
            "eps_growth_yearly": 20.13
        },
        "20064": {
            "year_quarter": 20064,
            "year": 2006,
            "quarter": 4,
            "eps": 1.24,
            "eps_growth_year": 67.57,
            "eps_4q": 3.81,
            "eps_4q_growth_year": 133.26,
            "roe": 7.99,
            "roe_4q": 27.919999999999998,
            "gross_profit": 961097,
            "gross_margin": 18.33,
            "gross_margin_4q_avg": 12.7,
            "net_income": 499625,
            "revenue": 5244500,
            "common_shares": 4425500,
            "book_valuer_per_share": 14.1,
            "book_valuer_per_share_4q_avg": 12.73,
            "equity": 6901024,
            "current_ratio": 138.37,
            "debt_ratio": 65.17,
            "inventory_turnover_ratio": 1.52,
            "account_receivable_turnover_ratio": null,
            "reinvestment_rate": 52.63,
            "research_to_sale_ratio": null,
            "price_fair": 83.84,
            "eps_avg_yearly": 4.03,
            "eps_latest_yearly": 4.96,
            "eps_growth_yearly": 10.81
        },
        "20071": {
            "year_quarter": 20071,
            "year": 2007,
            "quarter": 1,
            "eps": 0.97,
            "eps_growth_year": 51.56,
            "eps_4q": 4.13,
            "eps_4q_growth_year": 130.38,
            "roe": 5.82,
            "roe_4q": 29.18,
            "gross_profit": 587374,
            "gross_margin": 15.79,
            "gross_margin_4q_avg": 14.17,
            "net_income": 397519,
            "revenue": 3719402,
            "common_shares": 4425500,
            "book_valuer_per_share": 15.25,
            "book_valuer_per_share_4q_avg": 13.53,
            "equity": 6747820,
            "current_ratio": 149.09,
            "debt_ratio": 33.74,
            "inventory_turnover_ratio": 1.19,
            "account_receivable_turnover_ratio": null,
            "reinvestment_rate": -2.99,
            "research_to_sale_ratio": null,
            "price_fair": 46.38,
            "eps_avg_yearly": 3.91,
            "eps_latest_yearly": 3.88,
            "eps_growth_yearly": 1.85
        },
        "20072": {
            "year_quarter": 20072,
            "year": 2007,
            "quarter": 2,
            "eps": 1.37,
            "eps_growth_year": 63.1,
            "eps_4q": 4.3,
            "eps_4q_growth_year": 48,
            "roe": 9.56,
            "roe_4q": 32.06,
            "gross_profit": 685928,
            "gross_margin": 16.65,
            "gross_margin_4q_avg": 15.26,
            "net_income": 634698,
            "revenue": 4120637,
            "common_shares": 4425500,
            "book_valuer_per_share": 14.76,
            "book_valuer_per_share_4q_avg": 14.19,
            "equity": 6530852,
            "current_ratio": 122.11,
            "debt_ratio": 39.86,
            "inventory_turnover_ratio": 10.56,
            "account_receivable_turnover_ratio": null,
            "reinvestment_rate": -2.6,
            "research_to_sale_ratio": null,
            "price_fair": 115.88,
            "eps_avg_yearly": 3.99,
            "eps_latest_yearly": 5.48,
            "eps_growth_yearly": 19.05
        },
        "20073": {
            "year_quarter": 20073,
            "year": 2007,
            "quarter": 3,
            "eps": 1.94,
            "eps_growth_year": 68.7,
            "eps_4q": 5.24,
            "eps_4q_growth_year": 60.91,
            "roe": 12.73,
            "roe_4q": 36.1,
            "gross_profit": 796764,
            "gross_margin": 17.39,
            "gross_margin_4q_avg": 17.04,
            "net_income": 899739,
            "revenue": 4580593,
            "common_shares": 5009000,
            "book_valuer_per_share": 15.19,
            "book_valuer_per_share_4q_avg": 14.83,
            "equity": 7609671,
            "current_ratio": 133.92,
            "debt_ratio": 36.5,
            "inventory_turnover_ratio": 10.89,
            "account_receivable_turnover_ratio": null,
            "reinvestment_rate": -2.34,
            "research_to_sale_ratio": null,
            "price_fair": 105.6,
            "eps_avg_yearly": 4.06,
            "eps_latest_yearly": 7.76,
            "eps_growth_yearly": 16.01
        },
        "20074": {
            "year_quarter": 20074,
            "year": 2007,
            "quarter": 4,
            "eps": 1.62,
            "eps_growth_year": 30.65,
            "eps_4q": 5.75,
            "eps_4q_growth_year": 51.09,
            "roe": 9.65,
            "roe_4q": 37.760000000000005,
            "gross_profit": 773826,
            "gross_margin": 18.87,
            "gross_margin_4q_avg": 17.18,
            "net_income": 757996,
            "revenue": 4101075,
            "common_shares": 5009000,
            "book_valuer_per_share": 15.32,
            "book_valuer_per_share_4q_avg": 15.13,
            "equity": 8102326,
            "current_ratio": 130.85,
            "debt_ratio": 65.68,
            "inventory_turnover_ratio": 1.11,
            "account_receivable_turnover_ratio": null,
            "reinvestment_rate": 43.86,
            "research_to_sale_ratio": null,
            "price_fair": 87.53,
            "eps_avg_yearly": 4.05,
            "eps_latest_yearly": 6.48,
            "eps_growth_yearly": 11.64
        },
        "20081": {
            "year_quarter": 20081,
            "year": 2008,
            "quarter": 1,
            "eps": 1.38,
            "eps_growth_year": 42.27,
            "eps_4q": 6.41,
            "eps_4q_growth_year": 55.16,
            "roe": 7.87,
            "roe_4q": 39.81,
            "gross_profit": 1568881,
            "gross_margin": 16.38,
            "gross_margin_4q_avg": 17.32,
            "net_income": 627182,
            "revenue": 9578644,
            "common_shares": 5009000,
            "book_valuer_per_share": 14.81,
            "book_valuer_per_share_4q_avg": 15.02,
            "equity": 7834206,
            "current_ratio": 125.24,
            "debt_ratio": 66.35,
            "inventory_turnover_ratio": 1.36,
            "account_receivable_turnover_ratio": null,
            "reinvestment_rate": 77.58,
            "research_to_sale_ratio": null,
            "price_fair": 79.99,
            "eps_avg_yearly": 4.01,
            "eps_latest_yearly": 5.52,
            "eps_growth_yearly": 9.97
        },
        "20082": {
            "year_quarter": 20082,
            "year": 2008,
            "quarter": 2,
            "eps": 1.21,
            "eps_growth_year": -11.68,
            "eps_4q": 5.6,
            "eps_4q_growth_year": 30.12,
            "roe": 8.57,
            "roe_4q": 38.82000000000001,
            "gross_profit": 1963719,
            "gross_margin": 17.54,
            "gross_margin_4q_avg": 17.55,
            "net_income": 624297,
            "revenue": 11195518,
            "common_shares": 5009000,
            "book_valuer_per_share": 12.65,
            "book_valuer_per_share_4q_avg": 14.49,
            "equity": 6728321,
            "current_ratio": 115.34,
            "debt_ratio": 75.58,
            "inventory_turnover_ratio": 1.39,
            "account_receivable_turnover_ratio": null,
            "reinvestment_rate": 78.24,
            "research_to_sale_ratio": null,
            "price_fair": 147.3,
            "eps_avg_yearly": 4.21,
            "eps_latest_yearly": 4.84,
            "eps_growth_yearly": 25.62
        },
        "20083": {
            "year_quarter": 20083,
            "year": 2008,
            "quarter": 3,
            "eps": 2.1,
            "eps_growth_year": 8.25,
            "eps_4q": 6.09,
            "eps_4q_growth_year": 16.12,
            "roe": 14.27,
            "roe_4q": 40.36,
            "gross_profit": 2682163,
            "gross_margin": 17.5,
            "gross_margin_4q_avg": 17.57,
            "net_income": 1049945,
            "revenue": 15326368,
            "common_shares": 5570000,
            "book_valuer_per_share": 13.59,
            "book_valuer_per_share_4q_avg": 14.09,
            "equity": 7984306,
            "current_ratio": 117.54,
            "debt_ratio": 76.49,
            "inventory_turnover_ratio": 1.65,
            "account_receivable_turnover_ratio": null,
            "reinvestment_rate": 77.82,
            "research_to_sale_ratio": null,
            "price_fair": 161,
            "eps_avg_yearly": 4.6,
            "eps_latest_yearly": 8.4,
            "eps_growth_yearly": 33.5
        },
        "20084": {
            "year_quarter": 20084,
            "year": 2008,
            "quarter": 4,
            "eps": 1.23,
            "eps_growth_year": -24.07,
            "eps_4q": 6.2,
            "eps_4q_growth_year": 7.9,
            "roe": 6.91,
            "roe_4q": 37.62,
            "gross_profit": 1881069,
            "gross_margin": 15.29,
            "gross_margin_4q_avg": 16.68,
            "net_income": 575161,
            "revenue": 12305517,
            "common_shares": 5570000,
            "book_valuer_per_share": 14.89,
            "book_valuer_per_share_4q_avg": 13.99,
            "equity": 8669648,
            "current_ratio": 108.28,
            "debt_ratio": 69.26,
            "inventory_turnover_ratio": 1.46,
            "account_receivable_turnover_ratio": 2.49,
            "reinvestment_rate": 43.98,
            "research_to_sale_ratio": null,
            "price_fair": 169.2,
            "eps_avg_yearly": 4.83,
            "eps_latest_yearly": 4.92,
            "eps_growth_yearly": 34.18
        },
        "20091": {
            "year_quarter": 20091,
            "year": 2009,
            "quarter": 1,
            "eps": 0.96,
            "eps_growth_year": -30.43,
            "eps_4q": 5.85,
            "eps_4q_growth_year": -8.82,
            "roe": 4.83,
            "roe_4q": 34.58,
            "gross_profit": 1936742,
            "gross_margin": 18.57,
            "gross_margin_4q_avg": 17.23,
            "net_income": 452476,
            "revenue": 10428787,
            "common_shares": 5570000,
            "book_valuer_per_share": 16.6,
            "book_valuer_per_share_4q_avg": 14.43,
            "equity": 10067345,
            "current_ratio": 131.71,
            "debt_ratio": 62.5,
            "inventory_turnover_ratio": 1.43,
            "account_receivable_turnover_ratio": 1.09,
            "reinvestment_rate": 79.24,
            "research_to_sale_ratio": null,
            "price_fair": 160.66,
            "eps_avg_yearly": 4.97,
            "eps_latest_yearly": 3.84,
            "eps_growth_yearly": 22.34
        },
        "20092": {
            "year_quarter": 20092,
            "year": 2009,
            "quarter": 2,
            "eps": 1.47,
            "eps_growth_year": 21.49,
            "eps_4q": 5.48,
            "eps_4q_growth_year": -2.08,
            "roe": 7.81,
            "roe_4q": 33.82,
            "gross_profit": 2168618,
            "gross_margin": 18.87,
            "gross_margin_4q_avg": 17.56,
            "net_income": 788504,
            "revenue": 11491160,
            "common_shares": 5570000,
            "book_valuer_per_share": 16.71,
            "book_valuer_per_share_4q_avg": 15.45,
            "equity": 10119198,
            "current_ratio": 127.64,
            "debt_ratio": 65.16,
            "inventory_turnover_ratio": 1.51,
            "account_receivable_turnover_ratio": 1.2,
            "reinvestment_rate": 68.82,
            "research_to_sale_ratio": null,
            "price_fair": 176.03,
            "eps_avg_yearly": 5.03,
            "eps_latest_yearly": 5.88,
            "eps_growth_yearly": 35.01
        },
        "20093": {
            "year_quarter": 20093,
            "year": 2009,
            "quarter": 3,
            "eps": 2.18,
            "eps_growth_year": 3.81,
            "eps_4q": 5.57,
            "eps_4q_growth_year": -8.47,
            "roe": 10.88,
            "roe_4q": 30.430000000000003,
            "gross_profit": 2813488,
            "gross_margin": 17.51,
            "gross_margin_4q_avg": 17.56,
            "net_income": 1193777,
            "revenue": 16063456,
            "common_shares": 5912778,
            "book_valuer_per_share": 18.2,
            "book_valuer_per_share_4q_avg": 16.6,
            "equity": 11830944,
            "current_ratio": 132.12,
            "debt_ratio": 64.55,
            "inventory_turnover_ratio": 1.93,
            "account_receivable_turnover_ratio": 1.39,
            "reinvestment_rate": 64.85,
            "research_to_sale_ratio": null,
            "price_fair": 184.1,
            "eps_avg_yearly": 5.26,
            "eps_latest_yearly": 8.72,
            "eps_growth_yearly": 44.9
        },
        "20094": {
            "year_quarter": 20094,
            "year": 2009,
            "quarter": 4,
            "eps": 1.67,
            "eps_growth_year": 35.77,
            "eps_4q": 6.09,
            "eps_4q_growth_year": -1.86,
            "roe": 6.85,
            "roe_4q": 30.369999999999997,
            "gross_profit": 2908003,
            "gross_margin": 18.22,
            "gross_margin_4q_avg": 18.29,
            "net_income": 852635,
            "revenue": 15964505,
            "common_shares": 5912778,
            "book_valuer_per_share": 21.98,
            "book_valuer_per_share_4q_avg": 18.37,
            "equity": 13072668,
            "current_ratio": 138.75,
            "debt_ratio": 60.61,
            "inventory_turnover_ratio": 1.89,
            "account_receivable_turnover_ratio": 2.75,
            "reinvestment_rate": 56.25,
            "research_to_sale_ratio": null,
            "price_fair": 192.24,
            "eps_avg_yearly": 5.49,
            "eps_latest_yearly": 6.68,
            "eps_growth_yearly": 42.03
        },
        "20101": {
            "year_quarter": 20101,
            "year": 2010,
            "quarter": 1,
            "eps": 1.66,
            "eps_growth_year": 72.92,
            "eps_4q": 6.85,
            "eps_4q_growth_year": 17.2,
            "roe": 6.77,
            "roe_4q": 32.31,
            "gross_profit": 2227349,
            "gross_margin": 16.15,
            "gross_margin_4q_avg": 17.69,
            "net_income": 939719,
            "revenue": 13792018,
            "common_shares": 5912670,
            "book_valuer_per_share": 24.76,
            "book_valuer_per_share_4q_avg": 20.41,
            "equity": 14699782,
            "current_ratio": 144.16,
            "debt_ratio": 59.54,
            "inventory_turnover_ratio": 1.62,
            "account_receivable_turnover_ratio": 1.19,
            "reinvestment_rate": 86.05,
            "research_to_sale_ratio": 2.36,
            "price_fair": 201.16,
            "eps_avg_yearly": 5.75,
            "eps_latest_yearly": 6.64,
            "eps_growth_yearly": 45.26
        },
        "20102": {
            "year_quarter": 20102,
            "year": 2010,
            "quarter": 2,
            "eps": 1.3,
            "eps_growth_year": -11.43,
            "eps_4q": 6.13,
            "eps_4q_growth_year": 11.91,
            "roe": 5.87,
            "roe_4q": 30.370000000000005,
            "gross_profit": 2118780,
            "gross_margin": 14.08,
            "gross_margin_4q_avg": 16.49,
            "net_income": 844104,
            "revenue": 15052102,
            "common_shares": 5912670,
            "book_valuer_per_share": 23.51,
            "book_valuer_per_share_4q_avg": 22.11,
            "equity": 14053112,
            "current_ratio": 136.91,
            "debt_ratio": 64.3,
            "inventory_turnover_ratio": 1.6,
            "account_receivable_turnover_ratio": 1.24,
            "reinvestment_rate": 86,
            "research_to_sale_ratio": 2.41,
            "price_fair": 205.19,
            "eps_avg_yearly": 5.86,
            "eps_latest_yearly": 5.2,
            "eps_growth_yearly": 32.02
        },
        "20103": {
            "year_quarter": 20103,
            "year": 2010,
            "quarter": 3,
            "eps": 1.6,
            "eps_growth_year": -26.78,
            "eps_4q": 6.07,
            "eps_4q_growth_year": 8.96,
            "roe": 6.9,
            "roe_4q": 26.39,
            "gross_profit": 2226806,
            "gross_margin": 14.09,
            "gross_margin_4q_avg": 15.64,
            "net_income": 1009515,
            "revenue": 15808519,
            "common_shares": 6256144,
            "book_valuer_per_share": 23.92,
            "book_valuer_per_share_4q_avg": 23.54,
            "equity": 15224750,
            "current_ratio": 129.02,
            "debt_ratio": 63.38,
            "inventory_turnover_ratio": 1.57,
            "account_receivable_turnover_ratio": 1.21,
            "reinvestment_rate": 84.7,
            "research_to_sale_ratio": 2.31,
            "price_fair": 209.13,
            "eps_avg_yearly": 5.98,
            "eps_latest_yearly": 6.4,
            "eps_growth_yearly": 28.57
        },
        "20104": {
            "year_quarter": 20104,
            "year": 2010,
            "quarter": 4,
            "eps": 1.74,
            "eps_growth_year": 4.02,
            "eps_4q": 6.27,
            "eps_4q_growth_year": 3.03,
            "roe": 6.69,
            "roe_4q": 26.23,
            "gross_profit": 2304765,
            "gross_margin": 14.6,
            "gross_margin_4q_avg": 14.73,
            "net_income": 1018902,
            "revenue": 15784677,
            "common_shares": 6256144,
            "book_valuer_per_share": 24.02,
            "book_valuer_per_share_4q_avg": 24.05,
            "equity": 15256599,
            "current_ratio": 147.59,
            "debt_ratio": 58.42,
            "inventory_turnover_ratio": 1.64,
            "account_receivable_turnover_ratio": 1.24,
            "reinvestment_rate": 48.69,
            "research_to_sale_ratio": 2.18,
            "price_fair": 213.5,
            "eps_avg_yearly": 6.1,
            "eps_latest_yearly": 6.96,
            "eps_growth_yearly": 28.8
        },
        "20111": {
            "year_quarter": 20111,
            "year": 2011,
            "quarter": 1,
            "eps": 1.68,
            "eps_growth_year": 1.2,
            "eps_4q": 6.39,
            "eps_4q_growth_year": -6.81,
            "roe": 5.61,
            "roe_4q": 25.070000000000004,
            "gross_profit": 1619944,
            "gross_margin": 12.3,
            "gross_margin_4q_avg": 13.77,
            "net_income": 1017609,
            "revenue": 13171077,
            "common_shares": 6256144,
            "book_valuer_per_share": 33.67,
            "book_valuer_per_share_4q_avg": 26.28,
            "equity": 20994413,
            "current_ratio": 141.5,
            "debt_ratio": 54.96,
            "inventory_turnover_ratio": 1.46,
            "account_receivable_turnover_ratio": 1.12,
            "reinvestment_rate": 94.71,
            "research_to_sale_ratio": 2.5,
            "price_fair": 219.71,
            "eps_avg_yearly": 6.28,
            "eps_latest_yearly": 6.72,
            "eps_growth_yearly": 33.38
        },
        "20112": {
            "year_quarter": 20112,
            "year": 2011,
            "quarter": 2,
            "eps": 1.94,
            "eps_growth_year": 48.75,
            "eps_4q": 6.47,
            "eps_4q_growth_year": 5.53,
            "roe": 6.42,
            "roe_4q": 25.620000000000005,
            "gross_profit": 2127966,
            "gross_margin": 14.46,
            "gross_margin_4q_avg": 13.86,
            "net_income": 1285311,
            "revenue": 14715781,
            "common_shares": 6156144,
            "book_valuer_per_share": 30.27,
            "book_valuer_per_share_4q_avg": 27.97,
            "equity": 19033703,
            "current_ratio": 120.11,
            "debt_ratio": 59.45,
            "inventory_turnover_ratio": 1.47,
            "account_receivable_turnover_ratio": 1.2,
            "reinvestment_rate": 92.4,
            "research_to_sale_ratio": 3.12,
            "price_fair": 224.7,
            "eps_avg_yearly": 6.42,
            "eps_latest_yearly": 7.76,
            "eps_growth_yearly": 26.94
        },
        "20113": {
            "year_quarter": 20113,
            "year": 2011,
            "quarter": 3,
            "eps": 2.07,
            "eps_growth_year": 29.73,
            "eps_4q": 7.37,
            "eps_4q_growth_year": 21.44,
            "roe": 7.09,
            "roe_4q": 25.810000000000002,
            "gross_profit": 2575003,
            "gross_margin": 16.11,
            "gross_margin_4q_avg": 14.37,
            "net_income": 1338018,
            "revenue": 15982555,
            "common_shares": 6444436,
            "book_valuer_per_share": 28.32,
            "book_valuer_per_share_4q_avg": 29.07,
            "equity": 18706447,
            "current_ratio": 128.85,
            "debt_ratio": 59.92,
            "inventory_turnover_ratio": 1.51,
            "account_receivable_turnover_ratio": 1.14,
            "reinvestment_rate": 89.05,
            "research_to_sale_ratio": 2.66,
            "price_fair": 182.03,
            "eps_avg_yearly": 6.45,
            "eps_latest_yearly": 8.28,
            "eps_growth_yearly": 18.21
        },
        "20114": {
            "year_quarter": 20114,
            "year": 2011,
            "quarter": 4,
            "eps": 1.1,
            "eps_growth_year": -36.49,
            "eps_4q": 6.82,
            "eps_4q_growth_year": 8.71,
            "roe": 3.98,
            "roe_4q": 23.1,
            "gross_profit": 2674824,
            "gross_margin": 15.91,
            "gross_margin_4q_avg": 14.7,
            "net_income": 738272,
            "revenue": 16816633,
            "common_shares": 6444436,
            "book_valuer_per_share": 27.62,
            "book_valuer_per_share_4q_avg": 29.97,
            "equity": 18373551,
            "current_ratio": 130.87,
            "debt_ratio": 57.14,
            "inventory_turnover_ratio": 1.75,
            "account_receivable_turnover_ratio": 1.15,
            "reinvestment_rate": 57.77,
            "research_to_sale_ratio": 2.3,
            "price_fair": 130.37,
            "eps_avg_yearly": 6.32,
            "eps_latest_yearly": 4.4,
            "eps_growth_yearly": 10.62
        },
        "20121": {
            "year_quarter": 20121,
            "year": 2012,
            "quarter": 1,
            "eps": 1.19,
            "eps_growth_year": -29.17,
            "eps_4q": 6.41,
            "eps_4q_growth_year": 0.35,
            "roe": 4.06,
            "roe_4q": 21.549999999999997,
            "gross_profit": 2121767,
            "gross_margin": 15.28,
            "gross_margin_4q_avg": 15.44,
            "net_income": 756074,
            "revenue": 13883647,
            "common_shares": 6444436,
            "book_valuer_per_share": 28.31,
            "book_valuer_per_share_4q_avg": 28.63,
            "equity": 18860847,
            "current_ratio": 135.38,
            "debt_ratio": 55.26,
            "inventory_turnover_ratio": 1.51,
            "account_receivable_turnover_ratio": 1.01,
            "reinvestment_rate": 56.18,
            "research_to_sale_ratio": 3.55,
            "price_fair": 165.47,
            "eps_avg_yearly": 6.28,
            "eps_latest_yearly": 4.76,
            "eps_growth_yearly": 16.37
        },
        "20122": {
            "year_quarter": 20122,
            "year": 2012,
            "quarter": 2,
            "eps": 1.1,
            "eps_growth_year": -43.29,
            "eps_4q": 5.04,
            "eps_4q_growth_year": -22.13,
            "roe": 4.42,
            "roe_4q": 19.55,
            "gross_profit": 2415954,
            "gross_margin": 15.28,
            "gross_margin_4q_avg": 15.65,
            "net_income": 791794,
            "revenue": 15806042,
            "common_shares": 6444436,
            "book_valuer_per_share": 25.07,
            "book_valuer_per_share_4q_avg": 27.33,
            "equity": 16959951,
            "current_ratio": 132.64,
            "debt_ratio": 60.96,
            "inventory_turnover_ratio": 1.63,
            "account_receivable_turnover_ratio": 1.14,
            "reinvestment_rate": 51.21,
            "research_to_sale_ratio": 1.92,
            "price_fair": 172.17,
            "eps_avg_yearly": 6.25,
            "eps_latest_yearly": 4.4,
            "eps_growth_yearly": 17.56
        },
        "20123": {
            "year_quarter": 20123,
            "year": 2012,
            "quarter": 3,
            "eps": 1.75,
            "eps_growth_year": -15.66,
            "eps_4q": 5.09,
            "eps_4q_growth_year": -30.91,
            "roe": 6.94,
            "roe_4q": 19.4,
            "gross_profit": 3058258,
            "gross_margin": 17.16,
            "gross_margin_4q_avg": 15.91,
            "net_income": 1218366,
            "revenue": 17820879,
            "common_shares": 6757782,
            "book_valuer_per_share": 25.42,
            "book_valuer_per_share_4q_avg": 26.61,
            "equity": 18166822,
            "current_ratio": 142.9,
            "debt_ratio": 60.15,
            "inventory_turnover_ratio": 1.73,
            "account_receivable_turnover_ratio": 1.14,
            "reinvestment_rate": 48.06,
            "research_to_sale_ratio": 2.72,
            "price_fair": 147.49,
            "eps_avg_yearly": 6.16,
            "eps_latest_yearly": 7,
            "eps_growth_yearly": 13.94
        },
        "20124": {
            "year_quarter": 20124,
            "year": 2012,
            "quarter": 4,
            "eps": 1.97,
            "eps_growth_year": 78.27,
            "eps_4q": 6.01,
            "eps_4q_growth_year": -11.86,
            "roe": 7.41,
            "roe_4q": 22.830000000000002,
            "gross_profit": 3088336,
            "gross_margin": 15.44,
            "gross_margin_4q_avg": 15.79,
            "net_income": 1373609,
            "revenue": 19999083,
            "common_shares": 6757782,
            "book_valuer_per_share": 26.37,
            "book_valuer_per_share_4q_avg": 26.29,
            "equity": 18892736,
            "current_ratio": 145.79,
            "debt_ratio": 58.99,
            "inventory_turnover_ratio": 1.95,
            "account_receivable_turnover_ratio": 1.18,
            "reinvestment_rate": 43.49,
            "research_to_sale_ratio": 1.71,
            "price_fair": 222.08,
            "eps_avg_yearly": 6.35,
            "eps_latest_yearly": 7.88,
            "eps_growth_yearly": 27.44
        },
        "20131": {
            "year_quarter": 20131,
            "year": 2013,
            "quarter": 1,
            "eps": 1.49,
            "eps_growth_year": 25.21,
            "eps_4q": 6.36,
            "eps_4q_growth_year": -0.7,
            "roe": 4.98,
            "roe_4q": 23.75,
            "gross_profit": 2579120,
            "gross_margin": 14.99,
            "gross_margin_4q_avg": 15.72,
            "net_income": 993442,
            "revenue": 17209440,
            "common_shares": 6757782,
            "book_valuer_per_share": 29.54,
            "book_valuer_per_share_4q_avg": 26.6,
            "equity": 21004913,
            "current_ratio": 154.97,
            "debt_ratio": 54.96,
            "inventory_turnover_ratio": 1.65,
            "account_receivable_turnover_ratio": 1.03,
            "reinvestment_rate": 40.48,
            "research_to_sale_ratio": 2.68,
            "price_fair": 226.71,
            "eps_avg_yearly": 6.48,
            "eps_latest_yearly": 5.96,
            "eps_growth_yearly": 26.84
        },
        "20132": {
            "year_quarter": 20132,
            "year": 2013,
            "quarter": 2,
            "eps": 1.37,
            "eps_growth_year": 24.73,
            "eps_4q": 6.21,
            "eps_4q_growth_year": 23.22,
            "roe": 4.71,
            "roe_4q": 24.040000000000003,
            "gross_profit": 2591415,
            "gross_margin": 14.42,
            "gross_margin_4q_avg": 15.5,
            "net_income": 975655,
            "revenue": 17968046,
            "common_shares": 6757782,
            "book_valuer_per_share": 28.48,
            "book_valuer_per_share_4q_avg": 27.45,
            "equity": 20416159,
            "current_ratio": 140.24,
            "debt_ratio": 57.67,
            "inventory_turnover_ratio": 1.76,
            "account_receivable_turnover_ratio": 1.06,
            "reinvestment_rate": 43.94,
            "research_to_sale_ratio": 2.85,
            "price_fair": 139.01,
            "eps_avg_yearly": 6.45,
            "eps_latest_yearly": 5.48,
            "eps_growth_yearly": 11.54
        },
        "20133": {
            "year_quarter": 20133,
            "year": 2013,
            "quarter": 3,
            "eps": 1.43,
            "eps_growth_year": -18.12,
            "eps_4q": 6.2,
            "eps_4q_growth_year": 21.72,
            "roe": 5.15,
            "roe_4q": 22.25,
            "gross_profit": 2857290,
            "gross_margin": 15.59,
            "gross_margin_4q_avg": 15.11,
            "net_income": 1079900,
            "revenue": 18332492,
            "common_shares": 6867216,
            "book_valuer_per_share": 29.29,
            "book_valuer_per_share_4q_avg": 28.42,
            "equity": 21545951,
            "current_ratio": 131.64,
            "debt_ratio": 56.5,
            "inventory_turnover_ratio": 1.82,
            "account_receivable_turnover_ratio": 1.01,
            "reinvestment_rate": 41.71,
            "research_to_sale_ratio": 3.17,
            "price_fair": 62.65,
            "eps_avg_yearly": 6.27,
            "eps_latest_yearly": 5.72,
            "eps_growth_yearly": 0.56
        },
        "20134": {
            "year_quarter": 20134,
            "year": 2013,
            "quarter": 4,
            "eps": 1.55,
            "eps_growth_year": -21.17,
            "eps_4q": 5.82,
            "eps_4q_growth_year": -3.22,
            "roe": 4.71,
            "roe_4q": 19.55,
            "gross_profit": 3411114,
            "gross_margin": 16.22,
            "gross_margin_4q_avg": 15.31,
            "net_income": 1080744,
            "revenue": 21029170,
            "common_shares": 6867216,
            "book_valuer_per_share": 32.31,
            "book_valuer_per_share_4q_avg": 29.91,
            "equity": 24303309,
            "current_ratio": 141.07,
            "debt_ratio": 52.25,
            "inventory_turnover_ratio": 2.02,
            "account_receivable_turnover_ratio": 1.13,
            "reinvestment_rate": 25.9,
            "research_to_sale_ratio": 2.4,
            "price_fair": 115.42,
            "eps_avg_yearly": 6.24,
            "eps_latest_yearly": 6.2,
            "eps_growth_yearly": 8.51
        },
        "20141": {
            "year_quarter": 20141,
            "year": 2014,
            "quarter": 1,
            "eps": 1.04,
            "eps_growth_year": -30.2,
            "eps_4q": 5.39,
            "eps_4q_growth_year": -15.32,
            "roe": 3.04,
            "roe_4q": 17.61,
            "gross_profit": 2521972,
            "gross_margin": 14.87,
            "gross_margin_4q_avg": 15.28,
            "net_income": 745766,
            "revenue": 16956523,
            "common_shares": 6867216,
            "book_valuer_per_share": 32.93,
            "book_valuer_per_share_4q_avg": 30.75,
            "equity": 24823428,
            "current_ratio": 137.3,
            "debt_ratio": 51.61,
            "inventory_turnover_ratio": 1.64,
            "account_receivable_turnover_ratio": 0.98,
            "reinvestment_rate": 28.22,
            "research_to_sale_ratio": 2.81,
            "price_fair": 60.8,
            "eps_avg_yearly": 6.08,
            "eps_latest_yearly": 4.16,
            "eps_growth_yearly": 0.43
        },
        "20142": {
            "year_quarter": 20142,
            "year": 2014,
            "quarter": 2,
            "eps": 1.53,
            "eps_growth_year": 11.68,
            "eps_4q": 5.25,
            "eps_4q_growth_year": -15.56,
            "roe": 4.93,
            "roe_4q": 17.83,
            "gross_profit": 2967457,
            "gross_margin": 15.63,
            "gross_margin_4q_avg": 15.58,
            "net_income": 1161036,
            "revenue": 18981372,
            "common_shares": 6867216,
            "book_valuer_per_share": 29.26,
            "book_valuer_per_share_4q_avg": 30.95,
            "equity": 22235748,
            "current_ratio": 125.54,
            "debt_ratio": 54.95,
            "inventory_turnover_ratio": 1.91,
            "account_receivable_turnover_ratio": 1.15,
            "reinvestment_rate": 28.73,
            "research_to_sale_ratio": 2.72,
            "price_fair": 169.61,
            "eps_avg_yearly": 6.14,
            "eps_latest_yearly": 6.12,
            "eps_growth_yearly": 17.64
        },
        "20143": {
            "year_quarter": 20143,
            "year": 2014,
            "quarter": 3,
            "eps": 1.53,
            "eps_growth_year": 6.99,
            "eps_4q": 5.62,
            "eps_4q_growth_year": -9.37,
            "roe": 5.22,
            "roe_4q": 17.9,
            "gross_profit": 3277104,
            "gross_margin": 16.39,
            "gross_margin_4q_avg": 15.78,
            "net_income": 1200780,
            "revenue": 19996569,
            "common_shares": 6948654,
            "book_valuer_per_share": 30.77,
            "book_valuer_per_share_4q_avg": 31.32,
            "equity": 23797964,
            "current_ratio": 124.57,
            "debt_ratio": 56.17,
            "inventory_turnover_ratio": 1.9,
            "account_receivable_turnover_ratio": 1.12,
            "reinvestment_rate": 32.43,
            "research_to_sale_ratio": 2.8,
            "price_fair": 133.82,
            "eps_avg_yearly": 6.12,
            "eps_latest_yearly": 6.12,
            "eps_growth_yearly": 11.87
        },
        "20144": {
            "year_quarter": 20144,
            "year": 2014,
            "quarter": 4,
            "eps": 2.11,
            "eps_growth_year": 36.24,
            "eps_4q": 6.2,
            "eps_4q_growth_year": 6.6,
            "roe": 6.24,
            "roe_4q": 19.43,
            "gross_profit": 3779717,
            "gross_margin": 15.63,
            "gross_margin_4q_avg": 15.63,
            "net_income": 1548248,
            "revenue": 24176228,
            "common_shares": 6948654,
            "book_valuer_per_share": 33.62,
            "book_valuer_per_share_4q_avg": 31.65,
            "equity": 25826642,
            "current_ratio": 126.71,
            "debt_ratio": 54.69,
            "inventory_turnover_ratio": 2.07,
            "account_receivable_turnover_ratio": 1.27,
            "reinvestment_rate": 39.29,
            "research_to_sale_ratio": 2.6,
            "price_fair": 181.13,
            "eps_avg_yearly": 6.21,
            "eps_latest_yearly": 8.44,
            "eps_growth_yearly": 19.16
        },
        "20151": {
            "year_quarter": 20151,
            "year": 2015,
            "quarter": 1,
            "eps": 0.91,
            "eps_growth_year": -12.5,
            "eps_4q": 6.09,
            "eps_4q_growth_year": 12.93,
            "roe": 2.65,
            "roe_4q": 19.04,
            "gross_profit": 2582116,
            "gross_margin": 14.34,
            "gross_margin_4q_avg": 15.5,
            "net_income": 687421,
            "revenue": 18003350,
            "common_shares": 6948654,
            "book_valuer_per_share": 33.93,
            "book_valuer_per_share_4q_avg": 31.9,
            "equity": 26089317,
            "current_ratio": 132.67,
            "debt_ratio": 53.92,
            "inventory_turnover_ratio": 1.52,
            "account_receivable_turnover_ratio": 1.01,
            "reinvestment_rate": 25.11,
            "research_to_sale_ratio": 2.95,
            "price_fair": 95.11,
            "eps_avg_yearly": 6.02,
            "eps_latest_yearly": 3.64,
            "eps_growth_yearly": 5.8
        },
        "20152": {
            "year_quarter": 20152,
            "year": 2015,
            "quarter": 2,
            "eps": 1.57,
            "eps_growth_year": 2.61,
            "eps_4q": 5.74,
            "eps_4q_growth_year": 9.36,
            "roe": 4.96,
            "roe_4q": 19.07,
            "gross_profit": 2892484,
            "gross_margin": 14.28,
            "gross_margin_4q_avg": 15.16,
            "net_income": 1198330,
            "revenue": 20260552,
            "common_shares": 6948654,
            "book_valuer_per_share": 28.89,
            "book_valuer_per_share_4q_avg": 31.8,
            "equity": 22276048,
            "current_ratio": 115.21,
            "debt_ratio": 61.64,
            "inventory_turnover_ratio": 1.8,
            "account_receivable_turnover_ratio": 1.13,
            "reinvestment_rate": 25.04,
            "research_to_sale_ratio": 2.77,
            "price_fair": 178.2,
            "eps_avg_yearly": 5.93,
            "eps_latest_yearly": 6.28,
            "eps_growth_yearly": 20.06
        },
        "20153": {
            "year_quarter": 20153,
            "year": 2015,
            "quarter": 3,
            "eps": 1.25,
            "eps_growth_year": -18.3,
            "eps_4q": 5.78,
            "eps_4q_growth_year": 2.93,
            "roe": 4.21,
            "roe_4q": 18.060000000000002,
            "gross_profit": 3307009,
            "gross_margin": 15.72,
            "gross_margin_4q_avg": 14.99,
            "net_income": 984110,
            "revenue": 21031726,
            "common_shares": 7038101,
            "book_valuer_per_share": 31.66,
            "book_valuer_per_share_4q_avg": 32.03,
            "equity": 24529061,
            "current_ratio": 115.76,
            "debt_ratio": 61.02,
            "inventory_turnover_ratio": 1.85,
            "account_receivable_turnover_ratio": 1.03,
            "reinvestment_rate": 31.23,
            "research_to_sale_ratio": 2.94,
            "price_fair": 133.29,
            "eps_avg_yearly": 5.72,
            "eps_latest_yearly": 5,
            "eps_growth_yearly": 13.29
        },
        "20154": {
            "year_quarter": 20154,
            "year": 2015,
            "quarter": 4,
            "eps": 2.07,
            "eps_growth_year": -2.02,
            "eps_4q": 5.77,
            "eps_4q_growth_year": -6.95,
            "roe": 6.35,
            "roe_4q": 18.169999999999998,
            "gross_profit": 3470208,
            "gross_margin": 16.24,
            "gross_margin_4q_avg": 15.15,
            "net_income": 1609872,
            "revenue": 21367741,
            "common_shares": 7038101,
            "book_valuer_per_share": 33.54,
            "book_valuer_per_share_4q_avg": 32.01,
            "equity": 26204517,
            "current_ratio": 120.5,
            "debt_ratio": 55.63,
            "inventory_turnover_ratio": 1.84,
            "account_receivable_turnover_ratio": 1.07,
            "reinvestment_rate": 37.48,
            "research_to_sale_ratio": 2.41,
            "price_fair": 208.78,
            "eps_avg_yearly": 5.97,
            "eps_latest_yearly": 8.28,
            "eps_growth_yearly": 41.41
        },
        "20161": {
            "year_quarter": 20161,
            "year": 2016,
            "quarter": 1,
            "eps": 0.78,
            "eps_growth_year": -14.29,
            "eps_4q": 5.65,
            "eps_4q_growth_year": -7.17,
            "roe": 2.39,
            "roe_4q": 17.91,
            "gross_profit": 2494776,
            "gross_margin": 15,
            "gross_margin_4q_avg": 15.31,
            "net_income": 629156,
            "revenue": 16628810,
            "common_shares": 7038101,
            "book_valuer_per_share": 33.7,
            "book_valuer_per_share_4q_avg": 31.95,
            "equity": 26404667,
            "current_ratio": 122.5,
            "debt_ratio": 53.09,
            "inventory_turnover_ratio": 1.53,
            "account_receivable_turnover_ratio": 0.94,
            "reinvestment_rate": 40.56,
            "research_to_sale_ratio": 3.27,
            "price_fair": 198.04,
            "eps_avg_yearly": 5.86,
            "eps_latest_yearly": 3.12,
            "eps_growth_yearly": 23.78
        },
        "20162": {
            "year_quarter": 20162,
            "year": 2016,
            "quarter": 2,
            "eps": 1.23,
            "eps_growth_year": -21.66,
            "eps_4q": 5.03,
            "eps_4q_growth_year": -12.29,
            "roe": 3.86,
            "roe_4q": 16.81,
            "gross_profit": 2929192,
            "gross_margin": 16.04,
            "gross_margin_4q_avg": 15.75,
            "net_income": 978897,
            "revenue": 18259020,
            "common_shares": 7038101,
            "book_valuer_per_share": 30.87,
            "book_valuer_per_share_4q_avg": 32.44,
            "equity": 24262936,
            "current_ratio": 112.4,
            "debt_ratio": 58.17,
            "inventory_turnover_ratio": 1.74,
            "account_receivable_turnover_ratio": 1.04,
            "reinvestment_rate": 43.77,
            "research_to_sale_ratio": 3.07,
            "price_fair": 206.33,
            "eps_avg_yearly": 5.9,
            "eps_latest_yearly": 4.92,
            "eps_growth_yearly": 40.1
        },
        "20163": {
            "year_quarter": 20163,
            "year": 2016,
            "quarter": 3,
            "eps": 1.15,
            "eps_growth_year": -8,
            "eps_4q": 5.19,
            "eps_4q_growth_year": -10.24,
            "roe": 3.36,
            "roe_4q": 15.959999999999999,
            "gross_profit": 3972628,
            "gross_margin": 18.94,
            "gross_margin_4q_avg": 16.56,
            "net_income": 850002,
            "revenue": 20973216,
            "common_shares": 7120820,
            "book_valuer_per_share": 32.93,
            "book_valuer_per_share_4q_avg": 32.76,
            "equity": 26406629,
            "current_ratio": 119.07,
            "debt_ratio": 57.32,
            "inventory_turnover_ratio": 1.85,
            "account_receivable_turnover_ratio": 1.09,
            "reinvestment_rate": 42.41,
            "research_to_sale_ratio": 2.71,
            "price_fair": 193.59,
            "eps_avg_yearly": 5.75,
            "eps_latest_yearly": 4.6,
            "eps_growth_yearly": 23.7
        },
        "20164": {
            "year_quarter": 20164,
            "year": 2016,
            "quarter": 4,
            "eps": 2.09,
            "eps_growth_year": 1.09,
            "eps_4q": 5.25,
            "eps_4q_growth_year": -8.96,
            "roe": 6.74,
            "roe_4q": 16.349999999999998,
            "gross_profit": 4120853,
            "gross_margin": 19.48,
            "gross_margin_4q_avg": 17.37,
            "net_income": 1851016,
            "revenue": 21157014,
            "common_shares": 7120820,
            "book_valuer_per_share": 35.93,
            "book_valuer_per_share_4q_avg": 33.36,
            "equity": 28524933,
            "current_ratio": 120.44,
            "debt_ratio": 55.64,
            "inventory_turnover_ratio": 1.69,
            "account_receivable_turnover_ratio": 1.05,
            "reinvestment_rate": 29.28,
            "research_to_sale_ratio": 3.02,
            "price_fair": 202.13,
            "eps_avg_yearly": 5.78,
            "eps_latest_yearly": 8.36,
            "eps_growth_yearly": 40.99
        },
        "20171": {
            "year_quarter": 20171,
            "year": 2017,
            "quarter": 1,
            "eps": 0.9,
            "eps_growth_year": 15.38,
            "eps_4q": 5.38,
            "eps_4q_growth_year": -4.81,
            "roe": 2.44,
            "roe_4q": 16.4,
            "gross_profit": 2865562,
            "gross_margin": 16.91,
            "gross_margin_4q_avg": 17.84,
            "net_income": 692877,
            "revenue": 16942013,
            "common_shares": 7120820,
            "book_valuer_per_share": 35.25,
            "book_valuer_per_share_4q_avg": 33.75,
            "equity": 28277447,
            "current_ratio": 117.66,
            "debt_ratio": 56.47,
            "inventory_turnover_ratio": 1.38,
            "account_receivable_turnover_ratio": 0.91,
            "reinvestment_rate": 30.55,
            "research_to_sale_ratio": 3.48,
            "price_fair": 196.96,
            "eps_avg_yearly": 5.63,
            "eps_latest_yearly": 3.6,
            "eps_growth_yearly": 32.85
        },
        "20172": {
            "year_quarter": 20172,
            "year": 2017,
            "quarter": 2,
            "eps": 1.3,
            "eps_growth_year": 5.69,
            "eps_4q": 5.39,
            "eps_4q_growth_year": 7.15,
            "roe": 4.04,
            "roe_4q": 16.580000000000002,
            "gross_profit": 3204077,
            "gross_margin": 17.16,
            "gross_margin_4q_avg": 18.12,
            "net_income": 1103949,
            "revenue": 18669372,
            "common_shares": 7170339,
            "book_valuer_per_share": 32.68,
            "book_valuer_per_share_4q_avg": 34.2,
            "equity": 26353138,
            "current_ratio": 111.72,
            "debt_ratio": 58.31,
            "inventory_turnover_ratio": 1.55,
            "account_receivable_turnover_ratio": 1.03,
            "reinvestment_rate": 27.57,
            "research_to_sale_ratio": 3.41,
            "price_fair": 196.35,
            "eps_avg_yearly": 5.61,
            "eps_latest_yearly": 5.2,
            "eps_growth_yearly": 45.97
        },
        "20173": {
            "year_quarter": 20173,
            "year": 2017,
            "quarter": 3,
            "eps": 1.8,
            "eps_growth_year": 56.52,
            "eps_4q": 6.06,
            "eps_4q_growth_year": 16.71,
            "roe": 5.67,
            "roe_4q": 18.89,
            "gross_profit": 3764740,
            "gross_margin": 17.5,
            "gross_margin_4q_avg": 17.76,
            "net_income": 1530555,
            "revenue": 21509202,
            "common_shares": 7206051,
            "book_valuer_per_share": 34.19,
            "book_valuer_per_share_4q_avg": 34.51,
            "equity": 27672149,
            "current_ratio": 112.77,
            "debt_ratio": 59.45,
            "inventory_turnover_ratio": 1.65,
            "account_receivable_turnover_ratio": 1.05,
            "reinvestment_rate": 27.71,
            "research_to_sale_ratio": 3.26,
            "price_fair": 199.59,
            "eps_avg_yearly": 5.7,
            "eps_latest_yearly": 7.2,
            "eps_growth_yearly": 54.49
        },
        "20174": {
            "year_quarter": 20174,
            "year": 2017,
            "quarter": 4,
            "eps": 1.92,
            "eps_growth_year": -8.44,
            "eps_4q": 5.91,
            "eps_4q_growth_year": 12.49,
            "roe": 5.52,
            "roe_4q": 17.67,
            "gross_profit": 3619958,
            "gross_margin": 17.21,
            "gross_margin_4q_avg": 17.2,
            "net_income": 1544835,
            "revenue": 21035099,
            "common_shares": 7206051,
            "book_valuer_per_share": 34.96,
            "book_valuer_per_share_4q_avg": 34.27,
            "equity": 28275395,
            "current_ratio": 117.89,
            "debt_ratio": 58.08,
            "inventory_turnover_ratio": 1.45,
            "account_receivable_turnover_ratio": 1.02,
            "reinvestment_rate": 18.86,
            "research_to_sale_ratio": 4.86,
            "price_fair": 202.83,
            "eps_avg_yearly": 5.8,
            "eps_latest_yearly": 7.68,
            "eps_growth_yearly": 54.06
        },
        "20181": {
            "year_quarter": 20181,
            "year": 2018,
            "quarter": 1,
            "eps": 0.86,
            "eps_growth_year": -4.44,
            "eps_4q": 5.88,
            "eps_4q_growth_year": 9.28,
            "roe": 2.48,
            "roe_4q": 17.71,
            "gross_profit": 2125007,
            "gross_margin": 12.09,
            "gross_margin_4q_avg": 15.99,
            "net_income": 708790,
            "revenue": 17573844,
            "common_shares": 7206051,
            "book_valuer_per_share": 35.57,
            "book_valuer_per_share_4q_avg": 34.35,
            "equity": 28820213,
            "current_ratio": 118.2,
            "debt_ratio": 56.82,
            "inventory_turnover_ratio": 1.24,
            "account_receivable_turnover_ratio": 0.98,
            "reinvestment_rate": 11.25,
            "research_to_sale_ratio": 2.48,
            "price_fair": 201.25,
            "eps_avg_yearly": 5.75,
            "eps_latest_yearly": 3.44,
            "eps_growth_yearly": 48.48
        },
        "20182": {
            "year_quarter": 20182,
            "year": 2018,
            "quarter": 2,
            "eps": 1.17,
            "eps_growth_year": -10,
            "eps_4q": 5.69,
            "eps_4q_growth_year": 5.46,
            "roe": 3.01,
            "roe_4q": 16.68,
            "gross_profit": 2838326,
            "gross_margin": 13.35,
            "gross_margin_4q_avg": 15.04,
            "net_income": 845644,
            "revenue": 21261472,
            "common_shares": 7267600,
            "book_valuer_per_share": 33.76,
            "book_valuer_per_share_4q_avg": 34.62,
            "equity": 27331167,
            "current_ratio": 112.22,
            "debt_ratio": 61.45,
            "inventory_turnover_ratio": 1.42,
            "account_receivable_turnover_ratio": 1.15,
            "reinvestment_rate": 8.21,
            "research_to_sale_ratio": 3.38,
            "price_fair": 198.1,
            "eps_avg_yearly": 5.66,
            "eps_latest_yearly": 4.68,
            "eps_growth_yearly": 45.72
        },
        "20183": {
            "year_quarter": 20183,
            "year": 2018,
            "quarter": 3,
            "eps": 1.9,
            "eps_growth_year": 5.56,
            "eps_4q": 5.81,
            "eps_4q_growth_year": -4.15,
            "roe": 5.13,
            "roe_4q": 16.14,
            "gross_profit": 3916950,
            "gross_margin": 15.68,
            "gross_margin_4q_avg": 14.58,
            "net_income": 1409410,
            "revenue": 24975283,
            "common_shares": 7303799,
            "book_valuer_per_share": 34,
            "book_valuer_per_share_4q_avg": 34.57,
            "equity": 27613288,
            "current_ratio": 111.28,
            "debt_ratio": 64.8,
            "inventory_turnover_ratio": 1.47,
            "account_receivable_turnover_ratio": 1.18,
            "reinvestment_rate": 2.35,
            "research_to_sale_ratio": 2.98,
            "price_fair": 201.34,
            "eps_avg_yearly": 5.75,
            "eps_latest_yearly": 7.6,
            "eps_growth_yearly": 61.31
        },
        "20184": {
            "year_quarter": 20184,
            "year": 2018,
            "quarter": 4,
            "eps": 1.29,
            "eps_growth_year": -32.55,
            "eps_4q": 5.23,
            "eps_4q_growth_year": -11.49,
            "roe": 3.64,
            "roe_4q": 14.26,
            "gross_profit": 3736481,
            "gross_margin": 15.93,
            "gross_margin_4q_avg": 14.26,
            "net_income": 1015065,
            "revenue": 23449807,
            "common_shares": 7303799,
            "book_valuer_per_share": 35.07,
            "book_valuer_per_share_4q_avg": 34.6,
            "equity": 28181524,
            "current_ratio": 118.48,
            "debt_ratio": 59.12,
            "inventory_turnover_ratio": 1.3,
            "account_receivable_turnover_ratio": 1.16,
            "reinvestment_rate": -16.44,
            "research_to_sale_ratio": 2.63,
            "price_fair": 194.16,
            "eps_avg_yearly": 5.55,
            "eps_latest_yearly": 5.16,
            "eps_growth_yearly": 43.81
        },
        "20191": {
            "year_quarter": 20191,
            "year": 2019,
            "quarter": 1,
            "eps": 2.39,
            "eps_growth_year": 177.91,
            "eps_4q": 6.77,
            "eps_4q_growth_year": 15.23,
            "roe": 6.37,
            "roe_4q": 18.15,
            "gross_profit": 2895907,
            "gross_margin": 15.1,
            "gross_margin_4q_avg": 15.02,
            "net_income": 1870371,
            "revenue": 19177441,
            "common_shares": 7303799,
            "book_valuer_per_share": 38.18,
            "book_valuer_per_share_4q_avg": 35.25,
            "equity": 30544143,
            "current_ratio": 123.62,
            "debt_ratio": 54.23,
            "inventory_turnover_ratio": 1.15,
            "account_receivable_turnover_ratio": 1.09,
            "reinvestment_rate": -12.08,
            "research_to_sale_ratio": 4.9,
            "price_fair": 207.11,
            "eps_avg_yearly": 5.92,
            "eps_latest_yearly": 9.56,
            "eps_growth_yearly": 79.35
        },
        "20192": {
            "year_quarter": 20192,
            "year": 2019,
            "quarter": 2,
            "eps": 1.86,
            "eps_growth_year": 58.97,
            "eps_4q": 7.43,
            "eps_4q_growth_year": 30.61,
            "roe": 4.78,
            "roe_4q": 19.92,
            "gross_profit": 3814674,
            "gross_margin": 16.92,
            "gross_margin_4q_avg": 15.91,
            "net_income": 1427769,
            "revenue": 22551060,
            "common_shares": 7344975,
            "book_valuer_per_share": 36.18,
            "book_valuer_per_share_4q_avg": 35.86,
            "equity": 29158554,
            "current_ratio": 117.64,
            "debt_ratio": 57.62,
            "inventory_turnover_ratio": 1.46,
            "account_receivable_turnover_ratio": 1.22,
            "reinvestment_rate": -14.61,
            "research_to_sale_ratio": 3.03,
            "price_fair": 209.65,
            "eps_avg_yearly": 5.99,
            "eps_latest_yearly": 7.44,
            "eps_growth_yearly": 55.67
        },
        "20193": {
            "year_quarter": 20193,
            "year": 2019,
            "quarter": 3,
            "eps": 2.4,
            "eps_growth_year": 26.32,
            "eps_4q": 7.93,
            "eps_4q_growth_year": 36.45,
            "roe": 6.83,
            "roe_4q": 21.62,
            "gross_profit": 5008896,
            "gross_margin": 19.13,
            "gross_margin_4q_avg": 16.77,
            "net_income": 2038718,
            "revenue": 26185542,
            "common_shares": 7344975,
            "book_valuer_per_share": 37.75,
            "book_valuer_per_share_4q_avg": 36.8,
            "equity": 30553127,
            "current_ratio": 119.1,
            "debt_ratio": 59.25,
            "inventory_turnover_ratio": 1.64,
            "account_receivable_turnover_ratio": 1.2,
            "reinvestment_rate": -18.09,
            "research_to_sale_ratio": 3.14,
            "price_fair": 219.71,
            "eps_avg_yearly": 6.28,
            "eps_latest_yearly": 9.6,
            "eps_growth_yearly": 68.02
        },
        "20194": {
            "year_quarter": 20194,
            "year": 2019,
            "quarter": 4,
            "eps": 1.8,
            "eps_growth_year": 38.93,
            "eps_4q": 8.38,
            "eps_4q_growth_year": 60.16,
            "roe": 4.69,
            "roe_4q": 22.67,
            "gross_profit": 4562011,
            "gross_margin": 18.52,
            "gross_margin_4q_avg": 17.42,
            "net_income": 1465894,
            "revenue": 24638282,
            "common_shares": 7344975,
            "book_valuer_per_share": 39.11,
            "book_valuer_per_share_4q_avg": 37.81,
            "equity": 31894027,
            "current_ratio": 123.37,
            "debt_ratio": 55.36,
            "inventory_turnover_ratio": 1.47,
            "account_receivable_turnover_ratio": 1.11,
            "reinvestment_rate": -25.26,
            "research_to_sale_ratio": 3.75,
            "price_fair": 217.35,
            "eps_avg_yearly": 6.21,
            "eps_latest_yearly": 7.2,
            "eps_growth_yearly": 45.37
        },
        "20201": {
            "year_quarter": 20201,
            "year": 2020,
            "quarter": 1,
            "eps": 0.06,
            "eps_growth_year": -97.49,
            "eps_4q": 6.07,
            "eps_4q_growth_year": -10.36,
            "roe": 0.27,
            "roe_4q": 16.57,
            "gross_profit": 2813739,
            "gross_margin": 15.54,
            "gross_margin_4q_avg": 17.53,
            "net_income": 78980,
            "revenue": 18110219,
            "common_shares": 7344975,
            "book_valuer_per_share": 31.61,
            "book_valuer_per_share_4q_avg": 36.16,
            "equity": 25897155,
            "current_ratio": 111.49,
            "debt_ratio": 58.47,
            "inventory_turnover_ratio": 1.16,
            "account_receivable_turnover_ratio": 1,
            "reinvestment_rate": -28.39,
            "research_to_sale_ratio": 2.72,
            "price_fair": 211.05,
            "eps_avg_yearly": 6.03,
            "eps_latest_yearly": 0.24,
            "eps_growth_yearly": 36.79
        },
        "20202": {
            "year_quarter": 20202,
            "year": 2020,
            "quarter": 2,
            "eps": 3.4,
            "eps_growth_year": 82.8,
            "eps_4q": 7.6,
            "eps_4q_growth_year": 2.33,
            "roe": 10.18,
            "roe_4q": 21.97,
            "gross_profit": 5034103,
            "gross_margin": 20.06,
            "gross_margin_4q_avg": 18.31,
            "net_income": 2778907,
            "revenue": 25096120,
            "common_shares": 7394603,
            "book_valuer_per_share": 34.72,
            "book_valuer_per_share_4q_avg": 35.8,
            "equity": 28697185,
            "current_ratio": 117.85,
            "debt_ratio": 58.58,
            "inventory_turnover_ratio": 1.56,
            "account_receivable_turnover_ratio": 1.31,
            "reinvestment_rate": -25.97,
            "research_to_sale_ratio": 3.92,
            "price_fair": 230.04,
            "eps_avg_yearly": 6.57,
            "eps_latest_yearly": 13.6,
            "eps_growth_yearly": 1414.03
        },
        "20203": {
            "year_quarter": 20203,
            "year": 2020,
            "quarter": 3,
            "eps": 2.55,
            "eps_growth_year": 6.25,
            "eps_4q": 7.79,
            "eps_4q_growth_year": -1.75,
            "roe": 7.24,
            "roe_4q": 22.380000000000003,
            "gross_profit": 5440369,
            "gross_margin": 20.59,
            "gross_margin_4q_avg": 18.68,
            "net_income": 2161345,
            "revenue": 26421201,
            "common_shares": 7394603,
            "book_valuer_per_share": 37.49,
            "book_valuer_per_share_4q_avg": 35.73,
            "equity": 31042372,
            "current_ratio": 122.65,
            "debt_ratio": 56.87,
            "inventory_turnover_ratio": 1.56,
            "account_receivable_turnover_ratio": 1.13,
            "reinvestment_rate": -19.59,
            "research_to_sale_ratio": 3.63,
            "price_fair": 242.29,
            "eps_avg_yearly": 6.92,
            "eps_latest_yearly": 10.2,
            "eps_growth_yearly": 1409.41
        },
        "20204": {
            "year_quarter": 20204,
            "year": 2020,
            "quarter": 4,
            "eps": 1.78,
            "eps_growth_year": -0.75,
            "eps_4q": 7.79,
            "eps_4q_growth_year": -7.03,
            "roe": 4.86,
            "roe_4q": 22.55,
            "gross_profit": 4487418,
            "gross_margin": 17.63,
            "gross_margin_4q_avg": 18.46,
            "net_income": 1548539,
            "revenue": 25454687,
            "common_shares": 7394603,
            "book_valuer_per_share": 39.55,
            "book_valuer_per_share_4q_avg": 35.84,
            "equity": 32671682,
            "current_ratio": 123.43,
            "debt_ratio": 56.69,
            "inventory_turnover_ratio": 1.42,
            "account_receivable_turnover_ratio": 1.07,
            "reinvestment_rate": -7.25,
            "research_to_sale_ratio": 4.24,
            "price_fair": 239.58,
            "eps_avg_yearly": 6.85,
            "eps_latest_yearly": 7.12,
            "eps_growth_yearly": 1381.42
        },
        "20211": {
            "year_quarter": 20211,
            "year": 2021,
            "quarter": 1,
            "eps": 2.23,
            "eps_growth_year": 3616.67,
            "eps_4q": 9.96,
            "eps_4q_growth_year": 64.12,
            "roe": 5.98,
            "roe_4q": 28.259999999999998,
            "gross_profit": 4395896,
            "gross_margin": 17.49,
            "gross_margin_4q_avg": 18.94,
            "net_income": 1888072,
            "revenue": 25137047,
            "common_shares": 7394603,
            "book_valuer_per_share": 36.94,
            "book_valuer_per_share_4q_avg": 37.18,
            "equity": 30453493,
            "current_ratio": 114.74,
            "debt_ratio": 61.74,
            "inventory_turnover_ratio": 1.28,
            "account_receivable_turnover_ratio": 1.06,
            "reinvestment_rate": -4.95,
            "research_to_sale_ratio": 3.39,
            "price_fair": 251.21,
            "eps_avg_yearly": 7.18,
            "eps_latest_yearly": 8.92,
            "eps_growth_yearly": 1401.98
        },
        "20212": {
            "year_quarter": 20212,
            "year": 2021,
            "quarter": 2,
            "eps": 1.87,
            "eps_growth_year": -45,
            "eps_4q": 8.38,
            "eps_4q_growth_year": 10.23,
            "roe": 5.26,
            "roe_4q": 23.340000000000003,
            "gross_profit": 4400981,
            "gross_margin": 17.4,
            "gross_margin_4q_avg": 18.28,
            "net_income": 1636604,
            "revenue": 25292775,
            "common_shares": 7452927,
            "book_valuer_per_share": 38.11,
            "book_valuer_per_share_4q_avg": 38.02,
            "equity": 31770685,
            "current_ratio": 118.35,
            "debt_ratio": 59.42,
            "inventory_turnover_ratio": 1.17,
            "account_receivable_turnover_ratio": 1.04,
            "reinvestment_rate": -3.78,
            "research_to_sale_ratio": 3.36,
            "price_fair": 256.2,
            "eps_avg_yearly": 7.32,
            "eps_latest_yearly": 7.48,
            "eps_growth_yearly": 1386.83
        },
        "20213": {
            "year_quarter": 20213,
            "year": 2021,
            "quarter": 3,
            "eps": 2.25,
            "eps_growth_year": -11.76,
            "eps_4q": 8.11,
            "eps_4q_growth_year": 4.1,
            "roe": 6.11,
            "roe_4q": 22.21,
            "gross_profit": 4851112,
            "gross_margin": 17.74,
            "gross_margin_4q_avg": 17.57,
            "net_income": 1991158,
            "revenue": 27348912,
            "common_shares": 7452927,
            "book_valuer_per_share": 39.98,
            "book_valuer_per_share_4q_avg": 38.65,
            "equity": 33453329,
            "current_ratio": 121.98,
            "debt_ratio": 59.21,
            "inventory_turnover_ratio": 1.11,
            "account_receivable_turnover_ratio": 1.06,
            "reinvestment_rate": -2.53,
            "research_to_sale_ratio": 3.12,
            "price_fair": 260.14,
            "eps_avg_yearly": 7.43,
            "eps_latest_yearly": 9,
            "eps_growth_yearly": 1382.3
        },
        "20214": {
            "year_quarter": 20214,
            "year": 2021,
            "quarter": 4,
            "eps": 2.35,
            "eps_growth_year": 32.13,
            "eps_4q": 8.69,
            "eps_4q_growth_year": 11.65,
            "roe": 5.92,
            "roe_4q": 23.27,
            "gross_profit": 5254246,
            "gross_margin": 17.69,
            "gross_margin_4q_avg": 17.58,
            "net_income": 2056462,
            "revenue": 29695345,
            "common_shares": 7452927,
            "book_valuer_per_share": 43.02,
            "book_valuer_per_share_4q_avg": 39.51,
            "equity": 36033796,
            "current_ratio": 127.75,
            "debt_ratio": 56.96,
            "inventory_turnover_ratio": 1.13,
            "account_receivable_turnover_ratio": 1.07,
            "reinvestment_rate": 2.04,
            "research_to_sale_ratio": 3.12,
            "price_fair": 263.9,
            "eps_avg_yearly": 7.54,
            "eps_latest_yearly": 9.4,
            "eps_growth_yearly": 1381.74
        },
        "20221": {
            "year_quarter": 20221,
            "year": 2022,
            "quarter": 1,
            "eps": 2.41,
            "eps_growth_year": 8.07,
            "eps_4q": 8.89,
            "eps_4q_growth_year": -10.76,
            "roe": 5.91,
            "roe_4q": 23.200000000000003,
            "gross_profit": 4839383,
            "gross_margin": 16.78,
            "gross_margin_4q_avg": 17.4,
            "net_income": 2073146,
            "revenue": 28845652,
            "common_shares": 7452927,
            "book_valuer_per_share": 40.95,
            "book_valuer_per_share_4q_avg": 40.52,
            "equity": 34090462,
            "current_ratio": 119.97,
            "debt_ratio": 61.39,
            "inventory_turnover_ratio": 1.07,
            "account_receivable_turnover_ratio": 1.02,
            "reinvestment_rate": 7.51,
            "research_to_sale_ratio": 2.86,
            "price_fair": 277.46,
            "eps_avg_yearly": 7.93,
            "eps_latest_yearly": 9.64,
            "eps_growth_yearly": 1396.18
        },
        "20222": {
            "year_quarter": 20222,
            "year": 2022,
            "quarter": 2,
            "eps": 2.5,
            "eps_growth_year": 33.69,
            "eps_4q": 9.46,
            "eps_4q_growth_year": 12.88,
            "roe": 6.1,
            "roe_4q": 24.04,
            "gross_profit": 5019155,
            "gross_margin": 17.52,
            "gross_margin_4q_avg": 17.43,
            "net_income": 2168119,
            "revenue": 28651801,
            "common_shares": 7518464,
            "book_valuer_per_share": 43.94,
            "book_valuer_per_share_4q_avg": 41.97,
            "equity": 36945777,
            "current_ratio": 125.61,
            "debt_ratio": 58.72,
            "inventory_turnover_ratio": 1.03,
            "account_receivable_turnover_ratio": 1.02,
            "reinvestment_rate": 8.82,
            "research_to_sale_ratio": 2.96,
            "price_fair": 289.1,
            "eps_avg_yearly": 8.26,
            "eps_latest_yearly": 10,
            "eps_growth_yearly": 1388.1
        },
        "20223": {
            "year_quarter": 20223,
            "year": 2022,
            "quarter": 3,
            "eps": 2.97,
            "eps_growth_year": 32,
            "eps_4q": 10.19,
            "eps_4q_growth_year": 25.76,
            "roe": 6.79,
            "roe_4q": 24.72,
            "gross_profit": 5776837,
            "gross_margin": 18.85,
            "gross_margin_4q_avg": 17.71,
            "net_income": 2646866,
            "revenue": 30648189,
            "common_shares": 7518464,
            "book_valuer_per_share": 48.77,
            "book_valuer_per_share_4q_avg": 44.17,
            "equity": 40967373,
            "current_ratio": 134.93,
            "debt_ratio": 54.93,
            "inventory_turnover_ratio": 1.15,
            "account_receivable_turnover_ratio": 1.04,
            "reinvestment_rate": 8.81,
            "research_to_sale_ratio": 3.11,
            "price_fair": 298.46,
            "eps_avg_yearly": 8.53,
            "eps_latest_yearly": 11.88,
            "eps_growth_yearly": 1377.2
        },
        "20224": {
            "year_quarter": 20224,
            "year": 2022,
            "quarter": 4,
            "eps": 2.38,
            "eps_growth_year": 1.23,
            "eps_4q": 10.25,
            "eps_4q_growth_year": 17.85,
            "roe": 5.11,
            "roe_4q": 23.91,
            "gross_profit": 4940552,
            "gross_margin": 17.9,
            "gross_margin_4q_avg": 17.76,
            "net_income": 2127646,
            "revenue": 27602736,
            "common_shares": 7518464,
            "book_valuer_per_share": 49.9,
            "book_valuer_per_share_4q_avg": 45.89,
            "equity": 42340280,
            "current_ratio": 142.31,
            "debt_ratio": 51.37,
            "inventory_turnover_ratio": 1.15,
            "account_receivable_turnover_ratio": 0.99,
            "reinvestment_rate": 15.15,
            "research_to_sale_ratio": 3.42,
            "price_fair": 308,
            "eps_avg_yearly": 8.8,
            "eps_latest_yearly": 9.52,
            "eps_growth_yearly": 1380.26
        },
        "20231": {
            "year_quarter": 20231,
            "year": 2023,
            "quarter": 1,
            "eps": 2.05,
            "eps_growth_year": -14.94,
            "eps_4q": 9.8,
            "eps_4q_growth_year": 10.2,
            "roe": 4.39,
            "roe_4q": 22.39,
            "gross_profit": 3843062,
            "gross_margin": 16.91,
            "gross_margin_4q_avg": 17.8,
            "net_income": 1778090,
            "revenue": 22721961,
            "common_shares": 7600532,
            "book_valuer_per_share": 45.13,
            "book_valuer_per_share_4q_avg": 46.94,
            "equity": 38596265,
            "current_ratio": 134.58,
            "debt_ratio": 53.41,
            "inventory_turnover_ratio": 1.07,
            "account_receivable_turnover_ratio": 0.99,
            "reinvestment_rate": 14.1,
            "research_to_sale_ratio": 3.49,
            "price_fair": 305.03,
            "eps_avg_yearly": 8.72,
            "eps_latest_yearly": 8.2,
            "eps_growth_yearly": 1355.48
        }
    },
    "months": {
        "2001-06": {
            "month": "2001-06",
            "price": "30.46",
            "revenue": 340295
        },
        "2001-07": {
            "month": "2001-07",
            "price": "27.21",
            "revenue": 350297
        },
        "2001-08": {
            "month": "2001-08",
            "price": "24.57",
            "revenue": 411138
        },
        "2001-09": {
            "month": "2001-09",
            "price": "21.69",
            "revenue": 427573
        },
        "2001-10": {
            "month": "2001-10",
            "price": "19.28",
            "revenue": 536255
        },
        "2001-11": {
            "month": "2001-11",
            "price": "24.26",
            "revenue": 431101
        },
        "2001-12": {
            "month": "2001-12",
            "price": "40.11",
            "revenue": 420095
        },
        "2002-01": {
            "month": "2002-01",
            "price": "55.75",
            "revenue": 430277
        },
        "2002-02": {
            "month": "2002-02",
            "price": "63.04",
            "revenue": 389374
        },
        "2002-03": {
            "month": "2002-03",
            "price": "64.31",
            "revenue": 484858
        },
        "2002-04": {
            "month": "2002-04",
            "price": "66.64",
            "revenue": 425248
        },
        "2002-05": {
            "month": "2002-05",
            "price": "57.55",
            "revenue": 478529
        },
        "2002-06": {
            "month": "2002-06",
            "price": "53.22",
            "revenue": 472584
        },
        "2002-07": {
            "month": "2002-07",
            "price": "49.98",
            "revenue": 478638
        },
        "2002-08": {
            "month": "2002-08",
            "price": "53.81",
            "revenue": 495316
        },
        "2002-09": {
            "month": "2002-09",
            "price": "51.29",
            "revenue": 638426
        },
        "2002-10": {
            "month": "2002-10",
            "price": "46.96",
            "revenue": 722987
        },
        "2002-11": {
            "month": "2002-11",
            "price": "47.77",
            "revenue": 691528
        },
        "2002-12": {
            "month": "2002-12",
            "price": "42.53",
            "revenue": 758454
        },
        "2003-01": {
            "month": "2003-01",
            "price": "47.03",
            "revenue": 851165
        },
        "2003-02": {
            "month": "2003-02",
            "price": "45.21",
            "revenue": 656314
        },
        "2003-03": {
            "month": "2003-03",
            "price": "42.93",
            "revenue": 844648
        },
        "2003-04": {
            "month": "2003-04",
            "price": "44.72",
            "revenue": 791536
        },
        "2003-05": {
            "month": "2003-05",
            "price": "48.75",
            "revenue": 740435
        },
        "2003-06": {
            "month": "2003-06",
            "price": "59.45",
            "revenue": 749310
        },
        "2003-07": {
            "month": "2003-07",
            "price": "61.89",
            "revenue": 935636
        },
        "2003-08": {
            "month": "2003-08",
            "price": "60.69",
            "revenue": 1188026
        },
        "2003-09": {
            "month": "2003-09",
            "price": "64.10",
            "revenue": 1159557
        },
        "2003-10": {
            "month": "2003-10",
            "price": "61.30",
            "revenue": 1188880
        },
        "2003-11": {
            "month": "2003-11",
            "price": "66.15",
            "revenue": 1160538
        },
        "2003-12": {
            "month": "2003-12",
            "price": "65.09",
            "revenue": 1048760
        },
        "2004-01": {
            "month": "2004-01",
            "price": "71.00",
            "revenue": 897087
        },
        "2004-02": {
            "month": "2004-02",
            "price": "78.15",
            "revenue": 867340
        },
        "2004-03": {
            "month": "2004-03",
            "price": "71.85",
            "revenue": 953821
        },
        "2004-04": {
            "month": "2004-04",
            "price": "70.93",
            "revenue": 851518
        },
        "2004-05": {
            "month": "2004-05",
            "price": "62.55",
            "revenue": 915881
        },
        "2004-06": {
            "month": "2004-06",
            "price": "51.73",
            "revenue": 915541
        },
        "2004-07": {
            "month": "2004-07",
            "price": "45.53",
            "revenue": 953744
        },
        "2004-08": {
            "month": "2004-08",
            "price": "40.30",
            "revenue": 1139284
        },
        "2004-09": {
            "month": "2004-09",
            "price": "42.10",
            "revenue": 1328825
        },
        "2004-10": {
            "month": "2004-10",
            "price": "37.59",
            "revenue": 1227028
        },
        "2004-11": {
            "month": "2004-11",
            "price": "34.03",
            "revenue": 1416790
        },
        "2004-12": {
            "month": "2004-12",
            "price": "31.17",
            "revenue": 1108625
        },
        "2005-01": {
            "month": "2005-01",
            "price": "28.93",
            "revenue": 1100013
        },
        "2005-02": {
            "month": "2005-02",
            "price": "32.56",
            "revenue": 940983
        },
        "2005-03": {
            "month": "2005-03",
            "price": "33.45",
            "revenue": 1249595
        },
        "2005-04": {
            "month": "2005-04",
            "price": "32.10",
            "revenue": 1235347
        },
        "2005-05": {
            "month": "2005-05",
            "price": "29.55",
            "revenue": 1275057
        },
        "2005-06": {
            "month": "2005-06",
            "price": "32.43",
            "revenue": 1307456
        },
        "2005-07": {
            "month": "2005-07",
            "price": "31.41",
            "revenue": 1153265
        },
        "2005-08": {
            "month": "2005-08",
            "price": "28.03",
            "revenue": 1323364
        },
        "2005-09": {
            "month": "2005-09",
            "price": "22.25",
            "revenue": 1569349
        },
        "2005-10": {
            "month": "2005-10",
            "price": "21.26",
            "revenue": 1877667
        },
        "2005-11": {
            "month": "2005-11",
            "price": "23.72",
            "revenue": 1765869
        },
        "2005-12": {
            "month": "2005-12",
            "price": "31.45",
            "revenue": 1713416
        },
        "2006-01": {
            "month": "2006-01",
            "price": "29.93",
            "revenue": 1437739
        },
        "2006-02": {
            "month": "2006-02",
            "price": "30.64",
            "revenue": 1275102
        },
        "2006-03": {
            "month": "2006-03",
            "price": "31.72",
            "revenue": 1631267
        },
        "2006-04": {
            "month": "2006-04",
            "price": "34.92",
            "revenue": 1635696
        },
        "2006-05": {
            "month": "2006-05",
            "price": "33.61",
            "revenue": 1491176
        },
        "2006-06": {
            "month": "2006-06",
            "price": "32.43",
            "revenue": 1590466
        },
        "2006-07": {
            "month": "2006-07",
            "price": "31.18",
            "revenue": 1547108
        },
        "2006-08": {
            "month": "2006-08",
            "price": "32.04",
            "revenue": 1940164
        },
        "2006-09": {
            "month": "2006-09",
            "price": "37.83",
            "revenue": 2071351
        },
        "2006-10": {
            "month": "2006-10",
            "price": "39.02",
            "revenue": 2192668
        },
        "2006-11": {
            "month": "2006-11",
            "price": "46.04",
            "revenue": 2326315
        },
        "2006-12": {
            "month": "2006-12",
            "price": "48.20",
            "revenue": 2022427
        },
        "2007-01": {
            "month": "2007-01",
            "price": "50.21",
            "revenue": 2667376
        },
        "2007-02": {
            "month": "2007-02",
            "price": "51.18",
            "revenue": 2021868
        },
        "2007-03": {
            "month": "2007-03",
            "price": "49.55",
            "revenue": 3076403
        },
        "2007-04": {
            "month": "2007-04",
            "price": "51.93",
            "revenue": 1457625
        },
        "2007-05": {
            "month": "2007-05",
            "price": "51.18",
            "revenue": 3015572
        },
        "2007-06": {
            "month": "2007-06",
            "price": "58.40",
            "revenue": 3468570
        },
        "2007-07": {
            "month": "2007-07",
            "price": "74.05",
            "revenue": 3843055
        },
        "2007-08": {
            "month": "2007-08",
            "price": "67.29",
            "revenue": 3860392
        },
        "2007-09": {
            "month": "2007-09",
            "price": "67.80",
            "revenue": 4111917
        },
        "2007-10": {
            "month": "2007-10",
            "price": "66.39",
            "revenue": 4134550
        },
        "2007-11": {
            "month": "2007-11",
            "price": "59.92",
            "revenue": 3956589
        },
        "2007-12": {
            "month": "2007-12",
            "price": "56.26",
            "revenue": 3333785
        },
        "2008-01": {
            "month": "2008-01",
            "price": "49.71",
            "revenue": 3347329
        },
        "2008-02": {
            "month": "2008-02",
            "price": "47.83",
            "revenue": 2689106
        },
        "2008-03": {
            "month": "2008-03",
            "price": "52.00",
            "revenue": 3548789
        },
        "2008-04": {
            "month": "2008-04",
            "price": "59.12",
            "revenue": 3769735
        },
        "2008-05": {
            "month": "2008-05",
            "price": "63.75",
            "revenue": 3596102
        },
        "2008-06": {
            "month": "2008-06",
            "price": "58.40",
            "revenue": 3886568
        },
        "2008-07": {
            "month": "2008-07",
            "price": "55.44",
            "revenue": 4570316
        },
        "2008-08": {
            "month": "2008-08",
            "price": "55.31",
            "revenue": 4740519
        },
        "2008-09": {
            "month": "2008-09",
            "price": "49.71",
            "revenue": 5683053
        },
        "2008-10": {
            "month": "2008-10",
            "price": "44.89",
            "revenue": 5265298
        },
        "2008-11": {
            "month": "2008-11",
            "price": "33.88",
            "revenue": 3790069
        },
        "2008-12": {
            "month": "2008-12",
            "price": "31.20",
            "revenue": 3251950
        },
        "2009-01": {
            "month": "2009-01",
            "price": "31.04",
            "revenue": 2814736
        },
        "2009-02": {
            "month": "2009-02",
            "price": "35.95",
            "revenue": 3282477
        },
        "2009-03": {
            "month": "2009-03",
            "price": "39.94",
            "revenue": 4125835
        },
        "2009-04": {
            "month": "2009-04",
            "price": "47.89",
            "revenue": 3942052
        },
        "2009-05": {
            "month": "2009-05",
            "price": "58.94",
            "revenue": 3620226
        },
        "2009-06": {
            "month": "2009-06",
            "price": "60.39",
            "revenue": 4027365
        },
        "2009-07": {
            "month": "2009-07",
            "price": "73.52",
            "revenue": 4760820
        },
        "2009-08": {
            "month": "2009-08",
            "price": "75.31",
            "revenue": 5162318
        },
        "2009-09": {
            "month": "2009-09",
            "price": "76.23",
            "revenue": 6064100
        },
        "2009-10": {
            "month": "2009-10",
            "price": "73.67",
            "revenue": 5432644
        },
        "2009-11": {
            "month": "2009-11",
            "price": "75.88",
            "revenue": 5539747
        },
        "2009-12": {
            "month": "2009-12",
            "price": "75.94",
            "revenue": 5032110
        },
        "2010-01": {
            "month": "2010-01",
            "price": "81.96",
            "revenue": 4788521
        },
        "2010-02": {
            "month": "2010-02",
            "price": "79.40",
            "revenue": 3932838
        },
        "2010-03": {
            "month": "2010-03",
            "price": "80.71",
            "revenue": 4977439
        },
        "2010-04": {
            "month": "2010-04",
            "price": "85.52",
            "revenue": 4839700
        },
        "2010-05": {
            "month": "2010-05",
            "price": "79.79",
            "revenue": 5028659
        },
        "2010-06": {
            "month": "2010-06",
            "price": "74.52",
            "revenue": 5310897
        },
        "2010-07": {
            "month": "2010-07",
            "price": "72.70",
            "revenue": 4728810
        },
        "2010-08": {
            "month": "2010-08",
            "price": "66.72",
            "revenue": 5219208
        },
        "2010-09": {
            "month": "2010-09",
            "price": "64.90",
            "revenue": 5825453
        },
        "2010-10": {
            "month": "2010-10",
            "price": "67.17",
            "revenue": 5574543
        },
        "2010-11": {
            "month": "2010-11",
            "price": "64.08",
            "revenue": 5369356
        },
        "2010-12": {
            "month": "2010-12",
            "price": "65.79",
            "revenue": 4857465
        },
        "2011-01": {
            "month": "2011-01",
            "price": "64.00",
            "revenue": 4498572
        },
        "2011-02": {
            "month": "2011-02",
            "price": "58.54",
            "revenue": 3449278
        },
        "2011-03": {
            "month": "2011-03",
            "price": "54.15",
            "revenue": 5184012
        },
        "2011-04": {
            "month": "2011-04",
            "price": "54.87",
            "revenue": 4805153
        },
        "2011-05": {
            "month": "2011-05",
            "price": "56.72",
            "revenue": 5022142
        },
        "2011-06": {
            "month": "2011-06",
            "price": "58.18",
            "revenue": 4926854
        },
        "2011-07": {
            "month": "2011-07",
            "price": "53.66",
            "revenue": 5051119
        },
        "2011-08": {
            "month": "2011-08",
            "price": "47.03",
            "revenue": 5106653
        },
        "2011-09": {
            "month": "2011-09",
            "price": "49.26",
            "revenue": 5825693
        },
        "2011-10": {
            "month": "2011-10",
            "price": "50.58",
            "revenue": 5638513
        },
        "2011-11": {
            "month": "2011-11",
            "price": "48.73",
            "revenue": 5462193
        },
        "2011-12": {
            "month": "2011-12",
            "price": "48.25",
            "revenue": 5712685
        },
        "2012-01": {
            "month": "2012-01",
            "price": "50.21",
            "revenue": 4031581
        },
        "2012-02": {
            "month": "2012-02",
            "price": "58.16",
            "revenue": 4636511
        },
        "2012-03": {
            "month": "2012-03",
            "price": "59.57",
            "revenue": 5215341
        },
        "2012-04": {
            "month": "2012-04",
            "price": "56.66",
            "revenue": 5277464
        },
        "2012-05": {
            "month": "2012-05",
            "price": "56.28",
            "revenue": 5435515
        },
        "2012-06": {
            "month": "2012-06",
            "price": "55.83",
            "revenue": 5093425
        },
        "2012-07": {
            "month": "2012-07",
            "price": "55.67",
            "revenue": 5372200
        },
        "2012-08": {
            "month": "2012-08",
            "price": "62.48",
            "revenue": 5903884
        },
        "2012-09": {
            "month": "2012-09",
            "price": "66.84",
            "revenue": 6544665
        },
        "2012-10": {
            "month": "2012-10",
            "price": "66.69",
            "revenue": 6208777
        },
        "2012-11": {
            "month": "2012-11",
            "price": "64.43",
            "revenue": 6413356
        },
        "2012-12": {
            "month": "2012-12",
            "price": "66.03",
            "revenue": 7414576
        },
        "2013-01": {
            "month": "2013-01",
            "price": "75.27",
            "revenue": 5873901
        },
        "2013-02": {
            "month": "2013-02",
            "price": "77.08",
            "revenue": 4721884
        },
        "2013-03": {
            "month": "2013-03",
            "price": "77.61",
            "revenue": 6597561
        },
        "2013-04": {
            "month": "2013-04",
            "price": "81.42",
            "revenue": 5754994
        },
        "2013-05": {
            "month": "2013-05",
            "price": "83.05",
            "revenue": 5941991
        },
        "2013-06": {
            "month": "2013-06",
            "price": "82.24",
            "revenue": 6131932
        },
        "2013-07": {
            "month": "2013-07",
            "price": "75.19",
            "revenue": 5700106
        },
        "2013-08": {
            "month": "2013-08",
            "price": "69.74",
            "revenue": 6083585
        },
        "2013-09": {
            "month": "2013-09",
            "price": "72.64",
            "revenue": 6682871
        },
        "2013-10": {
            "month": "2013-10",
            "price": "72.70",
            "revenue": 6512235
        },
        "2013-11": {
            "month": "2013-11",
            "price": "73.03",
            "revenue": 7414867
        },
        "2013-12": {
            "month": "2013-12",
            "price": "73.96",
            "revenue": 7112682
        },
        "2014-01": {
            "month": "2014-01",
            "price": "77.59",
            "revenue": 5648668
        },
        "2014-02": {
            "month": "2014-02",
            "price": "76.22",
            "revenue": 4932419
        },
        "2014-03": {
            "month": "2014-03",
            "price": "77.56",
            "revenue": 6374006
        },
        "2014-04": {
            "month": "2014-04",
            "price": "78.30",
            "revenue": 6219679
        },
        "2014-05": {
            "month": "2014-05",
            "price": "79.80",
            "revenue": 6343006
        },
        "2014-06": {
            "month": "2014-06",
            "price": "82.22",
            "revenue": 6415313
        },
        "2014-07": {
            "month": "2014-07",
            "price": "84.29",
            "revenue": 6050206
        },
        "2014-08": {
            "month": "2014-08",
            "price": "88.58",
            "revenue": 6078635
        },
        "2014-09": {
            "month": "2014-09",
            "price": "93.59",
            "revenue": 7866553
        },
        "2014-10": {
            "month": "2014-10",
            "price": "88.28",
            "revenue": 7680950
        },
        "2014-11": {
            "month": "2014-11",
            "price": "85.68",
            "revenue": 8123197
        },
        "2014-12": {
            "month": "2014-12",
            "price": "85.55",
            "revenue": 8376832
        },
        "2015-01": {
            "month": "2015-01",
            "price": "87.18",
            "revenue": 6668599
        },
        "2015-02": {
            "month": "2015-02",
            "price": "88.08",
            "revenue": 4898817
        },
        "2015-03": {
            "month": "2015-03",
            "price": "88.21",
            "revenue": 6438739
        },
        "2015-04": {
            "month": "2015-04",
            "price": "87.22",
            "revenue": 6253401
        },
        "2015-05": {
            "month": "2015-05",
            "price": "87.36",
            "revenue": 6806863
        },
        "2015-06": {
            "month": "2015-06",
            "price": "82.53",
            "revenue": 7198514
        },
        "2015-07": {
            "month": "2015-07",
            "price": "82.75",
            "revenue": 6723583
        },
        "2015-08": {
            "month": "2015-08",
            "price": "79.10",
            "revenue": 6793255
        },
        "2015-09": {
            "month": "2015-09",
            "price": "80.68",
            "revenue": 7517760
        },
        "2015-10": {
            "month": "2015-10",
            "price": "81.07",
            "revenue": 7036601
        },
        "2015-11": {
            "month": "2015-11",
            "price": "75.29",
            "revenue": 7360885
        },
        "2015-12": {
            "month": "2015-12",
            "price": "72.63",
            "revenue": 6976597
        },
        "2016-01": {
            "month": "2016-01",
            "price": "67.53",
            "revenue": 5600811
        },
        "2016-02": {
            "month": "2016-02",
            "price": "70.23",
            "revenue": 4592953
        },
        "2016-03": {
            "month": "2016-03",
            "price": "76.15",
            "revenue": 6431429
        },
        "2016-04": {
            "month": "2016-04",
            "price": "80.26",
            "revenue": 5287804
        },
        "2016-05": {
            "month": "2016-05",
            "price": "74.88",
            "revenue": 6051631
        },
        "2016-06": {
            "month": "2016-06",
            "price": "76.18",
            "revenue": 6921863
        },
        "2016-07": {
            "month": "2016-07",
            "price": "75.88",
            "revenue": 6219894
        },
        "2016-08": {
            "month": "2016-08",
            "price": "78.89",
            "revenue": 7055487
        },
        "2016-09": {
            "month": "2016-09",
            "price": "77.96",
            "revenue": 7699548
        },
        "2016-10": {
            "month": "2016-10",
            "price": "79.56",
            "revenue": 6754613
        },
        "2016-11": {
            "month": "2016-11",
            "price": "74.41",
            "revenue": 7216573
        },
        "2016-12": {
            "month": "2016-12",
            "price": "74.04",
            "revenue": 7180789
        },
        "2017-01": {
            "month": "2017-01",
            "price": "73.39",
            "revenue": 5143902
        },
        "2017-02": {
            "month": "2017-02",
            "price": "73.04",
            "revenue": 5203731
        },
        "2017-03": {
            "month": "2017-03",
            "price": "76.80",
            "revenue": 6594380
        },
        "2017-04": {
            "month": "2017-04",
            "price": "79.15",
            "revenue": 5405917
        },
        "2017-05": {
            "month": "2017-05",
            "price": "80.36",
            "revenue": 6024573
        },
        "2017-06": {
            "month": "2017-06",
            "price": "78.73",
            "revenue": 7239136
        },
        "2017-07": {
            "month": "2017-07",
            "price": "76.73",
            "revenue": 6159685
        },
        "2017-08": {
            "month": "2017-08",
            "price": "75.60",
            "revenue": 7144632
        },
        "2017-09": {
            "month": "2017-09",
            "price": "74.00",
            "revenue": 8204632
        },
        "2017-10": {
            "month": "2017-10",
            "price": "74.83",
            "revenue": 7258777
        },
        "2017-11": {
            "month": "2017-11",
            "price": "76.43",
            "revenue": 7168342
        },
        "2017-12": {
            "month": "2017-12",
            "price": "75.52",
            "revenue": 6608609
        },
        "2018-01": {
            "month": "2018-01",
            "price": "75.73",
            "revenue": 6296190
        },
        "2018-02": {
            "month": "2018-02",
            "price": "73.10",
            "revenue": 4645242
        },
        "2018-03": {
            "month": "2018-03",
            "price": "73.91",
            "revenue": 6632412
        },
        "2018-04": {
            "month": "2018-04",
            "price": "74.51",
            "revenue": 6429137
        },
        "2018-05": {
            "month": "2018-05",
            "price": "71.89",
            "revenue": 7380200
        },
        "2018-06": {
            "month": "2018-06",
            "price": "71.86",
            "revenue": 7452135
        },
        "2018-07": {
            "month": "2018-07",
            "price": "67.63",
            "revenue": 7721252
        },
        "2018-08": {
            "month": "2018-08",
            "price": "66.30",
            "revenue": 8669740
        },
        "2018-09": {
            "month": "2018-09",
            "price": "63.06",
            "revenue": 8584290
        },
        "2018-10": {
            "month": "2018-10",
            "price": "58.09",
            "revenue": 8239915
        },
        "2018-11": {
            "month": "2018-11",
            "price": "60.57",
            "revenue": 8165418
        },
        "2018-12": {
            "month": "2018-12",
            "price": "62.10",
            "revenue": 7044474
        },
        "2019-01": {
            "month": "2019-01",
            "price": "66.55",
            "revenue": 7128216
        },
        "2019-02": {
            "month": "2019-02",
            "price": "67.19",
            "revenue": 4954893
        },
        "2019-03": {
            "month": "2019-03",
            "price": "69.71",
            "revenue": 7094332
        },
        "2019-04": {
            "month": "2019-04",
            "price": "73.86",
            "revenue": 6751644
        },
        "2019-05": {
            "month": "2019-05",
            "price": "72.86",
            "revenue": 7990153
        },
        "2019-06": {
            "month": "2019-06",
            "price": "76.91",
            "revenue": 7809262
        },
        "2019-07": {
            "month": "2019-07",
            "price": "79.68",
            "revenue": 8009584
        },
        "2019-08": {
            "month": "2019-08",
            "price": "85.09",
            "revenue": 9042891
        },
        "2019-09": {
            "month": "2019-09",
            "price": "90.87",
            "revenue": 9133066
        },
        "2019-10": {
            "month": "2019-10",
            "price": "93.58",
            "revenue": 9280205
        },
        "2019-11": {
            "month": "2019-11",
            "price": "92.38",
            "revenue": 8260309
        },
        "2019-12": {
            "month": "2019-12",
            "price": "90.20",
            "revenue": 7097768
        },
        "2020-01": {
            "month": "2020-01",
            "price": "87.31",
            "revenue": 6228700
        },
        "2020-02": {
            "month": "2020-02",
            "price": "85.36",
            "revenue": 4280190
        },
        "2020-03": {
            "month": "2020-03",
            "price": "77.62",
            "revenue": 7601329
        },
        "2020-04": {
            "month": "2020-04",
            "price": "80.90",
            "revenue": 8891424
        },
        "2020-05": {
            "month": "2020-05",
            "price": "81.42",
            "revenue": 8190663
        },
        "2020-06": {
            "month": "2020-06",
            "price": "85.88",
            "revenue": 8014033
        },
        "2020-07": {
            "month": "2020-07",
            "price": "86.38",
            "revenue": 8194616
        },
        "2020-08": {
            "month": "2020-08",
            "price": "88.82",
            "revenue": 8569027
        },
        "2020-09": {
            "month": "2020-09",
            "price": "85.87",
            "revenue": 9657558
        },
        "2020-10": {
            "month": "2020-10",
            "price": "84.55",
            "revenue": 8723786
        },
        "2020-11": {
            "month": "2020-11",
            "price": "86.36",
            "revenue": 8383006
        },
        "2020-12": {
            "month": "2020-12",
            "price": "86.36",
            "revenue": 8347896
        },
        "2021-01": {
            "month": "2021-01",
            "price": "87.15",
            "revenue": 9211314
        },
        "2021-02": {
            "month": "2021-02",
            "price": "89.64",
            "revenue": 6832174
        },
        "2021-03": {
            "month": "2021-03",
            "price": "96.66",
            "revenue": 9093560
        },
        "2021-04": {
            "month": "2021-04",
            "price": "91.16",
            "revenue": 8004716
        },
        "2021-05": {
            "month": "2021-05",
            "price": "79.54",
            "revenue": 8421571
        },
        "2021-06": {
            "month": "2021-06",
            "price": "79.23",
            "revenue": 8866488
        },
        "2021-07": {
            "month": "2021-07",
            "price": "80.70",
            "revenue": 8895088
        },
        "2021-08": {
            "month": "2021-08",
            "price": "78.86",
            "revenue": 8599800
        },
        "2021-09": {
            "month": "2021-09",
            "price": "78.03",
            "revenue": 9854024
        },
        "2021-10": {
            "month": "2021-10",
            "price": "78.66",
            "revenue": 9473418
        },
        "2021-11": {
            "month": "2021-11",
            "price": "80.79",
            "revenue": 10317316
        },
        "2021-12": {
            "month": "2021-12",
            "price": "81.64",
            "revenue": 9994978
        },
        "2022-01": {
            "month": "2022-01",
            "price": "87.63",
            "revenue": 9928201
        },
        "2022-02": {
            "month": "2022-02",
            "price": "90.65",
            "revenue": 8313488
        },
        "2022-03": {
            "month": "2022-03",
            "price": "90.03",
            "revenue": 10603963
        },
        "2022-04": {
            "month": "2022-04",
            "price": "85.35",
            "revenue": 8060503
        },
        "2022-05": {
            "month": "2022-05",
            "price": "82.88",
            "revenue": 9863250
        },
        "2022-06": {
            "month": "2022-06",
            "price": "80.69",
            "revenue": 10728048
        },
        "2022-07": {
            "month": "2022-07",
            "price": "76.03",
            "revenue": 10302508
        },
        "2022-08": {
            "month": "2022-08",
            "price": "81.65",
            "revenue": 10261684
        },
        "2022-09": {
            "month": "2022-09",
            "price": "81.83",
            "revenue": 10096600
        },
        "2022-10": {
            "month": "2022-10",
            "price": "80.32",
            "revenue": 9392634
        },
        "2022-11": {
            "month": "2022-11",
            "price": "81.25",
            "revenue": 9643687
        },
        "2022-12": {
            "month": "2022-12",
            "price": "85.31",
            "revenue": 8565939
        },
        "2023-01": {
            "month": "2023-01",
            "price": "86.22",
            "revenue": 7088704
        },
        "2023-02": {
            "month": "2023-02",
            "price": "89.95",
            "revenue": 6863311
        },
        "2023-03": {
            "month": "2023-03",
            "price": "93.09",
            "revenue": 8769945
        },
        "2023-04": {
            "month": "2023-04",
            "price": "95.65",
            "revenue": 7873565
        },
        "2023-05": {
            "month": "2023-05",
            "price": "101.26",
            "revenue": 8453826
        }
    }
}
