{
    "summary": {
        "stock_name": "精元",
        "stock_id": "2387",
        "category": "電腦及週邊設備",
        "main_business": "電腦及其附屬設備軟硬體之設計製造加工買賣<br>各項鍵盤塑膠射出字鍵及模具設計製造內外銷<br>系統、應用軟體及電腦通訊控制器之設計開發製造買賣",
        "website_url": "http://www.sunrex.com.tw",
        "ceo": "李明擇",
        "pe_ratio": 9,
        "report_year_from": 2001,
        "report_year_to": 2023,
        "age": 23,
        "eps_negative_percentage": 4,
        "eps_growth_avg": {
            "last_all": -0.98,
            "last_2y": -2,
            "last_4y": 0.32,
            "last_8y": -7.39,
            "last_12y": -11.89,
            "last_16y": -6.94,
            "last_20y": -4.06,
            "at_2006_last_3y": 7.46,
            "at_2007_last_3y": 3.13,
            "at_2008_last_3y": 4.41,
            "at_2009_last_3y": 1.84,
            "at_2010_last_3y": 7.91,
            "at_2011_last_3y": -13.36,
            "at_2012_last_3y": -37.7,
            "at_2013_last_3y": -55.75,
            "at_2014_last_3y": -25.4,
            "at_2015_last_3y": 9.4,
            "at_2016_last_3y": 37.8,
            "at_2017_last_3y": 13.09,
            "at_2018_last_3y": -17.03,
            "at_2019_last_3y": -47.18,
            "at_2020_last_3y": -18.48,
            "at_2021_last_3y": -7.42,
            "at_2022_last_3y": 7.92,
            "at_2023_last_3y": 23.5,
            "at_2024_last_3y": 23.5,
            "at_2006_last_all": 18.11,
            "at_2007_last_all": 16.57,
            "at_2008_last_all": 13.83,
            "at_2009_last_all": 14.16,
            "at_2010_last_all": 13.58,
            "at_2011_last_all": 4.6,
            "at_2012_last_all": -4.91,
            "at_2013_last_all": -4.91,
            "at_2014_last_all": 3.83,
            "at_2015_last_all": 5.71,
            "at_2016_last_all": 4.24,
            "at_2017_last_all": -0.11,
            "at_2018_last_all": -1.38,
            "at_2019_last_all": -6.74,
            "at_2020_last_all": -0.81,
            "at_2021_last_all": -1.65,
            "at_2022_last_all": 0.48,
            "at_2023_last_all": -0.98,
            "at_2024_last_all": -0.98
        },
        "latest_eps": 6.94,
        "latest_price": 63,
        "latest_roe": 13.06,
        "latest_gross_margin": 18.02,
        "latest_equity": 10393376,
        "latest_revenue": 5987334,
        "latest_gross_profit": 1078775,
        "latest_net_income": 479162,
        "latest_debt_ratio": 51.08,
        "latest_current_ratio": 150.89,
        "latest_account_receivable_turnover_ratio": 0.84,
        "latest_inventory_turnover_ratio": 1.7,
        "latest_reinvestment_rate": 4.01,
        "latest_research_to_sale_ratio": 3.68
    },
    "eps_dividends": {
        "1998": {
            "cash": 0,
            "stock": 1.5,
            "eps": 0
        },
        "1999": {
            "cash": 0,
            "stock": 1.5,
            "eps": 0
        },
        "2000": {
            "cash": 0,
            "stock": 1.5,
            "eps": 0
        },
        "2001": {
            "cash": 0.09,
            "stock": 1.03,
            "eps": 1.4
        },
        "2002": {
            "cash": 0.25,
            "stock": 1.5,
            "eps": 2.25
        },
        "2003": {
            "cash": 0.5,
            "stock": 2,
            "eps": 2.84
        },
        "2004": {
            "cash": 0.5,
            "stock": 1.5,
            "eps": 2.62
        },
        "2005": {
            "cash": 0.5,
            "stock": 1,
            "eps": 3.32
        },
        "2006": {
            "cash": 0.5,
            "stock": 2,
            "eps": 2.81
        },
        "2007": {
            "cash": 1,
            "stock": 1,
            "eps": 3.06
        },
        "2008": {
            "cash": 1.1,
            "stock": 1,
            "eps": 2.98
        },
        "2009": {
            "cash": 1.21,
            "stock": 0,
            "eps": 3.47
        },
        "2010": {
            "cash": 1.3,
            "stock": 0,
            "eps": 3.78
        },
        "2011": {
            "cash": 1.7,
            "stock": 0,
            "eps": 0.9
        },
        "2012": {
            "cash": 0,
            "stock": 0,
            "eps": -0.13
        },
        "2013": {
            "cash": 0.15,
            "stock": 0,
            "eps": 0.29
        },
        "2014": {
            "cash": 0.15,
            "stock": 0,
            "eps": 1.95
        },
        "2015": {
            "cash": 0.15,
            "stock": 0,
            "eps": 2.5
        },
        "2016": {
            "cash": 0.4,
            "stock": 0,
            "eps": 2.13
        },
        "2017": {
            "cash": 0.4,
            "stock": 0,
            "eps": 0.83
        },
        "2018": {
            "cash": 0.4,
            "stock": 0,
            "eps": 0.66
        },
        "2019": {
            "cash": 1.01,
            "stock": 0,
            "eps": 0.05
        },
        "2020": {
            "cash": 1,
            "stock": 0,
            "eps": 6.38
        },
        "2021": {
            "cash": 2,
            "stock": 0,
            "eps": 5.31
        },
        "2022": {
            "cash": 3,
            "stock": 0,
            "eps": 7.48
        },
        "2023": {
            "cash": 3.5,
            "stock": 0,
            "eps": 5.23
        }
    },
    "dividends": {
        "1998-05-04": {
            "cash": 0,
            "stock": 1.5
        },
        "1999-06-22": {
            "cash": 0,
            "stock": 1.5
        },
        "2000-06-27": {
            "cash": 0,
            "stock": 1.5
        },
        "2001-04-26": {
            "cash": 0.09,
            "stock": 1.03
        },
        "2002-06-27": {
            "cash": 0.25,
            "stock": 1.5
        },
        "2003-04-15": {
            "cash": 0.5,
            "stock": 2
        },
        "2004-04-15": {
            "cash": 0.5,
            "stock": 1.5
        },
        "2005-04-26": {
            "cash": 0.5,
            "stock": 1
        },
        "2006-04-28": {
            "cash": 0.5,
            "stock": 2
        },
        "2007-04-27": {
            "cash": 1,
            "stock": 1
        },
        "2008-05-09": {
            "cash": 1.1,
            "stock": 1
        },
        "2009-03-27": {
            "cash": 1.21,
            "stock": 0
        },
        "2010-05-07": {
            "cash": 1.3,
            "stock": 0
        },
        "2011-01-01": {
            "cash": 0.3,
            "stock": 0
        },
        "2011-05-05": {
            "cash": 1.4,
            "stock": 0
        },
        "2013-04-11": {
            "cash": 0.15,
            "stock": 0
        },
        "2014-10-31": {
            "cash": 0.15,
            "stock": 0
        },
        "2015-10-01": {
            "cash": 0.15,
            "stock": 0
        },
        "2016-11-10": {
            "cash": 0.4,
            "stock": 0
        },
        "2017-11-15": {
            "cash": 0.4,
            "stock": 0
        },
        "2018-10-03": {
            "cash": 0.4,
            "stock": 0
        },
        "2019-08-16": {
            "cash": 1.01,
            "stock": 0
        },
        "2020-10-20": {
            "cash": 1,
            "stock": 0
        },
        "2021-08-20": {
            "cash": 2,
            "stock": 0
        },
        "2022-09-07": {
            "cash": 3,
            "stock": 0
        },
        "2023-08-07": {
            "cash": 3.5,
            "stock": 0
        }
    },
    "prices": {
        "200101": "33.36",
        "200102": "33.98",
        "200103": "34.47",
        "200104": "34.30",
        "200105": "34.31",
        "200106": "33.64",
        "200107": "31.80",
        "200108": "31.08",
        "200109": "29.55",
        "200110": "28.64",
        "200111": "28.95",
        "200112": "32.70",
        "200201": "33.33",
        "200202": "33.11",
        "200203": "34.24",
        "200204": "33.80",
        "200205": "33.94",
        "200206": "34.02",
        "200207": "33.87",
        "200208": "33.81",
        "200209": "31.32",
        "200210": "31.77",
        "200211": "32.19",
        "200212": "34.41",
        "200301": "31.74",
        "200302": "33.00",
        "200303": "30.86",
        "200304": "33.39",
        "200305": "34.20",
        "200306": "32.60",
        "200307": "34.34",
        "200308": "34.28",
        "200309": "31.68",
        "200310": "36.55",
        "200311": "31.68",
        "200312": "32.37",
        "200401": "31.61",
        "200402": "31.94",
        "200403": "31.17",
        "200404": "30.25",
        "200405": "27.91",
        "200406": "26.72",
        "200407": "27.48",
        "200408": "23.73",
        "200409": "23.32",
        "200410": "23.13",
        "200411": "21.92",
        "200412": "23.03",
        "200501": "23.91",
        "200502": "23.82",
        "200503": "30.69",
        "200504": "32.72",
        "200505": "33.14",
        "200506": "33.64",
        "200507": "33.61",
        "200508": "29.82",
        "200509": "28.51",
        "200510": "27.74",
        "200511": "30.80",
        "200512": "37.78",
        "200601": "39.78",
        "200602": "36.45",
        "200603": "38.32",
        "200604": "42.26",
        "200605": "41.53",
        "200606": "37.70",
        "200607": "34.64",
        "200608": "29.70",
        "200609": "28.19",
        "200610": "28.98",
        "200611": "31.96",
        "200612": "33.06",
        "200701": "34.96",
        "200702": "36.40",
        "200703": "37.79",
        "200704": "42.79",
        "200705": "41.17",
        "200706": "42.03",
        "200707": "45.47",
        "200708": "41.34",
        "200709": "40.67",
        "200710": "38.16",
        "200711": "34.39",
        "200712": "34.16",
        "200801": "34.40",
        "200802": "35.13",
        "200803": "36.08",
        "200804": "37.73",
        "200805": "37.73",
        "200806": "35.01",
        "200807": "33.92",
        "200808": "34.57",
        "200809": "26.45",
        "200810": "22.97",
        "200811": "17.85",
        "200812": "16.56",
        "200901": "15.36",
        "200902": "16.67",
        "200903": "19.23",
        "200904": "25.21",
        "200905": "27.98",
        "200906": "26.29",
        "200907": "30.84",
        "200908": "34.52",
        "200909": "34.01",
        "200910": "35.52",
        "200911": "34.81",
        "200912": "34.82",
        "201001": "35.98",
        "201002": "34.20",
        "201003": "35.17",
        "201004": "35.11",
        "201005": "31.62",
        "201006": "32.09",
        "201007": "31.92",
        "201008": "30.85",
        "201009": "30.83",
        "201010": "31.18",
        "201011": "31.08",
        "201012": "32.42",
        "201101": "32.54",
        "201102": "30.72",
        "201103": "29.71",
        "201104": "29.53",
        "201105": "26.69",
        "201106": "26.39",
        "201107": "26.28",
        "201108": "24.71",
        "201109": "22.55",
        "201110": "21.06",
        "201111": "20.05",
        "201112": "17.88",
        "201201": "16.37",
        "201202": "19.74",
        "201203": "21.62",
        "201204": "17.43",
        "201205": "15.65",
        "201206": "14.43",
        "201207": "13.44",
        "201208": "13.57",
        "201209": "13.71",
        "201210": "12.74",
        "201211": "12.46",
        "201212": "12.79",
        "201301": "12.28",
        "201302": "12.47",
        "201303": "12.68",
        "201304": "11.98",
        "201305": "12.96",
        "201306": "13.27",
        "201307": "13.39",
        "201308": "12.86",
        "201309": "12.00",
        "201310": "12.09",
        "201311": "11.28",
        "201312": "11.22",
        "201401": "12.27",
        "201402": "12.77",
        "201403": "13.90",
        "201404": "14.01",
        "201405": "12.96",
        "201406": "13.04",
        "201407": "14.00",
        "201408": "16.58",
        "201409": "17.02",
        "201410": "16.01",
        "201411": "16.36",
        "201412": "18.56",
        "201501": "21.59",
        "201502": "20.32",
        "201503": "20.98",
        "201504": "19.95",
        "201505": "17.72",
        "201506": "15.86",
        "201507": "14.16",
        "201508": "11.35",
        "201509": "12.83",
        "201510": "14.31",
        "201511": "14.83",
        "201512": "14.89",
        "201601": "13.95",
        "201602": "14.93",
        "201603": "15.18",
        "201604": "16.03",
        "201605": "15.24",
        "201606": "16.36",
        "201607": "16.45",
        "201608": "17.38",
        "201609": "17.36",
        "201610": "18.26",
        "201611": "17.38",
        "201612": "16.99",
        "201701": "17.33",
        "201702": "18.51",
        "201703": "20.48",
        "201704": "19.40",
        "201705": "20.23",
        "201706": "20.55",
        "201707": "20.46",
        "201708": "18.58",
        "201709": "18.44",
        "201710": "18.60",
        "201711": "17.27",
        "201712": "16.98",
        "201801": "17.36",
        "201802": "16.44",
        "201803": "16.22",
        "201804": "16.06",
        "201805": "15.46",
        "201806": "16.58",
        "201807": "17.77",
        "201808": "17.69",
        "201809": "16.01",
        "201810": "15.36",
        "201811": "16.42",
        "201812": "17.76",
        "201901": "17.44",
        "201902": "17.94",
        "201903": "18.54",
        "201904": "18.88",
        "201905": "17.90",
        "201906": "17.92",
        "201907": "29.01",
        "201908": "38.99",
        "201909": "37.52",
        "201910": "40.59",
        "201911": "36.94",
        "201912": "38.99",
        "202001": "37.78",
        "202002": "35.56",
        "202003": "28.02",
        "202004": "31.10",
        "202005": "32.04",
        "202006": "36.11",
        "202007": "42.24",
        "202008": "61.41",
        "202009": "69.00",
        "202010": "68.27",
        "202011": "68.50",
        "202012": "64.13",
        "202101": "64.52",
        "202102": "66.25",
        "202103": "66.20",
        "202104": "64.39",
        "202105": "56.22",
        "202106": "55.05",
        "202107": "53.79",
        "202108": "50.47",
        "202109": "46.28",
        "202110": "43.65",
        "202111": "43.43",
        "202112": "46.31",
        "202201": "45.96",
        "202202": "43.24",
        "202203": "41.07",
        "202204": "39.54",
        "202205": "36.27",
        "202206": "36.45",
        "202207": "36.64",
        "202208": "37.76",
        "202209": "38.47",
        "202210": "36.00",
        "202211": "39.97",
        "202212": "39.95",
        "202301": "38.22",
        "202302": "38.97",
        "202303": "41.45",
        "202304": "44.41",
        "202305": "42.19",
        "202306": "42.75",
        "202307": "42.76",
        "202308": "43.86",
        "202309": "48.18",
        "202310": "48.08",
        "202311": "54.02",
        "202312": "58.25"
    },
    "quarters": {
        "20011": {
            "year_quarter": 20011,
            "year": 2001,
            "quarter": 1,
            "eps": 0.41,
            "eps_growth_year": 46.43,
            "eps_4q": 1.29,
            "eps_4q_growth_year": 42.26,
            "roe": 2.7,
            "roe_4q": 2.7,
            "gross_profit": 60707,
            "gross_margin": 16.14,
            "gross_margin_4q_avg": 16.14,
            "net_income": 35990,
            "net_income_4q": null,
            "revenue": 376236,
            "revenue_4q": null,
            "common_shares": 896000,
            "book_valuer_per_share": 14.53,
            "book_valuer_per_share_4q_avg": 14.53,
            "equity": 1301987,
            "current_ratio": 253.84,
            "debt_ratio": 22.41,
            "inventory_turnover_ratio": 1.49,
            "account_receivable_turnover_ratio": null,
            "reinvestment_rate": null,
            "research_to_sale_ratio": null,
            "price_fair": 0,
            "eps_avg_yearly": 0,
            "eps_latest_yearly": 0,
            "eps_growth_yearly": 0
        },
        "20012": {
            "year_quarter": 20012,
            "year": 2001,
            "quarter": 2,
            "eps": 0.04,
            "eps_growth_year": -93.75,
            "eps_4q": 0.62,
            "eps_4q_growth_year": -54.87,
            "roe": 0.33,
            "roe_4q": 3.0300000000000002,
            "gross_profit": 36419,
            "gross_margin": 11.07,
            "gross_margin_4q_avg": 13.61,
            "net_income": 4285,
            "net_income_4q": null,
            "revenue": 328983,
            "revenue_4q": null,
            "common_shares": 985600,
            "book_valuer_per_share": 13.08,
            "book_valuer_per_share_4q_avg": 13.81,
            "equity": 1289032,
            "current_ratio": 222.94,
            "debt_ratio": 24.96,
            "inventory_turnover_ratio": 1.39,
            "account_receivable_turnover_ratio": null,
            "reinvestment_rate": null,
            "research_to_sale_ratio": null,
            "price_fair": 0,
            "eps_avg_yearly": 0,
            "eps_latest_yearly": 0,
            "eps_growth_yearly": 0
        },
        "20013": {
            "year_quarter": 20013,
            "year": 2001,
            "quarter": 3,
            "eps": 0.08,
            "eps_growth_year": -63.64,
            "eps_4q": 0.6,
            "eps_4q_growth_year": -57.15,
            "roe": 0.57,
            "roe_4q": 3.6,
            "gross_profit": 55265,
            "gross_margin": 13.95,
            "gross_margin_4q_avg": 13.72,
            "net_income": 7435,
            "net_income_4q": null,
            "revenue": 396245,
            "revenue_4q": null,
            "common_shares": 985600,
            "book_valuer_per_share": 13.18,
            "book_valuer_per_share_4q_avg": 13.6,
            "equity": 1299387,
            "current_ratio": 201.88,
            "debt_ratio": 24.91,
            "inventory_turnover_ratio": 1.59,
            "account_receivable_turnover_ratio": null,
            "reinvestment_rate": null,
            "research_to_sale_ratio": null,
            "price_fair": 0,
            "eps_avg_yearly": 0,
            "eps_latest_yearly": 0,
            "eps_growth_yearly": 0
        },
        "20014": {
            "year_quarter": 20014,
            "year": 2001,
            "quarter": 4,
            "eps": 0.87,
            "eps_growth_year": 866.67,
            "eps_4q": 1.37,
            "eps_4q_growth_year": 27.19,
            "roe": 6.26,
            "roe_4q": 9.86,
            "gross_profit": 70331,
            "gross_margin": 15.45,
            "gross_margin_4q_avg": 14.15,
            "net_income": 82974,
            "net_income_4q": null,
            "revenue": 455324,
            "revenue_4q": null,
            "common_shares": 985600,
            "book_valuer_per_share": 13.01,
            "book_valuer_per_share_4q_avg": 13.45,
            "equity": 1353130,
            "current_ratio": 212.74,
            "debt_ratio": 25.96,
            "inventory_turnover_ratio": 1.78,
            "account_receivable_turnover_ratio": null,
            "reinvestment_rate": null,
            "research_to_sale_ratio": null,
            "price_fair": 0,
            "eps_avg_yearly": 0,
            "eps_latest_yearly": 0,
            "eps_growth_yearly": 0
        },
        "20021": {
            "year_quarter": 20021,
            "year": 2002,
            "quarter": 1,
            "eps": 0.27,
            "eps_growth_year": -34.15,
            "eps_4q": 0.94,
            "eps_4q_growth_year": -27.1,
            "roe": 2.49,
            "roe_4q": 9.65,
            "gross_profit": 85818,
            "gross_margin": 20.01,
            "gross_margin_4q_avg": 15.12,
            "net_income": 38276,
            "net_income_4q": null,
            "revenue": 428976,
            "revenue_4q": null,
            "common_shares": 1514764,
            "book_valuer_per_share": 11.37,
            "book_valuer_per_share_4q_avg": 12.66,
            "equity": 1721793,
            "current_ratio": 178.97,
            "debt_ratio": 32.16,
            "inventory_turnover_ratio": 1.49,
            "account_receivable_turnover_ratio": null,
            "reinvestment_rate": null,
            "research_to_sale_ratio": null,
            "price_fair": 3.24,
            "eps_avg_yearly": 1.08,
            "eps_latest_yearly": 1.08,
            "eps_growth_yearly": -275.86
        },
        "20022": {
            "year_quarter": 20022,
            "year": 2002,
            "quarter": 2,
            "eps": 0.7,
            "eps_growth_year": 1650,
            "eps_4q": 1.62,
            "eps_4q_growth_year": 161.79,
            "roe": 5.57,
            "roe_4q": 14.89,
            "gross_profit": 131297,
            "gross_margin": 24.08,
            "gross_margin_4q_avg": 18.37,
            "net_income": 97696,
            "net_income_4q": null,
            "revenue": 545306,
            "revenue_4q": null,
            "common_shares": 1514764,
            "book_valuer_per_share": 11.78,
            "book_valuer_per_share_4q_avg": 12.34,
            "equity": 1784461,
            "current_ratio": 165.08,
            "debt_ratio": 35.09,
            "inventory_turnover_ratio": 1.66,
            "account_receivable_turnover_ratio": null,
            "reinvestment_rate": null,
            "research_to_sale_ratio": null,
            "price_fair": 67.9,
            "eps_avg_yearly": 1.94,
            "eps_latest_yearly": 2.8,
            "eps_growth_yearly": 180.59
        },
        "20023": {
            "year_quarter": 20023,
            "year": 2002,
            "quarter": 3,
            "eps": 0.48,
            "eps_growth_year": 500,
            "eps_4q": 1.85,
            "eps_4q_growth_year": 207.24,
            "roe": 4.19,
            "roe_4q": 18.51,
            "gross_profit": 104231,
            "gross_margin": 19.82,
            "gross_margin_4q_avg": 19.84,
            "net_income": 76668,
            "net_income_4q": null,
            "revenue": 526017,
            "revenue_4q": null,
            "common_shares": 1733981,
            "book_valuer_per_share": 10.83,
            "book_valuer_per_share_4q_avg": 11.75,
            "equity": 1877559,
            "current_ratio": 163.45,
            "debt_ratio": 35.34,
            "inventory_turnover_ratio": 1.75,
            "account_receivable_turnover_ratio": null,
            "reinvestment_rate": null,
            "research_to_sale_ratio": null,
            "price_fair": 67.67,
            "eps_avg_yearly": 1.93,
            "eps_latest_yearly": 1.92,
            "eps_growth_yearly": 78.49
        },
        "20024": {
            "year_quarter": 20024,
            "year": 2002,
            "quarter": 4,
            "eps": 0.8,
            "eps_growth_year": -8.05,
            "eps_4q": 2.12,
            "eps_4q_growth_year": 54.56,
            "roe": 6.14,
            "roe_4q": 18.39,
            "gross_profit": 102302,
            "gross_margin": 17.83,
            "gross_margin_4q_avg": 20.44,
            "net_income": 129077,
            "net_income_4q": null,
            "revenue": 573682,
            "revenue_4q": null,
            "common_shares": 1733981,
            "book_valuer_per_share": 11.63,
            "book_valuer_per_share_4q_avg": 11.4,
            "equity": 2324391,
            "current_ratio": 256.76,
            "debt_ratio": 24.97,
            "inventory_turnover_ratio": 1.79,
            "account_receivable_turnover_ratio": null,
            "reinvestment_rate": 156.51,
            "research_to_sale_ratio": null,
            "price_fair": 78.75,
            "eps_avg_yearly": 2.25,
            "eps_latest_yearly": 3.2,
            "eps_growth_yearly": 125.53
        },
        "20031": {
            "year_quarter": 20031,
            "year": 2003,
            "quarter": 1,
            "eps": 0.55,
            "eps_growth_year": 103.7,
            "eps_4q": 2.39,
            "eps_4q_growth_year": 155.19,
            "roe": 4.09,
            "roe_4q": 19.990000000000002,
            "gross_profit": 82076,
            "gross_margin": 16.6,
            "gross_margin_4q_avg": 19.58,
            "net_income": 90525,
            "net_income_4q": null,
            "revenue": 494359,
            "revenue_4q": null,
            "common_shares": 1733981,
            "book_valuer_per_share": 12.15,
            "book_valuer_per_share_4q_avg": 11.6,
            "equity": 2106253,
            "current_ratio": 187.01,
            "debt_ratio": 26.88,
            "inventory_turnover_ratio": 1.61,
            "account_receivable_turnover_ratio": null,
            "reinvestment_rate": 63.15,
            "research_to_sale_ratio": null,
            "price_fair": 78.4,
            "eps_avg_yearly": 2.24,
            "eps_latest_yearly": 2.2,
            "eps_growth_yearly": 75.43
        },
        "20032": {
            "year_quarter": 20032,
            "year": 2003,
            "quarter": 2,
            "eps": 0.69,
            "eps_growth_year": -1.43,
            "eps_4q": 2.5,
            "eps_4q_growth_year": 54.17,
            "roe": 5.31,
            "roe_4q": 19.73,
            "gross_profit": 75397,
            "gross_margin": 16.6,
            "gross_margin_4q_avg": 17.71,
            "net_income": 112898,
            "net_income_4q": null,
            "revenue": 454233,
            "revenue_4q": null,
            "common_shares": 1733981,
            "book_valuer_per_share": 12.39,
            "book_valuer_per_share_4q_avg": 11.75,
            "equity": 2148609,
            "current_ratio": 166.79,
            "debt_ratio": 29.69,
            "inventory_turnover_ratio": 1.82,
            "account_receivable_turnover_ratio": null,
            "reinvestment_rate": 53.77,
            "research_to_sale_ratio": null,
            "price_fair": 81.43,
            "eps_avg_yearly": 2.33,
            "eps_latest_yearly": 2.76,
            "eps_growth_yearly": 79.82
        },
        "20033": {
            "year_quarter": 20033,
            "year": 2003,
            "quarter": 3,
            "eps": 0.7,
            "eps_growth_year": 45.83,
            "eps_4q": 2.74,
            "eps_4q_growth_year": 48.19,
            "roe": 5.17,
            "roe_4q": 20.71,
            "gross_profit": 111265,
            "gross_margin": 19.94,
            "gross_margin_4q_avg": 17.74,
            "net_income": 113948,
            "net_income_4q": null,
            "revenue": 558112,
            "revenue_4q": null,
            "common_shares": 1733981,
            "book_valuer_per_share": 13.01,
            "book_valuer_per_share_4q_avg": 12.3,
            "equity": 2256674,
            "current_ratio": 161.23,
            "debt_ratio": 30.56,
            "inventory_turnover_ratio": 1.98,
            "account_receivable_turnover_ratio": null,
            "reinvestment_rate": 29.09,
            "research_to_sale_ratio": null,
            "price_fair": 83.8,
            "eps_avg_yearly": 2.39,
            "eps_latest_yearly": 2.8,
            "eps_growth_yearly": 69.25
        },
        "20034": {
            "year_quarter": 20034,
            "year": 2003,
            "quarter": 4,
            "eps": 0.9,
            "eps_growth_year": 12.5,
            "eps_4q": 2.52,
            "eps_4q_growth_year": 19.06,
            "roe": 6.78,
            "roe_4q": 21.349999999999998,
            "gross_profit": 130346,
            "gross_margin": 20.73,
            "gross_margin_4q_avg": 18.47,
            "net_income": 176142,
            "net_income_4q": null,
            "revenue": 628644,
            "revenue_4q": null,
            "common_shares": 2070113,
            "book_valuer_per_share": 11.84,
            "book_valuer_per_share_4q_avg": 12.35,
            "equity": 2936706,
            "current_ratio": 313.45,
            "debt_ratio": 22.47,
            "inventory_turnover_ratio": 1.63,
            "account_receivable_turnover_ratio": null,
            "reinvestment_rate": 78.42,
            "research_to_sale_ratio": null,
            "price_fair": 89.08,
            "eps_avg_yearly": 2.55,
            "eps_latest_yearly": 3.6,
            "eps_growth_yearly": 74.88
        },
        "20041": {
            "year_quarter": 20041,
            "year": 2004,
            "quarter": 1,
            "eps": 0.63,
            "eps_growth_year": 14.55,
            "eps_4q": 2.66,
            "eps_4q_growth_year": 11.11,
            "roe": 4.57,
            "roe_4q": 21.830000000000002,
            "gross_profit": 112885,
            "gross_margin": 19.86,
            "gross_margin_4q_avg": 19.28,
            "net_income": 125093,
            "net_income_4q": null,
            "revenue": 568426,
            "revenue_4q": null,
            "common_shares": 2056263,
            "book_valuer_per_share": 12.36,
            "book_valuer_per_share_4q_avg": 12.4,
            "equity": 2541173,
            "current_ratio": 196.69,
            "debt_ratio": 24.45,
            "inventory_turnover_ratio": 1.62,
            "account_receivable_turnover_ratio": null,
            "reinvestment_rate": 16.56,
            "research_to_sale_ratio": null,
            "price_fair": 88.98,
            "eps_avg_yearly": 2.54,
            "eps_latest_yearly": 2.52,
            "eps_growth_yearly": 53.23
        },
        "20042": {
            "year_quarter": 20042,
            "year": 2004,
            "quarter": 2,
            "eps": 0.92,
            "eps_growth_year": 33.33,
            "eps_4q": 2.72,
            "eps_4q_growth_year": 8.95,
            "roe": 8.19,
            "roe_4q": 24.71,
            "gross_profit": 133429,
            "gross_margin": 23.83,
            "gross_margin_4q_avg": 21.09,
            "net_income": 211668,
            "net_income_4q": null,
            "revenue": 560024,
            "revenue_4q": null,
            "common_shares": 2056263,
            "book_valuer_per_share": 12.78,
            "book_valuer_per_share_4q_avg": 12.5,
            "equity": 2626945,
            "current_ratio": 170.79,
            "debt_ratio": 26.98,
            "inventory_turnover_ratio": 2.11,
            "account_receivable_turnover_ratio": null,
            "reinvestment_rate": 14.48,
            "research_to_sale_ratio": null,
            "price_fair": 92.96,
            "eps_avg_yearly": 2.66,
            "eps_latest_yearly": 3.68,
            "eps_growth_yearly": 66.32
        },
        "20043": {
            "year_quarter": 20043,
            "year": 2004,
            "quarter": 3,
            "eps": 0.62,
            "eps_growth_year": -11.43,
            "eps_4q": 2.86,
            "eps_4q_growth_year": 4.31,
            "roe": 5.24,
            "roe_4q": 24.78,
            "gross_profit": 142428,
            "gross_margin": 22.94,
            "gross_margin_4q_avg": 21.84,
            "net_income": 141921,
            "net_income_4q": null,
            "revenue": 620983,
            "revenue_4q": null,
            "common_shares": 2360202,
            "book_valuer_per_share": 11.81,
            "book_valuer_per_share_4q_avg": 12.2,
            "equity": 2786224,
            "current_ratio": 151.24,
            "debt_ratio": 25.81,
            "inventory_turnover_ratio": 2.42,
            "account_receivable_turnover_ratio": null,
            "reinvestment_rate": 17.38,
            "research_to_sale_ratio": null,
            "price_fair": 92.4,
            "eps_avg_yearly": 2.64,
            "eps_latest_yearly": 2.48,
            "eps_growth_yearly": 48.43
        },
        "20044": {
            "year_quarter": 20044,
            "year": 2004,
            "quarter": 4,
            "eps": 0.45,
            "eps_growth_year": -50,
            "eps_4q": 2.56,
            "eps_4q_growth_year": 1.57,
            "roe": 3.31,
            "roe_4q": 21.310000000000002,
            "gross_profit": 122924,
            "gross_margin": 20.14,
            "gross_margin_4q_avg": 21.69,
            "net_income": 102028,
            "net_income_4q": null,
            "revenue": 610294,
            "revenue_4q": null,
            "common_shares": 2360202,
            "book_valuer_per_share": 11.95,
            "book_valuer_per_share_4q_avg": 12.23,
            "equity": 3371802,
            "current_ratio": 294.62,
            "debt_ratio": 22.7,
            "inventory_turnover_ratio": 1.59,
            "account_receivable_turnover_ratio": null,
            "reinvestment_rate": 69.66,
            "research_to_sale_ratio": null,
            "price_fair": 89.95,
            "eps_avg_yearly": 2.57,
            "eps_latest_yearly": 1.8,
            "eps_growth_yearly": 35.25
        },
        "20051": {
            "year_quarter": 20051,
            "year": 2005,
            "quarter": 1,
            "eps": 0.84,
            "eps_growth_year": 33.33,
            "eps_4q": 2.87,
            "eps_4q_growth_year": 8.01,
            "roe": 5.98,
            "roe_4q": 22.72,
            "gross_profit": 141864,
            "gross_margin": 24.63,
            "gross_margin_4q_avg": 22.89,
            "net_income": 188293,
            "net_income_4q": null,
            "revenue": 575932,
            "revenue_4q": null,
            "common_shares": 2342242,
            "book_valuer_per_share": 12.5,
            "book_valuer_per_share_4q_avg": 12.26,
            "equity": 2928906,
            "current_ratio": 154.4,
            "debt_ratio": 25.54,
            "inventory_turnover_ratio": 1.45,
            "account_receivable_turnover_ratio": null,
            "reinvestment_rate": 13.36,
            "research_to_sale_ratio": null,
            "price_fair": 92.08,
            "eps_avg_yearly": 2.63,
            "eps_latest_yearly": 3.36,
            "eps_growth_yearly": 59.21
        },
        "20052": {
            "year_quarter": 20052,
            "year": 2005,
            "quarter": 2,
            "eps": 0.72,
            "eps_growth_year": -21.74,
            "eps_4q": 2.47,
            "eps_4q_growth_year": -9.36,
            "roe": 6.04,
            "roe_4q": 20.57,
            "gross_profit": 118272,
            "gross_margin": 21.35,
            "gross_margin_4q_avg": 22.27,
            "net_income": 177871,
            "net_income_4q": null,
            "revenue": 554073,
            "revenue_4q": null,
            "common_shares": 2342242,
            "book_valuer_per_share": 12.66,
            "book_valuer_per_share_4q_avg": 12.23,
            "equity": 2964189,
            "current_ratio": 132.62,
            "debt_ratio": 28.86,
            "inventory_turnover_ratio": 2.55,
            "account_receivable_turnover_ratio": null,
            "reinvestment_rate": 13.36,
            "research_to_sale_ratio": null,
            "price_fair": 92.7,
            "eps_avg_yearly": 2.65,
            "eps_latest_yearly": 2.88,
            "eps_growth_yearly": 50.9
        },
        "20053": {
            "year_quarter": 20053,
            "year": 2005,
            "quarter": 3,
            "eps": 0.97,
            "eps_growth_year": 56.45,
            "eps_4q": 2.86,
            "eps_4q_growth_year": 0.06,
            "roe": 7.66,
            "roe_4q": 22.99,
            "gross_profit": 179677,
            "gross_margin": 28.92,
            "gross_margin_4q_avg": 23.76,
            "net_income": 239985,
            "net_income_4q": null,
            "revenue": 621226,
            "revenue_4q": null,
            "common_shares": 2573467,
            "book_valuer_per_share": 12.84,
            "book_valuer_per_share_4q_avg": 12.49,
            "equity": 3304844,
            "current_ratio": 143.2,
            "debt_ratio": 26.86,
            "inventory_turnover_ratio": 2.3,
            "account_receivable_turnover_ratio": null,
            "reinvestment_rate": 8.68,
            "research_to_sale_ratio": null,
            "price_fair": 95.57,
            "eps_avg_yearly": 2.73,
            "eps_latest_yearly": 3.88,
            "eps_growth_yearly": 56.76
        },
        "20054": {
            "year_quarter": 20054,
            "year": 2005,
            "quarter": 4,
            "eps": 0.79,
            "eps_growth_year": 75.56,
            "eps_4q": 3.24,
            "eps_4q_growth_year": 26.55,
            "roe": 5.18,
            "roe_4q": 24.86,
            "gross_profit": 210355,
            "gross_margin": 31.22,
            "gross_margin_4q_avg": 26.53,
            "net_income": 195360,
            "net_income_4q": null,
            "revenue": 673861,
            "revenue_4q": null,
            "common_shares": 2573467,
            "book_valuer_per_share": 13.77,
            "book_valuer_per_share_4q_avg": 12.94,
            "equity": 4238163,
            "current_ratio": 315.59,
            "debt_ratio": 20.57,
            "inventory_turnover_ratio": 1.21,
            "account_receivable_turnover_ratio": null,
            "reinvestment_rate": 54.97,
            "research_to_sale_ratio": null,
            "price_fair": 96.51,
            "eps_avg_yearly": 2.76,
            "eps_latest_yearly": 3.16,
            "eps_growth_yearly": 48.58
        },
        "20061": {
            "year_quarter": 20061,
            "year": 2006,
            "quarter": 1,
            "eps": 0.83,
            "eps_growth_year": -1.19,
            "eps_4q": 3.3,
            "eps_4q_growth_year": 14.92,
            "roe": 5.1,
            "roe_4q": 23.979999999999997,
            "gross_profit": 150097,
            "gross_margin": 26.48,
            "gross_margin_4q_avg": 26.99,
            "net_income": 205955,
            "net_income_4q": null,
            "revenue": 566888,
            "revenue_4q": null,
            "common_shares": 2573467,
            "book_valuer_per_share": 14.91,
            "book_valuer_per_share_4q_avg": 13.55,
            "equity": 3837365,
            "current_ratio": 183.32,
            "debt_ratio": 20.21,
            "inventory_turnover_ratio": 1.1,
            "account_receivable_turnover_ratio": null,
            "reinvestment_rate": -1.72,
            "research_to_sale_ratio": null,
            "price_fair": 101.41,
            "eps_avg_yearly": 2.9,
            "eps_latest_yearly": 3.32,
            "eps_growth_yearly": 67.08
        },
        "20062": {
            "year_quarter": 20062,
            "year": 2006,
            "quarter": 2,
            "eps": 0.45,
            "eps_growth_year": -37.5,
            "eps_4q": 2.57,
            "eps_4q_growth_year": 4.1,
            "roe": 3.56,
            "roe_4q": 21.5,
            "gross_profit": 124239,
            "gross_margin": 26.58,
            "gross_margin_4q_avg": 28.3,
            "net_income": 136060,
            "net_income_4q": null,
            "revenue": 467400,
            "revenue_4q": null,
            "common_shares": 2573467,
            "book_valuer_per_share": 14.76,
            "book_valuer_per_share_4q_avg": 14.07,
            "equity": 3799048,
            "current_ratio": 187.38,
            "debt_ratio": 17.39,
            "inventory_turnover_ratio": 1.77,
            "account_receivable_turnover_ratio": null,
            "reinvestment_rate": -1.21,
            "research_to_sale_ratio": null,
            "price_fair": 73.21,
            "eps_avg_yearly": 2.84,
            "eps_latest_yearly": 1.8,
            "eps_growth_yearly": 15.82
        },
        "20063": {
            "year_quarter": 20063,
            "year": 2006,
            "quarter": 3,
            "eps": 0.82,
            "eps_growth_year": -15.46,
            "eps_4q": 2.62,
            "eps_4q_growth_year": -8.42,
            "roe": 6.2,
            "roe_4q": 20.04,
            "gross_profit": 106002,
            "gross_margin": 22.94,
            "gross_margin_4q_avg": 26.81,
            "net_income": 244615,
            "net_income_4q": null,
            "revenue": 462014,
            "revenue_4q": null,
            "common_shares": 3084688,
            "book_valuer_per_share": 13.25,
            "book_valuer_per_share_4q_avg": 14.17,
            "equity": 4085850,
            "current_ratio": 226.16,
            "debt_ratio": 13.75,
            "inventory_turnover_ratio": 1.88,
            "account_receivable_turnover_ratio": null,
            "reinvestment_rate": -1.44,
            "research_to_sale_ratio": null,
            "price_fair": 102.2,
            "eps_avg_yearly": 2.92,
            "eps_latest_yearly": 3.28,
            "eps_growth_yearly": 44.24
        },
        "20064": {
            "year_quarter": 20064,
            "year": 2006,
            "quarter": 4,
            "eps": 0.71,
            "eps_growth_year": -10.13,
            "eps_4q": 2.67,
            "eps_4q_growth_year": -17.49,
            "roe": 4.82,
            "roe_4q": 19.68,
            "gross_profit": 92058,
            "gross_margin": 16.93,
            "gross_margin_4q_avg": 23.23,
            "net_income": 212024,
            "net_income_4q": null,
            "revenue": 543674,
            "revenue_4q": null,
            "common_shares": 3084688,
            "book_valuer_per_share": 14.08,
            "book_valuer_per_share_4q_avg": 14.25,
            "equity": 4705975,
            "current_ratio": 284.67,
            "debt_ratio": 22.45,
            "inventory_turnover_ratio": 1.01,
            "account_receivable_turnover_ratio": null,
            "reinvestment_rate": 36.08,
            "research_to_sale_ratio": null,
            "price_fair": 99.14,
            "eps_avg_yearly": 2.9,
            "eps_latest_yearly": 2.84,
            "eps_growth_yearly": 24.22
        },
        "20071": {
            "year_quarter": 20071,
            "year": 2007,
            "quarter": 1,
            "eps": 0.64,
            "eps_growth_year": -22.89,
            "eps_4q": 2.63,
            "eps_4q_growth_year": -20.46,
            "roe": 4.08,
            "roe_4q": 18.66,
            "gross_profit": 125822,
            "gross_margin": 25.65,
            "gross_margin_4q_avg": 23.03,
            "net_income": 191009,
            "net_income_4q": null,
            "revenue": 490557,
            "revenue_4q": null,
            "common_shares": 3084688,
            "book_valuer_per_share": 15.08,
            "book_valuer_per_share_4q_avg": 14.29,
            "equity": 4652554,
            "current_ratio": 221.09,
            "debt_ratio": 14.6,
            "inventory_turnover_ratio": 0.83,
            "account_receivable_turnover_ratio": null,
            "reinvestment_rate": -1.66,
            "research_to_sale_ratio": null,
            "price_fair": 102.2,
            "eps_avg_yearly": 2.92,
            "eps_latest_yearly": 2.56,
            "eps_growth_yearly": 29.56
        },
        "20072": {
            "year_quarter": 20072,
            "year": 2007,
            "quarter": 2,
            "eps": 0.99,
            "eps_growth_year": 120,
            "eps_4q": 2.95,
            "eps_4q_growth_year": 14.76,
            "roe": 7.14,
            "roe_4q": 22.24,
            "gross_profit": 91504,
            "gross_margin": 18.51,
            "gross_margin_4q_avg": 21.01,
            "net_income": 327035,
            "net_income_4q": null,
            "revenue": 494293,
            "revenue_4q": null,
            "common_shares": 3084688,
            "book_valuer_per_share": 14.62,
            "book_valuer_per_share_4q_avg": 14.26,
            "equity": 4509445,
            "current_ratio": 158.98,
            "debt_ratio": 18.19,
            "inventory_turnover_ratio": 2.36,
            "account_receivable_turnover_ratio": null,
            "reinvestment_rate": -1.14,
            "research_to_sale_ratio": null,
            "price_fair": 104.83,
            "eps_avg_yearly": 3,
            "eps_latest_yearly": 3.96,
            "eps_growth_yearly": 36.87
        },
        "20073": {
            "year_quarter": 20073,
            "year": 2007,
            "quarter": 3,
            "eps": 0.74,
            "eps_growth_year": -9.76,
            "eps_4q": 2.94,
            "eps_4q_growth_year": 12.24,
            "roe": 5.28,
            "roe_4q": 21.32,
            "gross_profit": 111467,
            "gross_margin": 20.33,
            "gross_margin_4q_avg": 20.36,
            "net_income": 245317,
            "net_income_4q": null,
            "revenue": 548203,
            "revenue_4q": null,
            "common_shares": 3393085,
            "book_valuer_per_share": 14.09,
            "book_valuer_per_share_4q_avg": 14.47,
            "equity": 4779799,
            "current_ratio": 187.26,
            "debt_ratio": 14.14,
            "inventory_turnover_ratio": 2.3,
            "account_receivable_turnover_ratio": null,
            "reinvestment_rate": -0.73,
            "research_to_sale_ratio": null,
            "price_fair": 105.18,
            "eps_avg_yearly": 3.01,
            "eps_latest_yearly": 2.96,
            "eps_growth_yearly": 30.2
        },
        "20074": {
            "year_quarter": 20074,
            "year": 2007,
            "quarter": 4,
            "eps": 0.69,
            "eps_growth_year": -2.82,
            "eps_4q": 3,
            "eps_4q_growth_year": 12.23,
            "roe": 4.48,
            "roe_4q": 20.980000000000004,
            "gross_profit": 127148,
            "gross_margin": 20.36,
            "gross_margin_4q_avg": 21.21,
            "net_income": 227876,
            "net_income_4q": null,
            "revenue": 624494,
            "revenue_4q": null,
            "common_shares": 3393085,
            "book_valuer_per_share": 14.57,
            "book_valuer_per_share_4q_avg": 14.59,
            "equity": 5384097,
            "current_ratio": 208.14,
            "debt_ratio": 29.27,
            "inventory_turnover_ratio": 0.76,
            "account_receivable_turnover_ratio": null,
            "reinvestment_rate": 51.19,
            "research_to_sale_ratio": null,
            "price_fair": 92.6,
            "eps_avg_yearly": 2.95,
            "eps_latest_yearly": 2.76,
            "eps_growth_yearly": 21.36
        },
        "20081": {
            "year_quarter": 20081,
            "year": 2008,
            "quarter": 1,
            "eps": 0.71,
            "eps_growth_year": 10.94,
            "eps_4q": 3.09,
            "eps_4q_growth_year": 17.51,
            "roe": 4.38,
            "roe_4q": 21.28,
            "gross_profit": 420206,
            "gross_margin": 20.13,
            "gross_margin_4q_avg": 19.83,
            "net_income": 237729,
            "net_income_4q": null,
            "revenue": 2087339,
            "revenue_4q": null,
            "common_shares": 3393085,
            "book_valuer_per_share": 14.82,
            "book_valuer_per_share_4q_avg": 14.53,
            "equity": 5462131,
            "current_ratio": 190.84,
            "debt_ratio": 32.6,
            "inventory_turnover_ratio": 1.45,
            "account_receivable_turnover_ratio": null,
            "reinvestment_rate": 70.63,
            "research_to_sale_ratio": null,
            "price_fair": 104.04,
            "eps_avg_yearly": 2.97,
            "eps_latest_yearly": 2.84,
            "eps_growth_yearly": 29.59
        },
        "20082": {
            "year_quarter": 20082,
            "year": 2008,
            "quarter": 2,
            "eps": 0.73,
            "eps_growth_year": -26.26,
            "eps_4q": 2.83,
            "eps_4q_growth_year": -4.12,
            "roe": 4.53,
            "roe_4q": 18.67,
            "gross_profit": 456406,
            "gross_margin": 21.35,
            "gross_margin_4q_avg": 20.54,
            "net_income": 244198,
            "net_income_4q": null,
            "revenue": 2137425,
            "revenue_4q": null,
            "common_shares": 3393085,
            "book_valuer_per_share": 14.34,
            "book_valuer_per_share_4q_avg": 14.46,
            "equity": 5312083,
            "current_ratio": 161.88,
            "debt_ratio": 38.75,
            "inventory_turnover_ratio": 1.28,
            "account_receivable_turnover_ratio": null,
            "reinvestment_rate": 74.77,
            "research_to_sale_ratio": null,
            "price_fair": 84.2,
            "eps_avg_yearly": 2.93,
            "eps_latest_yearly": 2.92,
            "eps_growth_yearly": 18.79
        },
        "20083": {
            "year_quarter": 20083,
            "year": 2008,
            "quarter": 3,
            "eps": 0.8,
            "eps_growth_year": 8.11,
            "eps_4q": 2.77,
            "eps_4q_growth_year": -5.97,
            "roe": 5.11,
            "roe_4q": 18.5,
            "gross_profit": 521828,
            "gross_margin": 18.34,
            "gross_margin_4q_avg": 20.05,
            "net_income": 286710,
            "net_income_4q": null,
            "revenue": 2846075,
            "revenue_4q": null,
            "common_shares": 3729393,
            "book_valuer_per_share": 14.57,
            "book_valuer_per_share_4q_avg": 14.58,
            "equity": 5907421,
            "current_ratio": 155.6,
            "debt_ratio": 41.96,
            "inventory_turnover_ratio": 1.45,
            "account_receivable_turnover_ratio": null,
            "reinvestment_rate": 80.02,
            "research_to_sale_ratio": null,
            "price_fair": 103.95,
            "eps_avg_yearly": 2.97,
            "eps_latest_yearly": 3.2,
            "eps_growth_yearly": 29.33
        },
        "20084": {
            "year_quarter": 20084,
            "year": 2008,
            "quarter": 4,
            "eps": 0.74,
            "eps_growth_year": 7.25,
            "eps_4q": 3.46,
            "eps_4q_growth_year": 15.21,
            "roe": 3.65,
            "roe_4q": 17.669999999999998,
            "gross_profit": 386509,
            "gross_margin": 12.52,
            "gross_margin_4q_avg": 18.09,
            "net_income": 221056,
            "net_income_4q": null,
            "revenue": 3087291,
            "revenue_4q": null,
            "common_shares": 3729393,
            "book_valuer_per_share": 15.52,
            "book_valuer_per_share_4q_avg": 14.81,
            "equity": 6219669,
            "current_ratio": 157.97,
            "debt_ratio": 41.64,
            "inventory_turnover_ratio": 1.63,
            "account_receivable_turnover_ratio": 1.5,
            "reinvestment_rate": 57.62,
            "research_to_sale_ratio": null,
            "price_fair": 106.49,
            "eps_avg_yearly": 3.04,
            "eps_latest_yearly": 2.96,
            "eps_growth_yearly": 34.31
        },
        "20091": {
            "year_quarter": 20091,
            "year": 2009,
            "quarter": 1,
            "eps": 0.63,
            "eps_growth_year": -11.27,
            "eps_4q": 2.69,
            "eps_4q_growth_year": -12.67,
            "roe": 3.69,
            "roe_4q": 16.98,
            "gross_profit": 463316,
            "gross_margin": 17.8,
            "gross_margin_4q_avg": 17.5,
            "net_income": 240218,
            "net_income_4q": null,
            "revenue": 2602898,
            "revenue_4q": null,
            "common_shares": 3729393,
            "book_valuer_per_share": 16.57,
            "book_valuer_per_share_4q_avg": 15.25,
            "equity": 6803681,
            "current_ratio": 189.62,
            "debt_ratio": 33.24,
            "inventory_turnover_ratio": 1.52,
            "account_receivable_turnover_ratio": 0.7,
            "reinvestment_rate": 84.18,
            "research_to_sale_ratio": null,
            "price_fair": 56.61,
            "eps_avg_yearly": 2.99,
            "eps_latest_yearly": 2.52,
            "eps_growth_yearly": 8.93
        },
        "20092": {
            "year_quarter": 20092,
            "year": 2009,
            "quarter": 2,
            "eps": 0.56,
            "eps_growth_year": -23.29,
            "eps_4q": 2.28,
            "eps_4q_growth_year": -19.54,
            "roe": 3.7,
            "roe_4q": 16.150000000000002,
            "gross_profit": 507092,
            "gross_margin": 16.9,
            "gross_margin_4q_avg": 16.39,
            "net_income": 243115,
            "net_income_4q": null,
            "revenue": 3001435,
            "revenue_4q": null,
            "common_shares": 3729393,
            "book_valuer_per_share": 15.27,
            "book_valuer_per_share_4q_avg": 15.48,
            "equity": 6344025,
            "current_ratio": 179.2,
            "debt_ratio": 38.58,
            "inventory_turnover_ratio": 1.79,
            "account_receivable_turnover_ratio": 0.85,
            "reinvestment_rate": 80.91,
            "research_to_sale_ratio": null,
            "price_fair": 58.19,
            "eps_avg_yearly": 2.95,
            "eps_latest_yearly": 2.24,
            "eps_growth_yearly": 9.73
        },
        "20093": {
            "year_quarter": 20093,
            "year": 2009,
            "quarter": 3,
            "eps": 0.92,
            "eps_growth_year": 15,
            "eps_4q": 2.41,
            "eps_4q_growth_year": -12.87,
            "roe": 6.05,
            "roe_4q": 17.09,
            "gross_profit": 611197,
            "gross_margin": 15.53,
            "gross_margin_4q_avg": 15.69,
            "net_income": 391573,
            "net_income_4q": null,
            "revenue": 3936475,
            "revenue_4q": null,
            "common_shares": 3729393,
            "book_valuer_per_share": 15.86,
            "book_valuer_per_share_4q_avg": 15.81,
            "equity": 6610708,
            "current_ratio": 185.21,
            "debt_ratio": 38.56,
            "inventory_turnover_ratio": 2.26,
            "account_receivable_turnover_ratio": 0.92,
            "reinvestment_rate": 74.19,
            "research_to_sale_ratio": null,
            "price_fair": 79.65,
            "eps_avg_yearly": 2.94,
            "eps_latest_yearly": 3.68,
            "eps_growth_yearly": 17.12
        },
        "20094": {
            "year_quarter": 20094,
            "year": 2009,
            "quarter": 4,
            "eps": 1.36,
            "eps_growth_year": 83.78,
            "eps_4q": 3.43,
            "eps_4q_growth_year": -0.89,
            "roe": 7.8,
            "roe_4q": 21.240000000000002,
            "gross_profit": 848717,
            "gross_margin": 24.47,
            "gross_margin_4q_avg": 18.68,
            "net_income": 537382,
            "net_income_4q": null,
            "revenue": 3468161,
            "revenue_4q": null,
            "common_shares": 3729393,
            "book_valuer_per_share": 17.88,
            "book_valuer_per_share_4q_avg": 16.4,
            "equity": 7163175,
            "current_ratio": 198.89,
            "debt_ratio": 40.23,
            "inventory_turnover_ratio": 1.81,
            "account_receivable_turnover_ratio": 1.44,
            "reinvestment_rate": 42.81,
            "research_to_sale_ratio": null,
            "price_fair": 107.8,
            "eps_avg_yearly": 3.08,
            "eps_latest_yearly": 5.44,
            "eps_growth_yearly": 33.71
        },
        "20101": {
            "year_quarter": 20101,
            "year": 2010,
            "quarter": 1,
            "eps": 1.02,
            "eps_growth_year": 61.9,
            "eps_4q": 3.85,
            "eps_4q_growth_year": 42.74,
            "roe": 5.26,
            "roe_4q": 22.81,
            "gross_profit": 660309,
            "gross_margin": 17.65,
            "gross_margin_4q_avg": 18.64,
            "net_income": 385743,
            "net_income_4q": null,
            "revenue": 3741959,
            "revenue_4q": null,
            "common_shares": 3729393,
            "book_valuer_per_share": 18.81,
            "book_valuer_per_share_4q_avg": 16.96,
            "equity": 7512379,
            "current_ratio": 214.48,
            "debt_ratio": 35.57,
            "inventory_turnover_ratio": 2.27,
            "account_receivable_turnover_ratio": 0.77,
            "reinvestment_rate": 69.21,
            "research_to_sale_ratio": 0.45,
            "price_fair": 109.46,
            "eps_avg_yearly": 3.13,
            "eps_latest_yearly": 4.08,
            "eps_growth_yearly": 26.2
        },
        "20102": {
            "year_quarter": 20102,
            "year": 2010,
            "quarter": 2,
            "eps": 1.31,
            "eps_growth_year": 133.19,
            "eps_4q": 4.59,
            "eps_4q_growth_year": 101.78,
            "roe": 6.94,
            "roe_4q": 26.05,
            "gross_profit": 830440,
            "gross_margin": 21.04,
            "gross_margin_4q_avg": 19.67,
            "net_income": 527131,
            "net_income_4q": null,
            "revenue": 3946611,
            "revenue_4q": null,
            "common_shares": 3729393,
            "book_valuer_per_share": 19.09,
            "book_valuer_per_share_4q_avg": 17.91,
            "equity": 7687001,
            "current_ratio": 183.59,
            "debt_ratio": 42.39,
            "inventory_turnover_ratio": 2.18,
            "account_receivable_turnover_ratio": 0.77,
            "reinvestment_rate": 65.77,
            "research_to_sale_ratio": 0.35,
            "price_fair": 116.99,
            "eps_avg_yearly": 3.34,
            "eps_latest_yearly": 5.24,
            "eps_growth_yearly": 44.75
        },
        "20103": {
            "year_quarter": 20103,
            "year": 2010,
            "quarter": 3,
            "eps": 1.04,
            "eps_growth_year": 12.66,
            "eps_4q": 4.78,
            "eps_4q_growth_year": 98.21,
            "roe": 5.05,
            "roe_4q": 25.05,
            "gross_profit": 713480,
            "gross_margin": 19.01,
            "gross_margin_4q_avg": 20.54,
            "net_income": 389721,
            "net_income_4q": null,
            "revenue": 3754158,
            "revenue_4q": null,
            "common_shares": 3729393,
            "book_valuer_per_share": 19.58,
            "book_valuer_per_share_4q_avg": 18.84,
            "equity": 7757301,
            "current_ratio": 194.33,
            "debt_ratio": 39.86,
            "inventory_turnover_ratio": 1.87,
            "account_receivable_turnover_ratio": 0.71,
            "reinvestment_rate": 64.53,
            "research_to_sale_ratio": 0.47,
            "price_fair": 98.67,
            "eps_avg_yearly": 3.4,
            "eps_latest_yearly": 4.16,
            "eps_growth_yearly": 19.04
        },
        "20104": {
            "year_quarter": 20104,
            "year": 2010,
            "quarter": 4,
            "eps": 0.41,
            "eps_growth_year": -69.78,
            "eps_4q": 3.78,
            "eps_4q_growth_year": 10.44,
            "roe": 2.16,
            "roe_4q": 19.41,
            "gross_profit": 540036,
            "gross_margin": 16.79,
            "gross_margin_4q_avg": 18.62,
            "net_income": 165156,
            "net_income_4q": null,
            "revenue": 3215982,
            "revenue_4q": null,
            "common_shares": 3729393,
            "book_valuer_per_share": 18.87,
            "book_valuer_per_share_4q_avg": 19.09,
            "equity": 7511542,
            "current_ratio": 210.28,
            "debt_ratio": 36.79,
            "inventory_turnover_ratio": 1.52,
            "account_receivable_turnover_ratio": 0.65,
            "reinvestment_rate": 29.04,
            "research_to_sale_ratio": 2.36,
            "price_fair": 57.32,
            "eps_avg_yearly": 3.32,
            "eps_latest_yearly": 1.64,
            "eps_growth_yearly": 7.25
        },
        "20111": {
            "year_quarter": 20111,
            "year": 2011,
            "quarter": 1,
            "eps": 0.35,
            "eps_growth_year": -65.69,
            "eps_4q": 3.11,
            "eps_4q_growth_year": -19.1,
            "roe": 1.61,
            "roe_4q": 15.760000000000002,
            "gross_profit": 404487,
            "gross_margin": 12.59,
            "gross_margin_4q_avg": 17.36,
            "net_income": 122892,
            "net_income_4q": null,
            "revenue": 3212664,
            "revenue_4q": null,
            "common_shares": 3726463,
            "book_valuer_per_share": 19.49,
            "book_valuer_per_share_4q_avg": 19.26,
            "equity": 7741169,
            "current_ratio": 206.47,
            "debt_ratio": 37.58,
            "inventory_turnover_ratio": 1.51,
            "account_receivable_turnover_ratio": 0.7,
            "reinvestment_rate": 65.26,
            "research_to_sale_ratio": 1.93,
            "price_fair": 52.19,
            "eps_avg_yearly": 3.25,
            "eps_latest_yearly": 1.4,
            "eps_growth_yearly": 6.06
        },
        "20112": {
            "year_quarter": 20112,
            "year": 2011,
            "quarter": 2,
            "eps": 0.2,
            "eps_growth_year": -85.01,
            "eps_4q": 1.99,
            "eps_4q_growth_year": -56.77,
            "roe": 0.55,
            "roe_4q": 9.370000000000001,
            "gross_profit": 358933,
            "gross_margin": 10.87,
            "gross_margin_4q_avg": 14.82,
            "net_income": 41291,
            "net_income_4q": null,
            "revenue": 3300776,
            "revenue_4q": null,
            "common_shares": 3726463,
            "book_valuer_per_share": 17.99,
            "book_valuer_per_share_4q_avg": 18.98,
            "equity": 7173951,
            "current_ratio": 181.94,
            "debt_ratio": 42.49,
            "inventory_turnover_ratio": 1.48,
            "account_receivable_turnover_ratio": 0.71,
            "reinvestment_rate": 68.26,
            "research_to_sale_ratio": 1.94,
            "price_fair": 9.16,
            "eps_avg_yearly": 3.05,
            "eps_latest_yearly": 0.8,
            "eps_growth_yearly": -18.33
        },
        "20113": {
            "year_quarter": 20113,
            "year": 2011,
            "quarter": 3,
            "eps": 0.31,
            "eps_growth_year": -70.34,
            "eps_4q": 1.26,
            "eps_4q_growth_year": -73.6,
            "roe": 1.42,
            "roe_4q": 5.74,
            "gross_profit": 491250,
            "gross_margin": 13.63,
            "gross_margin_4q_avg": 13.47,
            "net_income": 106925,
            "net_income_4q": null,
            "revenue": 3602969,
            "revenue_4q": null,
            "common_shares": 3726463,
            "book_valuer_per_share": 19.85,
            "book_valuer_per_share_4q_avg": 19.05,
            "equity": 7897338,
            "current_ratio": 187.53,
            "debt_ratio": 41.36,
            "inventory_turnover_ratio": 1.48,
            "account_receivable_turnover_ratio": 0.73,
            "reinvestment_rate": 75.33,
            "research_to_sale_ratio": 0.69,
            "price_fair": 34.56,
            "eps_avg_yearly": 2.95,
            "eps_latest_yearly": 1.24,
            "eps_growth_yearly": 1.73
        },
        "20114": {
            "year_quarter": 20114,
            "year": 2011,
            "quarter": 4,
            "eps": 0.04,
            "eps_growth_year": -90.04,
            "eps_4q": 0.89,
            "eps_4q_growth_year": -76.58,
            "roe": -0.57,
            "roe_4q": 3.01,
            "gross_profit": 274673,
            "gross_margin": 8.34,
            "gross_margin_4q_avg": 11.36,
            "net_income": -45365,
            "net_income_4q": null,
            "revenue": 3292628,
            "revenue_4q": null,
            "common_shares": 3712743,
            "book_valuer_per_share": 19.96,
            "book_valuer_per_share_4q_avg": 19.32,
            "equity": 7987202,
            "current_ratio": 188.07,
            "debt_ratio": 40.91,
            "inventory_turnover_ratio": 1.38,
            "account_receivable_turnover_ratio": 0.67,
            "reinvestment_rate": 25.54,
            "research_to_sale_ratio": 2.84,
            "price_fair": 8.35,
            "eps_avg_yearly": 2.78,
            "eps_latest_yearly": 0.16,
            "eps_growth_yearly": -18.35
        },
        "20121": {
            "year_quarter": 20121,
            "year": 2012,
            "quarter": 1,
            "eps": 0.03,
            "eps_growth_year": -91.43,
            "eps_4q": 0.58,
            "eps_4q_growth_year": -81.5,
            "roe": -0.01,
            "roe_4q": 1.3900000000000001,
            "gross_profit": 290702,
            "gross_margin": 9.77,
            "gross_margin_4q_avg": 10.65,
            "net_income": -1096,
            "net_income_4q": null,
            "revenue": 2976157,
            "revenue_4q": null,
            "common_shares": 3712743,
            "book_valuer_per_share": 19.43,
            "book_valuer_per_share_4q_avg": 19.31,
            "equity": 7763824,
            "current_ratio": 163.45,
            "debt_ratio": 42.27,
            "inventory_turnover_ratio": 1.21,
            "account_receivable_turnover_ratio": 0.64,
            "reinvestment_rate": 24.91,
            "research_to_sale_ratio": 1.96,
            "price_fair": 7.84,
            "eps_avg_yearly": 2.61,
            "eps_latest_yearly": 0.12,
            "eps_growth_yearly": -25.33
        },
        "20122": {
            "year_quarter": 20122,
            "year": 2012,
            "quarter": 2,
            "eps": -0.25,
            "eps_growth_year": -226.37,
            "eps_4q": 0.13,
            "eps_4q_growth_year": -93.27,
            "roe": -1.47,
            "roe_4q": -0.6299999999999999,
            "gross_profit": 186321,
            "gross_margin": 5.42,
            "gross_margin_4q_avg": 9.29,
            "net_income": -113262,
            "net_income_4q": null,
            "revenue": 3435876,
            "revenue_4q": null,
            "common_shares": 3697803,
            "book_valuer_per_share": 19.07,
            "book_valuer_per_share_4q_avg": 19.58,
            "equity": 7615615,
            "current_ratio": 176.46,
            "debt_ratio": 46.05,
            "inventory_turnover_ratio": 1.44,
            "account_receivable_turnover_ratio": 0.72,
            "reinvestment_rate": 28.27,
            "research_to_sale_ratio": 2.04,
            "price_fair": 7.78,
            "eps_avg_yearly": 2.59,
            "eps_latest_yearly": 0.12,
            "eps_growth_yearly": -27.77
        },
        "20123": {
            "year_quarter": 20123,
            "year": 2012,
            "quarter": 3,
            "eps": 0.07,
            "eps_growth_year": -78.78,
            "eps_4q": -0.11,
            "eps_4q_growth_year": -108.71,
            "roe": 0.32,
            "roe_4q": -1.73,
            "gross_profit": 231179,
            "gross_margin": 6.51,
            "gross_margin_4q_avg": 7.51,
            "net_income": 24065,
            "net_income_4q": null,
            "revenue": 3552253,
            "revenue_4q": null,
            "common_shares": 3697803,
            "book_valuer_per_share": 18.72,
            "book_valuer_per_share_4q_avg": 19.3,
            "equity": 7383634,
            "current_ratio": 173.06,
            "debt_ratio": 46.13,
            "inventory_turnover_ratio": 1.49,
            "account_receivable_turnover_ratio": 0.7,
            "reinvestment_rate": 24.08,
            "research_to_sale_ratio": 1.62,
            "price_fair": 7.65,
            "eps_avg_yearly": 2.55,
            "eps_latest_yearly": 0.12,
            "eps_growth_yearly": -32.49
        },
        "20124": {
            "year_quarter": 20124,
            "year": 2012,
            "quarter": 4,
            "eps": 0.02,
            "eps_growth_year": -58.26,
            "eps_4q": -0.13,
            "eps_4q_growth_year": -115.03,
            "roe": 0.2,
            "roe_4q": -0.96,
            "gross_profit": 343452,
            "gross_margin": 10.44,
            "gross_margin_4q_avg": 8.04,
            "net_income": 14808,
            "net_income_4q": null,
            "revenue": 3288785,
            "revenue_4q": null,
            "common_shares": 3697803,
            "book_valuer_per_share": 18.84,
            "book_valuer_per_share_4q_avg": 19.02,
            "equity": 7469362,
            "current_ratio": 183.5,
            "debt_ratio": 43.11,
            "inventory_turnover_ratio": 1.34,
            "account_receivable_turnover_ratio": 0.68,
            "reinvestment_rate": 22.3,
            "research_to_sale_ratio": 1.36,
            "price_fair": 7.03,
            "eps_avg_yearly": 2.34,
            "eps_latest_yearly": 0.08,
            "eps_growth_yearly": -50.75
        },
        "20131": {
            "year_quarter": 20131,
            "year": 2013,
            "quarter": 1,
            "eps": 0.38,
            "eps_growth_year": 1166.67,
            "eps_4q": 0.21,
            "eps_4q_growth_year": -63.9,
            "roe": 1.86,
            "roe_4q": 0.9099999999999999,
            "gross_profit": 430285,
            "gross_margin": 15.15,
            "gross_margin_4q_avg": 9.38,
            "net_income": 141930,
            "net_income_4q": null,
            "revenue": 2840391,
            "revenue_4q": null,
            "common_shares": 3697803,
            "book_valuer_per_share": 19.69,
            "book_valuer_per_share_4q_avg": 19.08,
            "equity": 7803891,
            "current_ratio": 207.65,
            "debt_ratio": 38.73,
            "inventory_turnover_ratio": 1.12,
            "account_receivable_turnover_ratio": 0.7,
            "reinvestment_rate": 26.78,
            "research_to_sale_ratio": 2.01,
            "price_fair": 79.5,
            "eps_avg_yearly": 2.27,
            "eps_latest_yearly": 1.52,
            "eps_growth_yearly": 467.78
        },
        "20132": {
            "year_quarter": 20132,
            "year": 2013,
            "quarter": 2,
            "eps": -0.11,
            "eps_growth_year": null,
            "eps_4q": 0.35,
            "eps_4q_growth_year": 163.88,
            "roe": -0.53,
            "roe_4q": 1.85,
            "gross_profit": 262444,
            "gross_margin": 9.41,
            "gross_margin_4q_avg": 10.38,
            "net_income": -41489,
            "net_income_4q": null,
            "revenue": 2787837,
            "revenue_4q": null,
            "common_shares": 3697803,
            "book_valuer_per_share": 19.77,
            "book_valuer_per_share_4q_avg": 19.26,
            "equity": 7841823,
            "current_ratio": 204.54,
            "debt_ratio": 39.79,
            "inventory_turnover_ratio": 1.29,
            "account_receivable_turnover_ratio": 0.74,
            "reinvestment_rate": 44.39,
            "research_to_sale_ratio": 2.05,
            "price_fair": 79.58,
            "eps_avg_yearly": 2.27,
            "eps_latest_yearly": 1.52,
            "eps_growth_yearly": 507.18
        },
        "20133": {
            "year_quarter": 20133,
            "year": 2013,
            "quarter": 3,
            "eps": -0.02,
            "eps_growth_year": -130.66,
            "eps_4q": 0.27,
            "eps_4q_growth_year": null,
            "roe": -0.09,
            "roe_4q": 1.4400000000000002,
            "gross_profit": 283395,
            "gross_margin": 8.44,
            "gross_margin_4q_avg": 10.86,
            "net_income": -7304,
            "net_income_4q": null,
            "revenue": 3356625,
            "revenue_4q": null,
            "common_shares": 3697803,
            "book_valuer_per_share": 19.49,
            "book_valuer_per_share_4q_avg": 19.45,
            "equity": 7732949,
            "current_ratio": 184.25,
            "debt_ratio": 44.25,
            "inventory_turnover_ratio": 1.63,
            "account_receivable_turnover_ratio": 0.76,
            "reinvestment_rate": 53.3,
            "research_to_sale_ratio": 1.86,
            "price_fair": 75.48,
            "eps_avg_yearly": 2.16,
            "eps_latest_yearly": 1.52,
            "eps_growth_yearly": 528.02
        },
        "20134": {
            "year_quarter": 20134,
            "year": 2013,
            "quarter": 4,
            "eps": 0.04,
            "eps_growth_year": 155.82,
            "eps_4q": 0.3,
            "eps_4q_growth_year": null,
            "roe": 0.08,
            "roe_4q": 1.32,
            "gross_profit": 437650,
            "gross_margin": 11.49,
            "gross_margin_4q_avg": 11.12,
            "net_income": 6510,
            "net_income_4q": null,
            "revenue": 3809783,
            "revenue_4q": null,
            "common_shares": 3637803,
            "book_valuer_per_share": 19.91,
            "book_valuer_per_share_4q_avg": 19.72,
            "equity": 7919173,
            "current_ratio": 179.45,
            "debt_ratio": 44.91,
            "inventory_turnover_ratio": 1.74,
            "account_receivable_turnover_ratio": 0.72,
            "reinvestment_rate": 58.78,
            "research_to_sale_ratio": 2.08,
            "price_fair": 65.04,
            "eps_avg_yearly": 1.86,
            "eps_latest_yearly": 1.52,
            "eps_growth_yearly": 558.63
        },
        "20141": {
            "year_quarter": 20141,
            "year": 2014,
            "quarter": 1,
            "eps": 0.16,
            "eps_growth_year": -57.89,
            "eps_4q": 0.08,
            "eps_4q_growth_year": -62.26,
            "roe": 0.83,
            "roe_4q": 0.2899999999999999,
            "gross_profit": 378452,
            "gross_margin": 11.43,
            "gross_margin_4q_avg": 10.19,
            "net_income": 65853,
            "net_income_4q": null,
            "revenue": 3310361,
            "revenue_4q": null,
            "common_shares": 3637803,
            "book_valuer_per_share": 20.07,
            "book_valuer_per_share_4q_avg": 19.81,
            "equity": 7978456,
            "current_ratio": 174.44,
            "debt_ratio": 43.02,
            "inventory_turnover_ratio": 1.48,
            "account_receivable_turnover_ratio": 0.6,
            "reinvestment_rate": 67.88,
            "research_to_sale_ratio": 2.54,
            "price_fair": 54.09,
            "eps_avg_yearly": 1.55,
            "eps_latest_yearly": 0.64,
            "eps_growth_yearly": 676.81
        },
        "20142": {
            "year_quarter": 20142,
            "year": 2014,
            "quarter": 2,
            "eps": 0.53,
            "eps_growth_year": null,
            "eps_4q": 0.71,
            "eps_4q_growth_year": 102.02,
            "roe": 2.39,
            "roe_4q": 3.2100000000000004,
            "gross_profit": 450300,
            "gross_margin": 12.1,
            "gross_margin_4q_avg": 10.87,
            "net_income": 190716,
            "net_income_4q": null,
            "revenue": 3722364,
            "revenue_4q": null,
            "common_shares": 3637803,
            "book_valuer_per_share": 20.02,
            "book_valuer_per_share_4q_avg": 19.87,
            "equity": 7950830,
            "current_ratio": 179.74,
            "debt_ratio": 41.47,
            "inventory_turnover_ratio": 1.69,
            "account_receivable_turnover_ratio": 0.68,
            "reinvestment_rate": 65.56,
            "research_to_sale_ratio": 3.02,
            "price_fair": 44.16,
            "eps_avg_yearly": 1.26,
            "eps_latest_yearly": 2.12,
            "eps_growth_yearly": 750.56
        },
        "20143": {
            "year_quarter": 20143,
            "year": 2014,
            "quarter": 3,
            "eps": 0.66,
            "eps_growth_year": null,
            "eps_4q": 1.39,
            "eps_4q_growth_year": 414.61,
            "roe": 2.95,
            "roe_4q": 6.25,
            "gross_profit": 696289,
            "gross_margin": 14.87,
            "gross_margin_4q_avg": 12.47,
            "net_income": 240212,
            "net_income_4q": null,
            "revenue": 4681988,
            "revenue_4q": null,
            "common_shares": 3637803,
            "book_valuer_per_share": 21.27,
            "book_valuer_per_share_4q_avg": 20.32,
            "equity": 8341247,
            "current_ratio": 167.07,
            "debt_ratio": 43.76,
            "inventory_turnover_ratio": 2.01,
            "account_receivable_turnover_ratio": 0.81,
            "reinvestment_rate": 72.24,
            "research_to_sale_ratio": 0.19,
            "price_fair": 39.33,
            "eps_avg_yearly": 1.12,
            "eps_latest_yearly": 2.64,
            "eps_growth_yearly": 766.98
        },
        "20144": {
            "year_quarter": 20144,
            "year": 2014,
            "quarter": 4,
            "eps": 0.6,
            "eps_growth_year": 1283.51,
            "eps_4q": 1.94,
            "eps_4q_growth_year": 558.02,
            "roe": 2.64,
            "roe_4q": 8.81,
            "gross_profit": 644081,
            "gross_margin": 14.04,
            "gross_margin_4q_avg": 13.11,
            "net_income": 227606,
            "net_income_4q": null,
            "revenue": 4586106,
            "revenue_4q": null,
            "common_shares": 3637803,
            "book_valuer_per_share": 22.67,
            "book_valuer_per_share_4q_avg": 21.01,
            "equity": 8909595,
            "current_ratio": 165.26,
            "debt_ratio": 42.23,
            "inventory_turnover_ratio": 1.97,
            "account_receivable_turnover_ratio": 0.78,
            "reinvestment_rate": 99.01,
            "research_to_sale_ratio": 1.36,
            "price_fair": 41.75,
            "eps_avg_yearly": 1.19,
            "eps_latest_yearly": 2.4,
            "eps_growth_yearly": 785.7
        },
        "20151": {
            "year_quarter": 20151,
            "year": 2015,
            "quarter": 1,
            "eps": 0.33,
            "eps_growth_year": 106.25,
            "eps_4q": 2.13,
            "eps_4q_growth_year": 2616.43,
            "roe": 1.36,
            "roe_4q": 9.34,
            "gross_profit": 398088,
            "gross_margin": 10.83,
            "gross_margin_4q_avg": 12.96,
            "net_income": 121159,
            "net_income_4q": null,
            "revenue": 3676840,
            "revenue_4q": null,
            "common_shares": 3637803,
            "book_valuer_per_share": 22.76,
            "book_valuer_per_share_4q_avg": 21.68,
            "equity": 8880029,
            "current_ratio": 177.56,
            "debt_ratio": 38.36,
            "inventory_turnover_ratio": 1.76,
            "account_receivable_turnover_ratio": 0.68,
            "reinvestment_rate": 91.47,
            "research_to_sale_ratio": 1.8,
            "price_fair": 41.49,
            "eps_avg_yearly": 1.19,
            "eps_latest_yearly": 1.32,
            "eps_growth_yearly": 774.66
        },
        "20152": {
            "year_quarter": 20152,
            "year": 2015,
            "quarter": 2,
            "eps": 0.1,
            "eps_growth_year": -81.13,
            "eps_4q": 1.69,
            "eps_4q_growth_year": 137.94,
            "roe": 0.31,
            "roe_4q": 7.260000000000001,
            "gross_profit": 409865,
            "gross_margin": 10.44,
            "gross_margin_4q_avg": 12.55,
            "net_income": 27692,
            "net_income_4q": null,
            "revenue": 3924558,
            "revenue_4q": null,
            "common_shares": 3637803,
            "book_valuer_per_share": 22.34,
            "book_valuer_per_share_4q_avg": 22.26,
            "equity": 8718477,
            "current_ratio": 173.64,
            "debt_ratio": 39.76,
            "inventory_turnover_ratio": 1.95,
            "account_receivable_turnover_ratio": 0.77,
            "reinvestment_rate": 84.33,
            "research_to_sale_ratio": 1.82,
            "price_fair": 40.22,
            "eps_avg_yearly": 1.15,
            "eps_latest_yearly": 0.4,
            "eps_growth_yearly": 764.9
        },
        "20153": {
            "year_quarter": 20153,
            "year": 2015,
            "quarter": 3,
            "eps": 0.81,
            "eps_growth_year": 22.73,
            "eps_4q": 1.86,
            "eps_4q_growth_year": 33.84,
            "roe": 3.16,
            "roe_4q": 7.470000000000001,
            "gross_profit": 629405,
            "gross_margin": 13.89,
            "gross_margin_4q_avg": 12.3,
            "net_income": 286340,
            "net_income_4q": null,
            "revenue": 4530826,
            "revenue_4q": null,
            "common_shares": 3631833,
            "book_valuer_per_share": 24.44,
            "book_valuer_per_share_4q_avg": 23.05,
            "equity": 9390640,
            "current_ratio": 171.16,
            "debt_ratio": 40.97,
            "inventory_turnover_ratio": 2.13,
            "account_receivable_turnover_ratio": 0.79,
            "reinvestment_rate": 72.56,
            "research_to_sale_ratio": 1.6,
            "price_fair": 46.58,
            "eps_avg_yearly": 1.33,
            "eps_latest_yearly": 3.24,
            "eps_growth_yearly": 1003.08
        },
        "20154": {
            "year_quarter": 20154,
            "year": 2015,
            "quarter": 4,
            "eps": 1.26,
            "eps_growth_year": 108.11,
            "eps_4q": 2.7,
            "eps_4q_growth_year": 38.83,
            "roe": 4.12,
            "roe_4q": 8.95,
            "gross_profit": 850272,
            "gross_margin": 17.72,
            "gross_margin_4q_avg": 13.22,
            "net_income": 379022,
            "net_income_4q": null,
            "revenue": 4799698,
            "revenue_4q": null,
            "common_shares": 3133454,
            "book_valuer_per_share": 27.11,
            "book_valuer_per_share_4q_avg": 24.16,
            "equity": 9009890,
            "current_ratio": 163.85,
            "debt_ratio": 44.15,
            "inventory_turnover_ratio": 1.95,
            "account_receivable_turnover_ratio": 0.76,
            "reinvestment_rate": 30.29,
            "research_to_sale_ratio": 1.7,
            "price_fair": 62.11,
            "eps_avg_yearly": 1.77,
            "eps_latest_yearly": 5.04,
            "eps_growth_yearly": 1054.95
        },
        "20161": {
            "year_quarter": 20161,
            "year": 2016,
            "quarter": 1,
            "eps": 0.58,
            "eps_growth_year": 75.76,
            "eps_4q": 2.9,
            "eps_4q_growth_year": 35.97,
            "roe": 1.85,
            "roe_4q": 9.440000000000001,
            "gross_profit": 474304,
            "gross_margin": 14.5,
            "gross_margin_4q_avg": 14.14,
            "net_income": 167369,
            "net_income_4q": null,
            "revenue": 3270311,
            "revenue_4q": null,
            "common_shares": 3133454,
            "book_valuer_per_share": 27.46,
            "book_valuer_per_share_4q_avg": 25.34,
            "equity": 9104770,
            "current_ratio": 193.78,
            "debt_ratio": 36.39,
            "inventory_turnover_ratio": 1.38,
            "account_receivable_turnover_ratio": 0.59,
            "reinvestment_rate": 17.7,
            "research_to_sale_ratio": 1.89,
            "price_fair": 69.11,
            "eps_avg_yearly": 1.97,
            "eps_latest_yearly": 2.32,
            "eps_growth_yearly": 1044.42
        },
        "20162": {
            "year_quarter": 20162,
            "year": 2016,
            "quarter": 2,
            "eps": 0.39,
            "eps_growth_year": 290,
            "eps_4q": 3.17,
            "eps_4q_growth_year": 87.22,
            "roe": 1.12,
            "roe_4q": 10.25,
            "gross_profit": 426254,
            "gross_margin": 12.5,
            "gross_margin_4q_avg": 14.65,
            "net_income": 100910,
            "net_income_4q": null,
            "revenue": 3409268,
            "revenue_4q": null,
            "common_shares": 3133454,
            "book_valuer_per_share": 26.79,
            "book_valuer_per_share_4q_avg": 26.45,
            "equity": 8867496,
            "current_ratio": 203.9,
            "debt_ratio": 34.92,
            "inventory_turnover_ratio": 1.78,
            "account_receivable_turnover_ratio": 0.72,
            "reinvestment_rate": -5.37,
            "research_to_sale_ratio": 1.95,
            "price_fair": 67.9,
            "eps_avg_yearly": 1.94,
            "eps_latest_yearly": 1.56,
            "eps_growth_yearly": 946.46
        },
        "20163": {
            "year_quarter": 20163,
            "year": 2016,
            "quarter": 3,
            "eps": 0.52,
            "eps_growth_year": -35.8,
            "eps_4q": 3.21,
            "eps_4q_growth_year": 72.75,
            "roe": 1.52,
            "roe_4q": 8.61,
            "gross_profit": 571671,
            "gross_margin": 15.95,
            "gross_margin_4q_avg": 15.17,
            "net_income": 129948,
            "net_income_4q": null,
            "revenue": 3583412,
            "revenue_4q": null,
            "common_shares": 2632102,
            "book_valuer_per_share": 29.45,
            "book_valuer_per_share_4q_avg": 27.7,
            "equity": 8211903,
            "current_ratio": 181.42,
            "debt_ratio": 39.56,
            "inventory_turnover_ratio": 2.05,
            "account_receivable_turnover_ratio": 0.78,
            "reinvestment_rate": -13.95,
            "research_to_sale_ratio": 1.88,
            "price_fair": 68.28,
            "eps_avg_yearly": 1.95,
            "eps_latest_yearly": 2.08,
            "eps_growth_yearly": 883.92
        },
        "20164": {
            "year_quarter": 20164,
            "year": 2016,
            "quarter": 4,
            "eps": 0.64,
            "eps_growth_year": -49.48,
            "eps_4q": 2.34,
            "eps_4q_growth_year": -13.3,
            "roe": 1.9,
            "roe_4q": 6.390000000000001,
            "gross_profit": 587854,
            "gross_margin": 18.11,
            "gross_margin_4q_avg": 15.27,
            "net_income": 156820,
            "net_income_4q": null,
            "revenue": 3246407,
            "revenue_4q": null,
            "common_shares": 2632102,
            "book_valuer_per_share": 29.69,
            "book_valuer_per_share_4q_avg": 28.35,
            "equity": 8300397,
            "current_ratio": 185.57,
            "debt_ratio": 40.1,
            "inventory_turnover_ratio": 1.72,
            "account_receivable_turnover_ratio": 0.72,
            "reinvestment_rate": -21.56,
            "research_to_sale_ratio": 2.16,
            "price_fair": 74.95,
            "eps_avg_yearly": 2.14,
            "eps_latest_yearly": 2.56,
            "eps_growth_yearly": 912.99
        },
        "20171": {
            "year_quarter": 20171,
            "year": 2017,
            "quarter": 1,
            "eps": 0.81,
            "eps_growth_year": 39.66,
            "eps_4q": 2.46,
            "eps_4q_growth_year": -15.05,
            "roe": 2.46,
            "roe_4q": 6.999999999999999,
            "gross_profit": 517633,
            "gross_margin": 18,
            "gross_margin_4q_avg": 16.14,
            "net_income": 200811,
            "net_income_4q": null,
            "revenue": 2875523,
            "revenue_4q": null,
            "common_shares": 2632102,
            "book_valuer_per_share": 28.81,
            "book_valuer_per_share_4q_avg": 28.69,
            "equity": 8037042,
            "current_ratio": 203.68,
            "debt_ratio": 36.69,
            "inventory_turnover_ratio": 1.5,
            "account_receivable_turnover_ratio": 0.69,
            "reinvestment_rate": -41.88,
            "research_to_sale_ratio": 2,
            "price_fair": 79.58,
            "eps_avg_yearly": 2.27,
            "eps_latest_yearly": 3.24,
            "eps_growth_yearly": 367.32
        },
        "20172": {
            "year_quarter": 20172,
            "year": 2017,
            "quarter": 2,
            "eps": 0.01,
            "eps_growth_year": -97.44,
            "eps_4q": 2.01,
            "eps_4q_growth_year": -36.53,
            "roe": -0.11,
            "roe_4q": 5.77,
            "gross_profit": 425413,
            "gross_margin": 14.92,
            "gross_margin_4q_avg": 16.75,
            "net_income": -8483,
            "net_income_4q": null,
            "revenue": 2850828,
            "revenue_4q": null,
            "common_shares": 2632102,
            "book_valuer_per_share": 28.87,
            "book_valuer_per_share_4q_avg": 29.21,
            "equity": 8052250,
            "current_ratio": 207.68,
            "debt_ratio": 36.03,
            "inventory_turnover_ratio": 1.81,
            "account_receivable_turnover_ratio": 0.73,
            "reinvestment_rate": -55.18,
            "research_to_sale_ratio": 2.7,
            "price_fair": 74,
            "eps_avg_yearly": 2.11,
            "eps_latest_yearly": 0.04,
            "eps_growth_yearly": 312.86
        },
        "20173": {
            "year_quarter": 20173,
            "year": 2017,
            "quarter": 3,
            "eps": 0.22,
            "eps_growth_year": -57.69,
            "eps_4q": 1.96,
            "eps_4q_growth_year": -39.01,
            "roe": 0.39,
            "roe_4q": 4.640000000000001,
            "gross_profit": 489853,
            "gross_margin": 16.21,
            "gross_margin_4q_avg": 16.81,
            "net_income": 31156,
            "net_income_4q": null,
            "revenue": 3021797,
            "revenue_4q": null,
            "common_shares": 2210965,
            "book_valuer_per_share": 33.22,
            "book_valuer_per_share_4q_avg": 30.15,
            "equity": 7800457,
            "current_ratio": 186.22,
            "debt_ratio": 39.43,
            "inventory_turnover_ratio": 2.12,
            "account_receivable_turnover_ratio": 0.77,
            "reinvestment_rate": -47.72,
            "research_to_sale_ratio": 2.5,
            "price_fair": 71.12,
            "eps_avg_yearly": 2.03,
            "eps_latest_yearly": 0.88,
            "eps_growth_yearly": 852.01
        },
        "20174": {
            "year_quarter": 20174,
            "year": 2017,
            "quarter": 4,
            "eps": -0.21,
            "eps_growth_year": -132.59,
            "eps_4q": 1,
            "eps_4q_growth_year": -57.47,
            "roe": -0.46,
            "roe_4q": 2.28,
            "gross_profit": 529614,
            "gross_margin": 18.3,
            "gross_margin_4q_avg": 16.86,
            "net_income": -35918,
            "net_income_4q": null,
            "revenue": 2894488,
            "revenue_4q": null,
            "common_shares": 2210965,
            "book_valuer_per_share": 33.05,
            "book_valuer_per_share_4q_avg": 30.99,
            "equity": 7775262,
            "current_ratio": 183.41,
            "debt_ratio": 40.77,
            "inventory_turnover_ratio": 1.86,
            "account_receivable_turnover_ratio": 0.75,
            "reinvestment_rate": -51.42,
            "research_to_sale_ratio": 2.68,
            "price_fair": 71.12,
            "eps_avg_yearly": 2.03,
            "eps_latest_yearly": 0.88,
            "eps_growth_yearly": 852.01
        },
        "20181": {
            "year_quarter": 20181,
            "year": 2018,
            "quarter": 1,
            "eps": -0.77,
            "eps_growth_year": -195.06,
            "eps_4q": -0.74,
            "eps_4q_growth_year": -129.91,
            "roe": -2.46,
            "roe_4q": -2.6399999999999997,
            "gross_profit": 279396,
            "gross_margin": 11.99,
            "gross_margin_4q_avg": 15.36,
            "net_income": -190779,
            "net_income_4q": null,
            "revenue": 2329646,
            "revenue_4q": null,
            "common_shares": 2210965,
            "book_valuer_per_share": 32.71,
            "book_valuer_per_share_4q_avg": 31.96,
            "equity": 7738421,
            "current_ratio": 185.49,
            "debt_ratio": 39.69,
            "inventory_turnover_ratio": 1.52,
            "account_receivable_turnover_ratio": 0.64,
            "reinvestment_rate": -50.16,
            "research_to_sale_ratio": 3.29,
            "price_fair": 74.6,
            "eps_avg_yearly": 2.13,
            "eps_latest_yearly": 0.88,
            "eps_growth_yearly": 827.15
        },
        "20182": {
            "year_quarter": 20182,
            "year": 2018,
            "quarter": 2,
            "eps": 0.54,
            "eps_growth_year": 5300,
            "eps_4q": -0.2,
            "eps_4q_growth_year": -110.18,
            "roe": 1.46,
            "roe_4q": -1.0699999999999998,
            "gross_profit": 214018,
            "gross_margin": 8.5,
            "gross_margin_4q_avg": 13.75,
            "net_income": 112825,
            "net_income_4q": null,
            "revenue": 2517344,
            "revenue_4q": null,
            "common_shares": 2203281,
            "book_valuer_per_share": 32.6,
            "book_valuer_per_share_4q_avg": 32.9,
            "equity": 7704360,
            "current_ratio": 188.19,
            "debt_ratio": 39.58,
            "inventory_turnover_ratio": 1.73,
            "account_receivable_turnover_ratio": 0.71,
            "reinvestment_rate": -49.41,
            "research_to_sale_ratio": 3,
            "price_fair": 74.63,
            "eps_avg_yearly": 2.13,
            "eps_latest_yearly": 0.88,
            "eps_growth_yearly": 819.62
        },
        "20183": {
            "year_quarter": 20183,
            "year": 2018,
            "quarter": 3,
            "eps": 0.41,
            "eps_growth_year": 86.36,
            "eps_4q": -0.02,
            "eps_4q_growth_year": -101.27,
            "roe": 1.35,
            "roe_4q": -0.10999999999999993,
            "gross_profit": 355305,
            "gross_margin": 12.97,
            "gross_margin_4q_avg": 12.94,
            "net_income": 101230,
            "net_income_4q": null,
            "revenue": 2740378,
            "revenue_4q": null,
            "common_shares": 1971130,
            "book_valuer_per_share": 34.4,
            "book_valuer_per_share_4q_avg": 33.19,
            "equity": 7300206,
            "current_ratio": 176.73,
            "debt_ratio": 42.69,
            "inventory_turnover_ratio": 1.68,
            "account_receivable_turnover_ratio": 0.75,
            "reinvestment_rate": -59.3,
            "research_to_sale_ratio": 2.95,
            "price_fair": 71.94,
            "eps_avg_yearly": 2.06,
            "eps_latest_yearly": 1.64,
            "eps_growth_yearly": 804.67
        },
        "20184": {
            "year_quarter": 20184,
            "year": 2018,
            "quarter": 4,
            "eps": 0.48,
            "eps_growth_year": null,
            "eps_4q": 0.69,
            "eps_4q_growth_year": -31.05,
            "roe": 1.39,
            "roe_4q": 1.7400000000000002,
            "gross_profit": 385369,
            "gross_margin": 13.52,
            "gross_margin_4q_avg": 11.75,
            "net_income": 102693,
            "net_income_4q": null,
            "revenue": 2849721,
            "revenue_4q": null,
            "common_shares": 1962980,
            "book_valuer_per_share": 35.45,
            "book_valuer_per_share_4q_avg": 33.79,
            "equity": 7438201,
            "current_ratio": 174.85,
            "debt_ratio": 42.23,
            "inventory_turnover_ratio": 1.52,
            "account_receivable_turnover_ratio": 0.75,
            "reinvestment_rate": -68.69,
            "research_to_sale_ratio": 2.59,
            "price_fair": 70.65,
            "eps_avg_yearly": 2.02,
            "eps_latest_yearly": 1.92,
            "eps_growth_yearly": 812.72
        },
        "20191": {
            "year_quarter": 20191,
            "year": 2019,
            "quarter": 1,
            "eps": -0.49,
            "eps_growth_year": null,
            "eps_4q": 1.05,
            "eps_4q_growth_year": null,
            "roe": -1.24,
            "roe_4q": 2.96,
            "gross_profit": 229734,
            "gross_margin": 9.42,
            "gross_margin_4q_avg": 11.1,
            "net_income": -93206,
            "net_income_4q": null,
            "revenue": 2438237,
            "revenue_4q": null,
            "common_shares": 1962980,
            "book_valuer_per_share": 35.69,
            "book_valuer_per_share_4q_avg": 34.54,
            "equity": 7560747,
            "current_ratio": 175.06,
            "debt_ratio": 40.37,
            "inventory_turnover_ratio": 1.27,
            "account_receivable_turnover_ratio": 0.67,
            "reinvestment_rate": -60.87,
            "research_to_sale_ratio": 3.18,
            "price_fair": 72.68,
            "eps_avg_yearly": 2.08,
            "eps_latest_yearly": 1.92,
            "eps_growth_yearly": 895.45
        },
        "20192": {
            "year_quarter": 20192,
            "year": 2019,
            "quarter": 2,
            "eps": 0.61,
            "eps_growth_year": 12.96,
            "eps_4q": 1.05,
            "eps_4q_growth_year": null,
            "roe": 1.75,
            "roe_4q": 3.25,
            "gross_profit": 331312,
            "gross_margin": 10.47,
            "gross_margin_4q_avg": 11.6,
            "net_income": 130240,
            "net_income_4q": null,
            "revenue": 3163377,
            "revenue_4q": null,
            "common_shares": 1962980,
            "book_valuer_per_share": 34.47,
            "book_valuer_per_share_4q_avg": 35,
            "equity": 7331429,
            "current_ratio": 159.16,
            "debt_ratio": 43.23,
            "inventory_turnover_ratio": 1.69,
            "account_receivable_turnover_ratio": 0.87,
            "reinvestment_rate": -35.48,
            "research_to_sale_ratio": 2.59,
            "price_fair": 78.02,
            "eps_avg_yearly": 2.23,
            "eps_latest_yearly": 1.92,
            "eps_growth_yearly": 1002.19
        },
        "20193": {
            "year_quarter": 20193,
            "year": 2019,
            "quarter": 3,
            "eps": 0.19,
            "eps_growth_year": -53.66,
            "eps_4q": 0.78,
            "eps_4q_growth_year": null,
            "roe": 3.18,
            "roe_4q": 5.079999999999999,
            "gross_profit": 363428,
            "gross_margin": 10.35,
            "gross_margin_4q_avg": 10.94,
            "net_income": 231386,
            "net_income_4q": null,
            "revenue": 3510245,
            "revenue_4q": null,
            "common_shares": 1962980,
            "book_valuer_per_share": 33.17,
            "book_valuer_per_share_4q_avg": 34.7,
            "equity": 7242538,
            "current_ratio": 132.97,
            "debt_ratio": 48.57,
            "inventory_turnover_ratio": 1.79,
            "account_receivable_turnover_ratio": 0.84,
            "reinvestment_rate": -16.97,
            "research_to_sale_ratio": 2.34,
            "price_fair": 70.13,
            "eps_avg_yearly": 2,
            "eps_latest_yearly": 0.76,
            "eps_growth_yearly": 718.98
        },
        "20194": {
            "year_quarter": 20194,
            "year": 2019,
            "quarter": 4,
            "eps": -0.26,
            "eps_growth_year": -155.17,
            "eps_4q": 0.04,
            "eps_4q_growth_year": -94.11,
            "roe": -0.51,
            "roe_4q": 3.1799999999999997,
            "gross_profit": 381744,
            "gross_margin": 10.17,
            "gross_margin_4q_avg": 10.1,
            "net_income": -36767,
            "net_income_4q": null,
            "revenue": 3754882,
            "revenue_4q": null,
            "common_shares": 1962980,
            "book_valuer_per_share": 32.57,
            "book_valuer_per_share_4q_avg": 33.98,
            "equity": 7133891,
            "current_ratio": 138.22,
            "debt_ratio": 53.89,
            "inventory_turnover_ratio": 1.58,
            "account_receivable_turnover_ratio": 0.84,
            "reinvestment_rate": 61.39,
            "research_to_sale_ratio": 2.04,
            "price_fair": 59.5,
            "eps_avg_yearly": 1.7,
            "eps_latest_yearly": 0.76,
            "eps_growth_yearly": 768.65
        },
        "20201": {
            "year_quarter": 20201,
            "year": 2020,
            "quarter": 1,
            "eps": -0.43,
            "eps_growth_year": null,
            "eps_4q": 0.11,
            "eps_4q_growth_year": -90.01,
            "roe": -1.17,
            "roe_4q": 3.25,
            "gross_profit": 215648,
            "gross_margin": 7.86,
            "gross_margin_4q_avg": 9.71,
            "net_income": -82297,
            "net_income_4q": null,
            "revenue": 2743118,
            "revenue_4q": null,
            "common_shares": 1962980,
            "book_valuer_per_share": 31.77,
            "book_valuer_per_share_4q_avg": 33,
            "equity": 6970726,
            "current_ratio": 139.93,
            "debt_ratio": 54.34,
            "inventory_turnover_ratio": 1.08,
            "account_receivable_turnover_ratio": 0.65,
            "reinvestment_rate": 150.48,
            "research_to_sale_ratio": 2.57,
            "price_fair": 57.09,
            "eps_avg_yearly": 1.63,
            "eps_latest_yearly": 0.76,
            "eps_growth_yearly": 878.04
        },
        "20202": {
            "year_quarter": 20202,
            "year": 2020,
            "quarter": 2,
            "eps": 2.11,
            "eps_growth_year": 245.9,
            "eps_4q": 1.61,
            "eps_4q_growth_year": 52.51,
            "roe": 5.96,
            "roe_4q": 7.460000000000001,
            "gross_profit": 874238,
            "gross_margin": 16.8,
            "gross_margin_4q_avg": 11.3,
            "net_income": 418696,
            "net_income_4q": null,
            "revenue": 5204147,
            "revenue_4q": null,
            "common_shares": 1962980,
            "book_valuer_per_share": 32.33,
            "book_valuer_per_share_4q_avg": 32.46,
            "equity": 7079303,
            "current_ratio": 132.81,
            "debt_ratio": 59.31,
            "inventory_turnover_ratio": 1.75,
            "account_receivable_turnover_ratio": 1.04,
            "reinvestment_rate": 143.07,
            "research_to_sale_ratio": 1.62,
            "price_fair": 57.4,
            "eps_avg_yearly": 1.64,
            "eps_latest_yearly": 0.76,
            "eps_growth_yearly": 1004.18
        },
        "20203": {
            "year_quarter": 20203,
            "year": 2020,
            "quarter": 3,
            "eps": 2.57,
            "eps_growth_year": 1252.63,
            "eps_4q": 3.99,
            "eps_4q_growth_year": 412.12,
            "roe": 7.22,
            "roe_4q": 11.5,
            "gross_profit": 1125422,
            "gross_margin": 17.21,
            "gross_margin_4q_avg": 13.01,
            "net_income": 536590,
            "net_income_4q": null,
            "revenue": 6540630,
            "revenue_4q": null,
            "common_shares": 1962980,
            "book_valuer_per_share": 35.6,
            "book_valuer_per_share_4q_avg": 33.07,
            "equity": 7775104,
            "current_ratio": 128.81,
            "debt_ratio": 62.32,
            "inventory_turnover_ratio": 1.88,
            "account_receivable_turnover_ratio": 0.94,
            "reinvestment_rate": 157.79,
            "research_to_sale_ratio": 1.34,
            "price_fair": 93.28,
            "eps_avg_yearly": 2.67,
            "eps_latest_yearly": 10.28,
            "eps_growth_yearly": 998.41
        },
        "20204": {
            "year_quarter": 20204,
            "year": 2020,
            "quarter": 4,
            "eps": 2.13,
            "eps_growth_year": null,
            "eps_4q": 6.38,
            "eps_4q_growth_year": 15693.2,
            "roe": 5.18,
            "roe_4q": 17.189999999999998,
            "gross_profit": 1123220,
            "gross_margin": 16.79,
            "gross_margin_4q_avg": 14.67,
            "net_income": 420329,
            "net_income_4q": null,
            "revenue": 6691610,
            "revenue_4q": null,
            "common_shares": 1962980,
            "book_valuer_per_share": 38.85,
            "book_valuer_per_share_4q_avg": 34.64,
            "equity": 8446762,
            "current_ratio": 126.51,
            "debt_ratio": 61.93,
            "inventory_turnover_ratio": 1.69,
            "account_receivable_turnover_ratio": 0.86,
            "reinvestment_rate": 172.89,
            "research_to_sale_ratio": 1.37,
            "price_fair": 119.35,
            "eps_avg_yearly": 3.41,
            "eps_latest_yearly": 8.52,
            "eps_growth_yearly": 978.31
        },
        "20211": {
            "year_quarter": 20211,
            "year": 2021,
            "quarter": 1,
            "eps": 1,
            "eps_growth_year": null,
            "eps_4q": 7.77,
            "eps_4q_growth_year": 7288.3,
            "roe": 2.4,
            "roe_4q": 20.76,
            "gross_profit": 632639,
            "gross_margin": 12.11,
            "gross_margin_4q_avg": 15.73,
            "net_income": 204818,
            "net_income_4q": null,
            "revenue": 5225758,
            "revenue_4q": null,
            "common_shares": 1962980,
            "book_valuer_per_share": 39.48,
            "book_valuer_per_share_4q_avg": 36.57,
            "equity": 8615550,
            "current_ratio": 126.66,
            "debt_ratio": 60.04,
            "inventory_turnover_ratio": 1.25,
            "account_receivable_turnover_ratio": 0.71,
            "reinvestment_rate": 189.09,
            "research_to_sale_ratio": 1.65,
            "price_fair": 122.68,
            "eps_avg_yearly": 3.51,
            "eps_latest_yearly": 4,
            "eps_growth_yearly": 938.5
        },
        "20212": {
            "year_quarter": 20212,
            "year": 2021,
            "quarter": 2,
            "eps": 1.88,
            "eps_growth_year": -10.9,
            "eps_4q": 7.55,
            "eps_4q_growth_year": 370.3,
            "roe": 4.13,
            "roe_4q": 18.93,
            "gross_profit": 818544,
            "gross_margin": 13.35,
            "gross_margin_4q_avg": 14.87,
            "net_income": 362531,
            "net_income_4q": null,
            "revenue": 6133203,
            "revenue_4q": null,
            "common_shares": 1962980,
            "book_valuer_per_share": 41.12,
            "book_valuer_per_share_4q_avg": 38.76,
            "equity": 8927886,
            "current_ratio": 127.52,
            "debt_ratio": 58.52,
            "inventory_turnover_ratio": 1.38,
            "account_receivable_turnover_ratio": 0.87,
            "reinvestment_rate": 150.97,
            "research_to_sale_ratio": 1.37,
            "price_fair": 155.4,
            "eps_avg_yearly": 4.44,
            "eps_latest_yearly": 7.52,
            "eps_growth_yearly": 1031.89
        },
        "20213": {
            "year_quarter": 20213,
            "year": 2021,
            "quarter": 3,
            "eps": 1.39,
            "eps_growth_year": -45.91,
            "eps_4q": 6.39,
            "eps_4q_growth_year": 60.3,
            "roe": 3.08,
            "roe_4q": 14.79,
            "gross_profit": 792544,
            "gross_margin": 13.22,
            "gross_margin_4q_avg": 13.87,
            "net_income": 272726,
            "net_income_4q": null,
            "revenue": 5993678,
            "revenue_4q": null,
            "common_shares": 1962980,
            "book_valuer_per_share": 40.47,
            "book_valuer_per_share_4q_avg": 39.98,
            "equity": 8805962,
            "current_ratio": 127.77,
            "debt_ratio": 59.06,
            "inventory_turnover_ratio": 1.34,
            "account_receivable_turnover_ratio": 0.84,
            "reinvestment_rate": 133.9,
            "research_to_sale_ratio": 1.51,
            "price_fair": 15.08,
            "eps_avg_yearly": 5.03,
            "eps_latest_yearly": 5.56,
            "eps_growth_yearly": -31.14
        },
        "20214": {
            "year_quarter": 20214,
            "year": 2021,
            "quarter": 4,
            "eps": 1.04,
            "eps_growth_year": -51.24,
            "eps_4q": 5.31,
            "eps_4q_growth_year": -16.82,
            "roe": 2.23,
            "roe_4q": 11.840000000000002,
            "gross_profit": 654497,
            "gross_margin": 9.76,
            "gross_margin_4q_avg": 12.11,
            "net_income": 198938,
            "net_income_4q": null,
            "revenue": 6705590,
            "revenue_4q": null,
            "common_shares": 1952510,
            "book_valuer_per_share": 41.86,
            "book_valuer_per_share_4q_avg": 40.73,
            "equity": 9073769,
            "current_ratio": 128.17,
            "debt_ratio": 58.59,
            "inventory_turnover_ratio": 1.57,
            "account_receivable_turnover_ratio": 0.89,
            "reinvestment_rate": 117.07,
            "research_to_sale_ratio": 1.34,
            "price_fair": 14.79,
            "eps_avg_yearly": 4.93,
            "eps_latest_yearly": 4.16,
            "eps_growth_yearly": -38.87
        },
        "20221": {
            "year_quarter": 20221,
            "year": 2022,
            "quarter": 1,
            "eps": 1.35,
            "eps_growth_year": 35,
            "eps_4q": 5.66,
            "eps_4q_growth_year": -27.11,
            "roe": 3.52,
            "roe_4q": 12.96,
            "gross_profit": 665977,
            "gross_margin": 11.01,
            "gross_margin_4q_avg": 11.84,
            "net_income": 330276,
            "net_income_4q": null,
            "revenue": 6046194,
            "revenue_4q": null,
            "common_shares": 1952510,
            "book_valuer_per_share": 44.61,
            "book_valuer_per_share_4q_avg": 42.02,
            "equity": 9718340,
            "current_ratio": 136.91,
            "debt_ratio": 57.82,
            "inventory_turnover_ratio": 1.46,
            "account_receivable_turnover_ratio": 0.77,
            "reinvestment_rate": 98.26,
            "research_to_sale_ratio": 3.84,
            "price_fair": 14.93,
            "eps_avg_yearly": 4.98,
            "eps_latest_yearly": 5.4,
            "eps_growth_yearly": -23.06
        },
        "20222": {
            "year_quarter": 20222,
            "year": 2022,
            "quarter": 2,
            "eps": 1.22,
            "eps_growth_year": -35.11,
            "eps_4q": 4.99,
            "eps_4q_growth_year": -33.88,
            "roe": 2.79,
            "roe_4q": 11.620000000000001,
            "gross_profit": 567295,
            "gross_margin": 11.34,
            "gross_margin_4q_avg": 11.33,
            "net_income": 264113,
            "net_income_4q": null,
            "revenue": 5004678,
            "revenue_4q": null,
            "common_shares": 1952510,
            "book_valuer_per_share": 42.03,
            "book_valuer_per_share_4q_avg": 42.24,
            "equity": 9230806,
            "current_ratio": 134.14,
            "debt_ratio": 58.94,
            "inventory_turnover_ratio": 1.12,
            "account_receivable_turnover_ratio": 0.72,
            "reinvestment_rate": 86.47,
            "research_to_sale_ratio": 2.92,
            "price_fair": 14.9,
            "eps_avg_yearly": 4.97,
            "eps_latest_yearly": 4.88,
            "eps_growth_yearly": -24.47
        },
        "20223": {
            "year_quarter": 20223,
            "year": 2022,
            "quarter": 3,
            "eps": 3.2,
            "eps_growth_year": 130.22,
            "eps_4q": 6.8,
            "eps_4q_growth_year": 6.45,
            "roe": 6.77,
            "roe_4q": 15.309999999999999,
            "gross_profit": 1094864,
            "gross_margin": 14.84,
            "gross_margin_4q_avg": 11.74,
            "net_income": 647019,
            "net_income_4q": null,
            "revenue": 7375990,
            "revenue_4q": null,
            "common_shares": 1952510,
            "book_valuer_per_share": 45.27,
            "book_valuer_per_share_4q_avg": 43.44,
            "equity": 9896845,
            "current_ratio": 143.74,
            "debt_ratio": 57.53,
            "inventory_turnover_ratio": 1.59,
            "account_receivable_turnover_ratio": 0.95,
            "reinvestment_rate": 69.64,
            "research_to_sale_ratio": 2.82,
            "price_fair": 209.36,
            "eps_avg_yearly": 5.98,
            "eps_latest_yearly": 12.8,
            "eps_growth_yearly": 43.3
        },
        "20224": {
            "year_quarter": 20224,
            "year": 2022,
            "quarter": 4,
            "eps": 1.71,
            "eps_growth_year": 64.8,
            "eps_4q": 7.48,
            "eps_4q_growth_year": 40.8,
            "roe": 3.22,
            "roe_4q": 16.3,
            "gross_profit": 1011574,
            "gross_margin": 16.46,
            "gross_margin_4q_avg": 13.41,
            "net_income": 322306,
            "net_income_4q": null,
            "revenue": 6144924,
            "revenue_4q": null,
            "common_shares": 1952510,
            "book_valuer_per_share": 46.57,
            "book_valuer_per_share_4q_avg": 44.62,
            "equity": 10122400,
            "current_ratio": 154.77,
            "debt_ratio": 53.69,
            "inventory_turnover_ratio": 1.53,
            "account_receivable_turnover_ratio": 0.73,
            "reinvestment_rate": 48.89,
            "research_to_sale_ratio": 3.34,
            "price_fair": 193.91,
            "eps_avg_yearly": 6.43,
            "eps_latest_yearly": 6.84,
            "eps_growth_yearly": 20.16
        },
        "20231": {
            "year_quarter": 20231,
            "year": 2023,
            "quarter": 1,
            "eps": 0.15,
            "eps_growth_year": -88.89,
            "eps_4q": 6.29,
            "eps_4q_growth_year": 11.03,
            "roe": 0.14,
            "roe_4q": 12.919999999999998,
            "gross_profit": 555716,
            "gross_margin": 12.85,
            "gross_margin_4q_avg": 13.87,
            "net_income": 13963,
            "net_income_4q": null,
            "revenue": 4324543,
            "revenue_4q": null,
            "common_shares": 1952510,
            "book_valuer_per_share": 47.01,
            "book_valuer_per_share_4q_avg": 45.22,
            "equity": 10198232,
            "current_ratio": 161.67,
            "debt_ratio": 48.89,
            "inventory_turnover_ratio": 1.24,
            "account_receivable_turnover_ratio": 0.66,
            "reinvestment_rate": 33.5,
            "research_to_sale_ratio": 4.3,
            "price_fair": 17.83,
            "eps_avg_yearly": 5.94,
            "eps_latest_yearly": 0.6,
            "eps_growth_yearly": -11.93
        },
        "20232": {
            "year_quarter": 20232,
            "year": 2023,
            "quarter": 2,
            "eps": 2.63,
            "eps_growth_year": 115.57,
            "eps_4q": 7.7,
            "eps_4q_growth_year": 54.19,
            "roe": 5.14,
            "roe_4q": 15.27,
            "gross_profit": 836363,
            "gross_margin": 14.26,
            "gross_margin_4q_avg": 14.6,
            "net_income": 509935,
            "net_income_4q": null,
            "revenue": 5864121,
            "revenue_4q": null,
            "common_shares": 1952510,
            "book_valuer_per_share": 44.36,
            "book_valuer_per_share_4q_avg": 45.8,
            "equity": 9652281,
            "current_ratio": 146.31,
            "debt_ratio": 52.56,
            "inventory_turnover_ratio": 1.7,
            "account_receivable_turnover_ratio": 0.95,
            "reinvestment_rate": 15.14,
            "research_to_sale_ratio": 3.48,
            "price_fair": 220.34,
            "eps_avg_yearly": 6.3,
            "eps_latest_yearly": 10.52,
            "eps_growth_yearly": 497.71
        },
        "20233": {
            "year_quarter": 20233,
            "year": 2023,
            "quarter": 3,
            "eps": 2.45,
            "eps_growth_year": -23.44,
            "eps_4q": 6.94,
            "eps_4q_growth_year": 2.05,
            "roe": 4.78,
            "roe_4q": 13.280000000000001,
            "gross_profit": 1078775,
            "gross_margin": 18.02,
            "gross_margin_4q_avg": 15.4,
            "net_income": 479162,
            "net_income_4q": null,
            "revenue": 5987334,
            "revenue_4q": null,
            "common_shares": 1952510,
            "book_valuer_per_share": 47.99,
            "book_valuer_per_share_4q_avg": 46.48,
            "equity": 10393376,
            "current_ratio": 150.89,
            "debt_ratio": 51.08,
            "inventory_turnover_ratio": 1.7,
            "account_receivable_turnover_ratio": 0.84,
            "reinvestment_rate": 4.01,
            "research_to_sale_ratio": 3.68,
            "price_fair": 244.68,
            "eps_avg_yearly": 6.99,
            "eps_latest_yearly": 9.8,
            "eps_growth_yearly": 516.79
        }
    },
    "months": {
        "2001-06": {
            "month": "2001-06",
            "price": "33.64",
            "revenue": 123521
        },
        "2001-07": {
            "month": "2001-07",
            "price": "31.80",
            "revenue": 113571
        },
        "2001-08": {
            "month": "2001-08",
            "price": "31.08",
            "revenue": 138014
        },
        "2001-09": {
            "month": "2001-09",
            "price": "29.55",
            "revenue": 139195
        },
        "2001-10": {
            "month": "2001-10",
            "price": "28.64",
            "revenue": 152807
        },
        "2001-11": {
            "month": "2001-11",
            "price": "28.95",
            "revenue": 179494
        },
        "2001-12": {
            "month": "2001-12",
            "price": "32.70",
            "revenue": 134895
        },
        "2002-01": {
            "month": "2002-01",
            "price": "33.33",
            "revenue": 135811
        },
        "2002-02": {
            "month": "2002-02",
            "price": "33.11",
            "revenue": 111723
        },
        "2002-03": {
            "month": "2002-03",
            "price": "34.24",
            "revenue": 155735
        },
        "2002-04": {
            "month": "2002-04",
            "price": "33.80",
            "revenue": 184408
        },
        "2002-05": {
            "month": "2002-05",
            "price": "33.94",
            "revenue": 173384
        },
        "2002-06": {
            "month": "2002-06",
            "price": "34.02",
            "revenue": 182012
        },
        "2002-07": {
            "month": "2002-07",
            "price": "33.87",
            "revenue": 190280
        },
        "2002-08": {
            "month": "2002-08",
            "price": "33.81",
            "revenue": 165401
        },
        "2002-09": {
            "month": "2002-09",
            "price": "31.32",
            "revenue": 171358
        },
        "2002-10": {
            "month": "2002-10",
            "price": "31.77",
            "revenue": 212973
        },
        "2002-11": {
            "month": "2002-11",
            "price": "32.19",
            "revenue": 196551
        },
        "2002-12": {
            "month": "2002-12",
            "price": "34.41",
            "revenue": 150673
        },
        "2003-01": {
            "month": "2003-01",
            "price": "31.74",
            "revenue": 170869
        },
        "2003-02": {
            "month": "2003-02",
            "price": "33.00",
            "revenue": 154136
        },
        "2003-03": {
            "month": "2003-03",
            "price": "30.86",
            "revenue": 164382
        },
        "2003-04": {
            "month": "2003-04",
            "price": "33.39",
            "revenue": 167028
        },
        "2003-05": {
            "month": "2003-05",
            "price": "34.20",
            "revenue": 142504
        },
        "2003-06": {
            "month": "2003-06",
            "price": "32.60",
            "revenue": 143030
        },
        "2003-07": {
            "month": "2003-07",
            "price": "34.34",
            "revenue": 195932
        },
        "2003-08": {
            "month": "2003-08",
            "price": "34.28",
            "revenue": 157534
        },
        "2003-09": {
            "month": "2003-09",
            "price": "31.68",
            "revenue": 204917
        },
        "2003-10": {
            "month": "2003-10",
            "price": "36.55",
            "revenue": 222113
        },
        "2003-11": {
            "month": "2003-11",
            "price": "31.68",
            "revenue": 205801
        },
        "2003-12": {
            "month": "2003-12",
            "price": "32.37",
            "revenue": 202589
        },
        "2004-01": {
            "month": "2004-01",
            "price": "31.61",
            "revenue": 183423
        },
        "2004-02": {
            "month": "2004-02",
            "price": "31.94",
            "revenue": 162634
        },
        "2004-03": {
            "month": "2004-03",
            "price": "31.17",
            "revenue": 220639
        },
        "2004-04": {
            "month": "2004-04",
            "price": "30.25",
            "revenue": 206325
        },
        "2004-05": {
            "month": "2004-05",
            "price": "27.91",
            "revenue": 204774
        },
        "2004-06": {
            "month": "2004-06",
            "price": "26.72",
            "revenue": 190660
        },
        "2004-07": {
            "month": "2004-07",
            "price": "27.48",
            "revenue": 214382
        },
        "2004-08": {
            "month": "2004-08",
            "price": "23.73",
            "revenue": 220650
        },
        "2004-09": {
            "month": "2004-09",
            "price": "23.32",
            "revenue": 213199
        },
        "2004-10": {
            "month": "2004-10",
            "price": "23.13",
            "revenue": 221856
        },
        "2004-11": {
            "month": "2004-11",
            "price": "21.92",
            "revenue": 235879
        },
        "2004-12": {
            "month": "2004-12",
            "price": "23.03",
            "revenue": 188111
        },
        "2005-01": {
            "month": "2005-01",
            "price": "23.91",
            "revenue": 211221
        },
        "2005-02": {
            "month": "2005-02",
            "price": "23.82",
            "revenue": 182297
        },
        "2005-03": {
            "month": "2005-03",
            "price": "30.69",
            "revenue": 216239
        },
        "2005-04": {
            "month": "2005-04",
            "price": "32.72",
            "revenue": 208945
        },
        "2005-05": {
            "month": "2005-05",
            "price": "33.14",
            "revenue": 173490
        },
        "2005-06": {
            "month": "2005-06",
            "price": "33.64",
            "revenue": 171313
        },
        "2005-07": {
            "month": "2005-07",
            "price": "33.61",
            "revenue": 171810
        },
        "2005-08": {
            "month": "2005-08",
            "price": "29.82",
            "revenue": 223703
        },
        "2005-09": {
            "month": "2005-09",
            "price": "28.51",
            "revenue": 225713
        },
        "2005-10": {
            "month": "2005-10",
            "price": "27.74",
            "revenue": 199162
        },
        "2005-11": {
            "month": "2005-11",
            "price": "30.80",
            "revenue": 209677
        },
        "2005-12": {
            "month": "2005-12",
            "price": "37.78",
            "revenue": 222535
        },
        "2006-01": {
            "month": "2006-01",
            "price": "39.78",
            "revenue": 175133
        },
        "2006-02": {
            "month": "2006-02",
            "price": "36.45",
            "revenue": 170035
        },
        "2006-03": {
            "month": "2006-03",
            "price": "38.32",
            "revenue": 211097
        },
        "2006-04": {
            "month": "2006-04",
            "price": "42.26",
            "revenue": 174616
        },
        "2006-05": {
            "month": "2006-05",
            "price": "41.53",
            "revenue": 141629
        },
        "2006-06": {
            "month": "2006-06",
            "price": "37.70",
            "revenue": 140533
        },
        "2006-07": {
            "month": "2006-07",
            "price": "34.64",
            "revenue": 148174
        },
        "2006-08": {
            "month": "2006-08",
            "price": "29.70",
            "revenue": 147818
        },
        "2006-09": {
            "month": "2006-09",
            "price": "28.19",
            "revenue": 153155
        },
        "2006-10": {
            "month": "2006-10",
            "price": "28.98",
            "revenue": 168035
        },
        "2006-11": {
            "month": "2006-11",
            "price": "31.96",
            "revenue": 190337
        },
        "2006-12": {
            "month": "2006-12",
            "price": "33.06",
            "revenue": 170793
        },
        "2007-01": {
            "month": "2007-01",
            "price": "34.96",
            "revenue": 166504
        },
        "2007-02": {
            "month": "2007-02",
            "price": "36.40",
            "revenue": 120941
        },
        "2007-03": {
            "month": "2007-03",
            "price": "37.79",
            "revenue": 193863
        },
        "2007-04": {
            "month": "2007-04",
            "price": "42.79",
            "revenue": 183959
        },
        "2007-05": {
            "month": "2007-05",
            "price": "41.17",
            "revenue": 147317
        },
        "2007-06": {
            "month": "2007-06",
            "price": "42.03",
            "revenue": 152885
        },
        "2007-07": {
            "month": "2007-07",
            "price": "45.47",
            "revenue": 549057
        },
        "2007-08": {
            "month": "2007-08",
            "price": "41.34",
            "revenue": 632445
        },
        "2007-09": {
            "month": "2007-09",
            "price": "40.67",
            "revenue": 650337
        },
        "2007-10": {
            "month": "2007-10",
            "price": "38.16",
            "revenue": 700605
        },
        "2007-11": {
            "month": "2007-11",
            "price": "34.39",
            "revenue": 739471
        },
        "2007-12": {
            "month": "2007-12",
            "price": "34.16",
            "revenue": 683386
        },
        "2008-01": {
            "month": "2008-01",
            "price": "34.40",
            "revenue": 799547
        },
        "2008-02": {
            "month": "2008-02",
            "price": "35.13",
            "revenue": 549200
        },
        "2008-03": {
            "month": "2008-03",
            "price": "36.08",
            "revenue": 713485
        },
        "2008-04": {
            "month": "2008-04",
            "price": "37.73",
            "revenue": 698523
        },
        "2008-05": {
            "month": "2008-05",
            "price": "37.73",
            "revenue": 686393
        },
        "2008-06": {
            "month": "2008-06",
            "price": "35.01",
            "revenue": 748169
        },
        "2008-07": {
            "month": "2008-07",
            "price": "33.92",
            "revenue": 889992
        },
        "2008-08": {
            "month": "2008-08",
            "price": "34.57",
            "revenue": 903420
        },
        "2008-09": {
            "month": "2008-09",
            "price": "26.45",
            "revenue": 1089595
        },
        "2008-10": {
            "month": "2008-10",
            "price": "22.97",
            "revenue": 1242002
        },
        "2008-11": {
            "month": "2008-11",
            "price": "17.85",
            "revenue": 934810
        },
        "2008-12": {
            "month": "2008-12",
            "price": "16.56",
            "revenue": 769989
        },
        "2009-01": {
            "month": "2009-01",
            "price": "15.36",
            "revenue": 736238
        },
        "2009-02": {
            "month": "2009-02",
            "price": "16.67",
            "revenue": 866594
        },
        "2009-03": {
            "month": "2009-03",
            "price": "19.23",
            "revenue": 1014286
        },
        "2009-04": {
            "month": "2009-04",
            "price": "25.21",
            "revenue": 954870
        },
        "2009-05": {
            "month": "2009-05",
            "price": "27.98",
            "revenue": 879070
        },
        "2009-06": {
            "month": "2009-06",
            "price": "26.29",
            "revenue": 1207174
        },
        "2009-07": {
            "month": "2009-07",
            "price": "30.84",
            "revenue": 1205671
        },
        "2009-08": {
            "month": "2009-08",
            "price": "34.52",
            "revenue": 1142593
        },
        "2009-09": {
            "month": "2009-09",
            "price": "34.01",
            "revenue": 1452880
        },
        "2009-10": {
            "month": "2009-10",
            "price": "35.52",
            "revenue": 1285865
        },
        "2009-11": {
            "month": "2009-11",
            "price": "34.81",
            "revenue": 1283088
        },
        "2009-12": {
            "month": "2009-12",
            "price": "34.82",
            "revenue": 1207003
        },
        "2010-01": {
            "month": "2010-01",
            "price": "35.98",
            "revenue": 1358692
        },
        "2010-02": {
            "month": "2010-02",
            "price": "34.20",
            "revenue": 890830
        },
        "2010-03": {
            "month": "2010-03",
            "price": "35.17",
            "revenue": 1503879
        },
        "2010-04": {
            "month": "2010-04",
            "price": "35.11",
            "revenue": 1353899
        },
        "2010-05": {
            "month": "2010-05",
            "price": "31.62",
            "revenue": 1330745
        },
        "2010-06": {
            "month": "2010-06",
            "price": "32.09",
            "revenue": 1292748
        },
        "2010-07": {
            "month": "2010-07",
            "price": "31.92",
            "revenue": 1167858
        },
        "2010-08": {
            "month": "2010-08",
            "price": "30.85",
            "revenue": 1217071
        },
        "2010-09": {
            "month": "2010-09",
            "price": "30.83",
            "revenue": 1301460
        },
        "2010-10": {
            "month": "2010-10",
            "price": "31.18",
            "revenue": 1195593
        },
        "2010-11": {
            "month": "2010-11",
            "price": "31.08",
            "revenue": 1100086
        },
        "2010-12": {
            "month": "2010-12",
            "price": "32.42",
            "revenue": 985630
        },
        "2011-01": {
            "month": "2011-01",
            "price": "32.54",
            "revenue": 1105105
        },
        "2011-02": {
            "month": "2011-02",
            "price": "30.72",
            "revenue": 717162
        },
        "2011-03": {
            "month": "2011-03",
            "price": "29.71",
            "revenue": 1412583
        },
        "2011-04": {
            "month": "2011-04",
            "price": "29.53",
            "revenue": 1022761
        },
        "2011-05": {
            "month": "2011-05",
            "price": "26.69",
            "revenue": 1182274
        },
        "2011-06": {
            "month": "2011-06",
            "price": "26.39",
            "revenue": 1023749
        },
        "2011-07": {
            "month": "2011-07",
            "price": "26.28",
            "revenue": 1164665
        },
        "2011-08": {
            "month": "2011-08",
            "price": "24.71",
            "revenue": 1102451
        },
        "2011-09": {
            "month": "2011-09",
            "price": "22.55",
            "revenue": 1280230
        },
        "2011-10": {
            "month": "2011-10",
            "price": "21.06",
            "revenue": 1220351
        },
        "2011-11": {
            "month": "2011-11",
            "price": "20.05",
            "revenue": 1052532
        },
        "2011-12": {
            "month": "2011-12",
            "price": "17.88",
            "revenue": 948278
        },
        "2012-01": {
            "month": "2012-01",
            "price": "16.37",
            "revenue": 869882
        },
        "2012-02": {
            "month": "2012-02",
            "price": "19.74",
            "revenue": 955168
        },
        "2012-03": {
            "month": "2012-03",
            "price": "21.62",
            "revenue": 1184982
        },
        "2012-04": {
            "month": "2012-04",
            "price": "17.43",
            "revenue": 1039459
        },
        "2012-05": {
            "month": "2012-05",
            "price": "15.65",
            "revenue": 1143840
        },
        "2012-06": {
            "month": "2012-06",
            "price": "14.43",
            "revenue": 1214176
        },
        "2012-07": {
            "month": "2012-07",
            "price": "13.44",
            "revenue": 1190000
        },
        "2012-08": {
            "month": "2012-08",
            "price": "13.57",
            "revenue": 1191706
        },
        "2012-09": {
            "month": "2012-09",
            "price": "13.71",
            "revenue": 1131784
        },
        "2012-10": {
            "month": "2012-10",
            "price": "12.74",
            "revenue": 1245944
        },
        "2012-11": {
            "month": "2012-11",
            "price": "12.46",
            "revenue": 1126242
        },
        "2012-12": {
            "month": "2012-12",
            "price": "12.79",
            "revenue": 1028171
        },
        "2013-01": {
            "month": "2013-01",
            "price": "12.28",
            "revenue": 1140170
        },
        "2013-02": {
            "month": "2013-02",
            "price": "12.47",
            "revenue": 731264
        },
        "2013-03": {
            "month": "2013-03",
            "price": "12.68",
            "revenue": 979587
        },
        "2013-04": {
            "month": "2013-04",
            "price": "11.98",
            "revenue": 818407
        },
        "2013-05": {
            "month": "2013-05",
            "price": "12.96",
            "revenue": 981553
        },
        "2013-06": {
            "month": "2013-06",
            "price": "13.27",
            "revenue": 1053714
        },
        "2013-07": {
            "month": "2013-07",
            "price": "13.39",
            "revenue": 1091309
        },
        "2013-08": {
            "month": "2013-08",
            "price": "12.86",
            "revenue": 1059547
        },
        "2013-09": {
            "month": "2013-09",
            "price": "12.00",
            "revenue": 1104897
        },
        "2013-10": {
            "month": "2013-10",
            "price": "12.09",
            "revenue": 1229819
        },
        "2013-11": {
            "month": "2013-11",
            "price": "11.28",
            "revenue": 1347537
        },
        "2013-12": {
            "month": "2013-12",
            "price": "11.22",
            "revenue": 1212116
        },
        "2014-01": {
            "month": "2014-01",
            "price": "12.27",
            "revenue": 1128964
        },
        "2014-02": {
            "month": "2014-02",
            "price": "12.77",
            "revenue": 940431
        },
        "2014-03": {
            "month": "2014-03",
            "price": "13.90",
            "revenue": 1280325
        },
        "2014-04": {
            "month": "2014-04",
            "price": "14.01",
            "revenue": 1216259
        },
        "2014-05": {
            "month": "2014-05",
            "price": "12.96",
            "revenue": 1260313
        },
        "2014-06": {
            "month": "2014-06",
            "price": "13.04",
            "revenue": 1255079
        },
        "2014-07": {
            "month": "2014-07",
            "price": "14.00",
            "revenue": 1529591
        },
        "2014-08": {
            "month": "2014-08",
            "price": "16.58",
            "revenue": 1598279
        },
        "2014-09": {
            "month": "2014-09",
            "price": "17.02",
            "revenue": 1534846
        },
        "2014-10": {
            "month": "2014-10",
            "price": "16.01",
            "revenue": 1403646
        },
        "2014-11": {
            "month": "2014-11",
            "price": "16.36",
            "revenue": 1603410
        },
        "2014-12": {
            "month": "2014-12",
            "price": "18.56",
            "revenue": 1513760
        },
        "2015-01": {
            "month": "2015-01",
            "price": "21.59",
            "revenue": 1356396
        },
        "2015-02": {
            "month": "2015-02",
            "price": "20.32",
            "revenue": 1035412
        },
        "2015-03": {
            "month": "2015-03",
            "price": "20.98",
            "revenue": 1283387
        },
        "2015-04": {
            "month": "2015-04",
            "price": "19.95",
            "revenue": 1297883
        },
        "2015-05": {
            "month": "2015-05",
            "price": "17.72",
            "revenue": 1285627
        },
        "2015-06": {
            "month": "2015-06",
            "price": "15.86",
            "revenue": 1341882
        },
        "2015-07": {
            "month": "2015-07",
            "price": "14.16",
            "revenue": 1336574
        },
        "2015-08": {
            "month": "2015-08",
            "price": "11.35",
            "revenue": 1465101
        },
        "2015-09": {
            "month": "2015-09",
            "price": "12.83",
            "revenue": 1694194
        },
        "2015-10": {
            "month": "2015-10",
            "price": "14.31",
            "revenue": 1601363
        },
        "2015-11": {
            "month": "2015-11",
            "price": "14.83",
            "revenue": 1624002
        },
        "2015-12": {
            "month": "2015-12",
            "price": "14.89",
            "revenue": 1409915
        },
        "2016-01": {
            "month": "2016-01",
            "price": "13.95",
            "revenue": 1298338
        },
        "2016-02": {
            "month": "2016-02",
            "price": "14.93",
            "revenue": 721894
        },
        "2016-03": {
            "month": "2016-03",
            "price": "15.18",
            "revenue": 1243464
        },
        "2016-04": {
            "month": "2016-04",
            "price": "16.03",
            "revenue": 982318
        },
        "2016-05": {
            "month": "2016-05",
            "price": "15.24",
            "revenue": 1125248
        },
        "2016-06": {
            "month": "2016-06",
            "price": "16.36",
            "revenue": 1121125
        },
        "2016-07": {
            "month": "2016-07",
            "price": "16.45",
            "revenue": 1214251
        },
        "2016-08": {
            "month": "2016-08",
            "price": "17.38",
            "revenue": 1383227
        },
        "2016-09": {
            "month": "2016-09",
            "price": "17.36",
            "revenue": 1288931
        },
        "2016-10": {
            "month": "2016-10",
            "price": "18.26",
            "revenue": 1034588
        },
        "2016-11": {
            "month": "2016-11",
            "price": "17.38",
            "revenue": 1125209
        },
        "2016-12": {
            "month": "2016-12",
            "price": "16.99",
            "revenue": 1161245
        },
        "2017-01": {
            "month": "2017-01",
            "price": "17.33",
            "revenue": 877831
        },
        "2017-02": {
            "month": "2017-02",
            "price": "18.51",
            "revenue": 879817
        },
        "2017-03": {
            "month": "2017-03",
            "price": "20.48",
            "revenue": 1146129
        },
        "2017-04": {
            "month": "2017-04",
            "price": "19.40",
            "revenue": 935892
        },
        "2017-05": {
            "month": "2017-05",
            "price": "20.23",
            "revenue": 944359
        },
        "2017-06": {
            "month": "2017-06",
            "price": "20.55",
            "revenue": 1008752
        },
        "2017-07": {
            "month": "2017-07",
            "price": "20.46",
            "revenue": 914107
        },
        "2017-08": {
            "month": "2017-08",
            "price": "18.58",
            "revenue": 985575
        },
        "2017-09": {
            "month": "2017-09",
            "price": "18.44",
            "revenue": 1050165
        },
        "2017-10": {
            "month": "2017-10",
            "price": "18.60",
            "revenue": 853842
        },
        "2017-11": {
            "month": "2017-11",
            "price": "17.27",
            "revenue": 1032468
        },
        "2017-12": {
            "month": "2017-12",
            "price": "16.98",
            "revenue": 957638
        },
        "2018-01": {
            "month": "2018-01",
            "price": "17.36",
            "revenue": 900272
        },
        "2018-02": {
            "month": "2018-02",
            "price": "16.44",
            "revenue": 500083
        },
        "2018-03": {
            "month": "2018-03",
            "price": "16.22",
            "revenue": 925152
        },
        "2018-04": {
            "month": "2018-04",
            "price": "16.06",
            "revenue": 678219
        },
        "2018-05": {
            "month": "2018-05",
            "price": "15.46",
            "revenue": 902427
        },
        "2018-06": {
            "month": "2018-06",
            "price": "16.58",
            "revenue": 910622
        },
        "2018-07": {
            "month": "2018-07",
            "price": "17.77",
            "revenue": 800650
        },
        "2018-08": {
            "month": "2018-08",
            "price": "17.69",
            "revenue": 955450
        },
        "2018-09": {
            "month": "2018-09",
            "price": "16.01",
            "revenue": 1014492
        },
        "2018-10": {
            "month": "2018-10",
            "price": "15.36",
            "revenue": 910886
        },
        "2018-11": {
            "month": "2018-11",
            "price": "16.42",
            "revenue": 961424
        },
        "2018-12": {
            "month": "2018-12",
            "price": "17.76",
            "revenue": 956385
        },
        "2019-01": {
            "month": "2019-01",
            "price": "17.44",
            "revenue": 830477
        },
        "2019-02": {
            "month": "2019-02",
            "price": "17.94",
            "revenue": 559041
        },
        "2019-03": {
            "month": "2019-03",
            "price": "18.54",
            "revenue": 1042807
        },
        "2019-04": {
            "month": "2019-04",
            "price": "18.88",
            "revenue": 912984
        },
        "2019-05": {
            "month": "2019-05",
            "price": "17.90",
            "revenue": 1078223
        },
        "2019-06": {
            "month": "2019-06",
            "price": "17.92",
            "revenue": 1179458
        },
        "2019-07": {
            "month": "2019-07",
            "price": "29.01",
            "revenue": 1035643
        },
        "2019-08": {
            "month": "2019-08",
            "price": "38.99",
            "revenue": 1053362
        },
        "2019-09": {
            "month": "2019-09",
            "price": "37.52",
            "revenue": 1426436
        },
        "2019-10": {
            "month": "2019-10",
            "price": "40.59",
            "revenue": 1264430
        },
        "2019-11": {
            "month": "2019-11",
            "price": "36.94",
            "revenue": 1381528
        },
        "2019-12": {
            "month": "2019-12",
            "price": "38.99",
            "revenue": 1123566
        },
        "2020-01": {
            "month": "2020-01",
            "price": "37.78",
            "revenue": 696417
        },
        "2020-02": {
            "month": "2020-02",
            "price": "35.56",
            "revenue": 601052
        },
        "2020-03": {
            "month": "2020-03",
            "price": "28.02",
            "revenue": 1430985
        },
        "2020-04": {
            "month": "2020-04",
            "price": "31.10",
            "revenue": 1707168
        },
        "2020-05": {
            "month": "2020-05",
            "price": "32.04",
            "revenue": 1647113
        },
        "2020-06": {
            "month": "2020-06",
            "price": "36.11",
            "revenue": 1863546
        },
        "2020-07": {
            "month": "2020-07",
            "price": "42.24",
            "revenue": 2073762
        },
        "2020-08": {
            "month": "2020-08",
            "price": "61.41",
            "revenue": 2144079
        },
        "2020-09": {
            "month": "2020-09",
            "price": "69.00",
            "revenue": 2290523
        },
        "2020-10": {
            "month": "2020-10",
            "price": "68.27",
            "revenue": 1911530
        },
        "2020-11": {
            "month": "2020-11",
            "price": "68.50",
            "revenue": 2416929
        },
        "2020-12": {
            "month": "2020-12",
            "price": "64.13",
            "revenue": 2396402
        },
        "2021-01": {
            "month": "2021-01",
            "price": "64.52",
            "revenue": 2021627
        },
        "2021-02": {
            "month": "2021-02",
            "price": "66.25",
            "revenue": 1193051
        },
        "2021-03": {
            "month": "2021-03",
            "price": "66.20",
            "revenue": 2017906
        },
        "2021-04": {
            "month": "2021-04",
            "price": "64.39",
            "revenue": 2160395
        },
        "2021-05": {
            "month": "2021-05",
            "price": "56.22",
            "revenue": 2018729
        },
        "2021-06": {
            "month": "2021-06",
            "price": "55.05",
            "revenue": 1955526
        },
        "2021-07": {
            "month": "2021-07",
            "price": "53.79",
            "revenue": 2087462
        },
        "2021-08": {
            "month": "2021-08",
            "price": "50.47",
            "revenue": 2002626
        },
        "2021-09": {
            "month": "2021-09",
            "price": "46.28",
            "revenue": 1945232
        },
        "2021-10": {
            "month": "2021-10",
            "price": "43.65",
            "revenue": 1943172
        },
        "2021-11": {
            "month": "2021-11",
            "price": "43.43",
            "revenue": 2352876
        },
        "2021-12": {
            "month": "2021-12",
            "price": "46.31",
            "revenue": 2402087
        },
        "2022-01": {
            "month": "2022-01",
            "price": "45.96",
            "revenue": 2011583
        },
        "2022-02": {
            "month": "2022-02",
            "price": "43.24",
            "revenue": 1706950
        },
        "2022-03": {
            "month": "2022-03",
            "price": "41.07",
            "revenue": 2311930
        },
        "2022-04": {
            "month": "2022-04",
            "price": "39.54",
            "revenue": 1239445
        },
        "2022-05": {
            "month": "2022-05",
            "price": "36.27",
            "revenue": 1585712
        },
        "2022-06": {
            "month": "2022-06",
            "price": "36.45",
            "revenue": 2142481
        },
        "2022-07": {
            "month": "2022-07",
            "price": "36.64",
            "revenue": 2552948
        },
        "2022-08": {
            "month": "2022-08",
            "price": "37.76",
            "revenue": 2558851
        },
        "2022-09": {
            "month": "2022-09",
            "price": "38.47",
            "revenue": 2249988
        },
        "2022-10": {
            "month": "2022-10",
            "price": "36.00",
            "revenue": 2109803
        },
        "2022-11": {
            "month": "2022-11",
            "price": "39.97",
            "revenue": 2378068
        },
        "2022-12": {
            "month": "2022-12",
            "price": "39.95",
            "revenue": 1921741
        },
        "2023-01": {
            "month": "2023-01",
            "price": "38.22",
            "revenue": 1214056
        },
        "2023-02": {
            "month": "2023-02",
            "price": "38.97",
            "revenue": 1331019
        },
        "2023-03": {
            "month": "2023-03",
            "price": "41.45",
            "revenue": 1785243
        },
        "2023-04": {
            "month": "2023-04",
            "price": "44.41",
            "revenue": 1884974
        },
        "2023-05": {
            "month": "2023-05",
            "price": "42.19",
            "revenue": 2105452
        },
        "2023-06": {
            "month": "2023-06",
            "price": "42.75",
            "revenue": 1892991
        },
        "2023-07": {
            "month": "2023-07",
            "price": "42.76",
            "revenue": 1913778
        },
        "2023-08": {
            "month": "2023-08",
            "price": "43.86",
            "revenue": 2059706
        },
        "2023-09": {
            "month": "2023-09",
            "price": "48.18",
            "revenue": 1979193
        },
        "2023-10": {
            "month": "2023-10",
            "price": "48.08",
            "revenue": 1883926
        },
        "2023-11": {
            "month": "2023-11",
            "price": "54.02",
            "revenue": 1846538
        },
        "2023-12": {
            "month": "2023-12",
            "price": "58.25",
            "revenue": 1678108
        }
    }
}
