{
    "summary": {
        "stock_name": "威盛",
        "stock_id": "2388",
        "category": "半導體",
        "main_business": "設計、製造、測試、銷售積體電路、半導體記憶零件組等<br>電腦軟體程式設計、銷售、測試及電腦資料處理<br>前各項產品之代理及進出口貿易業務",
        "website_url": "http://www.via.com.tw",
        "ceo": "陳文琦",
        "pe_ratio": -1267,
        "report_year_from": 2001,
        "report_year_to": 2023,
        "age": 22,
        "eps_negative_percentage": 57,
        "eps_growth_avg": {
            "last_all": -46.01,
            "last_2y": -5.42,
            "last_4y": -3.98,
            "last_8y": -24.12,
            "last_12y": -24.12,
            "last_16y": -33.61,
            "last_20y": -46.01,
            "at_2006_last_3y": -100,
            "at_2007_last_3y": -100,
            "at_2008_last_3y": -100,
            "at_2009_last_3y": -100,
            "at_2010_last_3y": null,
            "at_2011_last_3y": null,
            "at_2012_last_3y": null,
            "at_2013_last_3y": null,
            "at_2014_last_3y": null,
            "at_2015_last_3y": null,
            "at_2016_last_3y": -77.91,
            "at_2017_last_3y": -74.48,
            "at_2018_last_3y": -37.53,
            "at_2019_last_3y": -38.15,
            "at_2020_last_3y": 6.33,
            "at_2021_last_3y": 20.03,
            "at_2022_last_3y": -14.06,
            "at_2023_last_3y": -14.06,
            "at_2006_last_all": -97.08,
            "at_2007_last_all": -97.08,
            "at_2008_last_all": -97.08,
            "at_2009_last_all": -97.08,
            "at_2010_last_all": -97.08,
            "at_2011_last_all": -97.08,
            "at_2012_last_all": -97.08,
            "at_2013_last_all": -97.08,
            "at_2014_last_all": -97.08,
            "at_2015_last_all": -97.08,
            "at_2016_last_all": -92.29,
            "at_2017_last_all": -88.04,
            "at_2018_last_all": -67.31,
            "at_2019_last_all": -63.4,
            "at_2020_last_all": -42.98,
            "at_2021_last_all": -40.01,
            "at_2022_last_all": -46.01,
            "at_2023_last_all": -46.01
        },
        "latest_eps": -0.06,
        "latest_price": 76,
        "latest_roe": 1.08,
        "latest_gross_margin": 28.57,
        "latest_equity": 14195358,
        "latest_revenue": 2044567,
        "latest_gross_profit": 584045,
        "latest_net_income": -77814,
        "latest_debt_ratio": 44.44,
        "latest_current_ratio": 224.34,
        "latest_account_receivable_turnover_ratio": 4.99,
        "latest_inventory_turnover_ratio": 0.48,
        "latest_reinvestment_rate": 16.28,
        "latest_research_to_sale_ratio": 21.59
    },
    "eps_dividends": {
        "1999": {
            "cash": 0,
            "stock": 6,
            "eps": 0
        },
        "2000": {
            "cash": 0,
            "stock": 5,
            "eps": 0
        },
        "2001": {
            "cash": 1,
            "stock": 6,
            "eps": 7.19
        },
        "2002": {
            "cash": 1,
            "stock": 2,
            "eps": 0.63
        },
        "2003": {
            "cash": 1,
            "stock": 1,
            "eps": -1.35
        },
        "2004": {
            "cash": 0,
            "stock": 1,
            "eps": -3.81
        },
        "2005": {
            "cash": 0,
            "stock": 0,
            "eps": 0.1
        },
        "2006": {
            "cash": 0,
            "stock": 0,
            "eps": -0.89
        },
        "2007": {
            "cash": 0,
            "stock": 0,
            "eps": -3.83
        },
        "2008": {
            "cash": 0,
            "stock": 0,
            "eps": -3.1
        },
        "2009": {
            "cash": 0,
            "stock": 0,
            "eps": -5.17
        },
        "2010": {
            "cash": 0,
            "stock": 0,
            "eps": -1.2
        },
        "2011": {
            "cash": 0,
            "stock": 0,
            "eps": -3.48
        },
        "2012": {
            "cash": 0,
            "stock": 0,
            "eps": -6.37
        },
        "2013": {
            "cash": 0,
            "stock": 0,
            "eps": -2.57
        },
        "2014": {
            "cash": 0,
            "stock": 0,
            "eps": -3.18
        },
        "2015": {
            "cash": 0,
            "stock": 0,
            "eps": 1.72
        },
        "2016": {
            "cash": 0,
            "stock": 0,
            "eps": 0.38
        },
        "2017": {
            "cash": 0,
            "stock": 0,
            "eps": 0.11
        },
        "2018": {
            "cash": 0,
            "stock": 0,
            "eps": 0.15
        },
        "2019": {
            "cash": 0,
            "stock": 0,
            "eps": 0.09
        },
        "2020": {
            "cash": 0,
            "stock": 0,
            "eps": 9.54
        },
        "2021": {
            "cash": 1,
            "stock": 0,
            "eps": 7.99
        },
        "2022": {
            "cash": 1,
            "stock": 0,
            "eps": -0.17
        },
        "2023": {
            "cash": 0,
            "stock": 0,
            "eps": -0.16
        }
    },
    "dividends": {
        "1999-06-16": {
            "cash": 0,
            "stock": 6
        },
        "2000-06-22": {
            "cash": 0,
            "stock": 5
        },
        "2001-06-22": {
            "cash": 1,
            "stock": 6
        },
        "2002-06-28": {
            "cash": 0.8,
            "stock": 2.2
        },
        "2003-05-12": {
            "cash": 0.5,
            "stock": 0.5
        },
        "2004-06-17": {
            "cash": 0,
            "stock": 0.51
        },
        "2021-09-17": {
            "cash": 0.8,
            "stock": 0
        },
        "2022-05-06": {
            "cash": 1,
            "stock": 0
        },
        "2023-05-05": {
            "cash": 0.15,
            "stock": 0
        }
    },
    "prices": {
        "200101": "239.00",
        "200102": "304.79",
        "200103": "326.82",
        "200104": "326.15",
        "200105": "283.82",
        "200106": "258.95",
        "200107": "212.19",
        "200108": "203.70",
        "200109": "101.06",
        "200110": "80.36",
        "200111": "111.80",
        "200112": "134.36",
        "200201": "131.52",
        "200202": "144.04",
        "200203": "140.50",
        "200204": "121.02",
        "200205": "96.50",
        "200206": "82.28",
        "200207": "72.98",
        "200208": "66.86",
        "200209": "48.15",
        "200210": "45.71",
        "200211": "44.55",
        "200212": "40.32",
        "200301": "39.32",
        "200302": "36.99",
        "200303": "34.96",
        "200304": "40.27",
        "200305": "40.89",
        "200306": "43.70",
        "200307": "55.87",
        "200308": "55.07",
        "200309": "50.62",
        "200310": "52.95",
        "200311": "46.89",
        "200312": "41.65",
        "200401": "46.45",
        "200402": "43.84",
        "200403": "40.56",
        "200404": "38.77",
        "200405": "31.26",
        "200406": "28.69",
        "200407": "26.11",
        "200408": "23.55",
        "200409": "20.90",
        "200410": "21.74",
        "200411": "19.23",
        "200412": "17.29",
        "200501": "16.20",
        "200502": "17.05",
        "200503": "17.95",
        "200504": "16.54",
        "200505": "16.95",
        "200506": "22.17",
        "200507": "24.30",
        "200508": "23.41",
        "200509": "20.51",
        "200510": "19.38",
        "200511": "18.22",
        "200512": "19.58",
        "200601": "20.58",
        "200602": "19.19",
        "200603": "22.83",
        "200604": "28.23",
        "200605": "36.29",
        "200606": "28.15",
        "200607": "26.06",
        "200608": "26.72",
        "200609": "25.98",
        "200610": "25.13",
        "200611": "23.50",
        "200612": "27.74",
        "200701": "35.85",
        "200702": "33.45",
        "200703": "33.00",
        "200704": "34.39",
        "200705": "32.63",
        "200706": "35.02",
        "200707": "34.47",
        "200708": "26.82",
        "200709": "22.71",
        "200710": "23.08",
        "200711": "19.06",
        "200712": "18.75",
        "200801": "17.62",
        "200802": "16.86",
        "200803": "17.80",
        "200804": "18.85",
        "200805": "18.79",
        "200806": "21.25",
        "200807": "18.95",
        "200808": "20.16",
        "200809": "16.84",
        "200810": "9.46",
        "200811": "6.81",
        "200812": "6.89",
        "200901": "9.68",
        "200902": "13.89",
        "200903": "15.22",
        "200904": "19.25",
        "200905": "14.71",
        "200906": "14.60",
        "200907": "12.26",
        "200908": "12.57",
        "200909": "25.12",
        "200910": "22.07",
        "200911": "18.66",
        "200912": "16.85",
        "201001": "19.95",
        "201002": "17.20",
        "201003": "17.32",
        "201004": "18.11",
        "201005": "21.70",
        "201006": "26.77",
        "201007": "26.27",
        "201008": "26.95",
        "201009": "24.87",
        "201010": "25.96",
        "201011": "25.34",
        "201012": "27.54",
        "201101": "30.68",
        "201102": "30.32",
        "201103": "31.32",
        "201104": "30.22",
        "201105": "28.39",
        "201106": "34.48",
        "201107": "35.02",
        "201108": "30.25",
        "201109": "25.86",
        "201110": "23.12",
        "201111": "22.80",
        "201112": "16.83",
        "201201": "16.53",
        "201202": "22.18",
        "201203": "21.28",
        "201204": "18.08",
        "201205": "16.16",
        "201206": "13.30",
        "201207": "10.16",
        "201208": "8.61",
        "201209": "10.13",
        "201210": "16.54",
        "201211": "18.32",
        "201212": "23.07",
        "201301": "23.80",
        "201302": "22.38",
        "201303": "20.31",
        "201304": "20.12",
        "201305": "20.73",
        "201306": "20.08",
        "201307": "19.59",
        "201308": "17.79",
        "201309": "21.42",
        "201310": "24.26",
        "201311": "26.89",
        "201312": "27.95",
        "201401": "27.99",
        "201402": "26.17",
        "201403": "25.33",
        "201404": "24.28",
        "201405": "22.59",
        "201406": "23.85",
        "201407": "23.14",
        "201408": "20.42",
        "201409": "20.85",
        "201410": "18.32",
        "201411": "15.82",
        "201412": "10.08",
        "201501": "11.38",
        "201502": "10.72",
        "201503": "9.66",
        "201504": "8.73",
        "201505": "8.25",
        "201506": "6.01",
        "201507": "5.08",
        "201508": "5.84",
        "201509": "6.07",
        "201510": "8.16",
        "201511": "7.92",
        "201512": "7.88",
        "201601": "9.07",
        "201602": "8.79",
        "201603": "9.62",
        "201604": "13.20",
        "201605": "13.15",
        "201606": "12.95",
        "201607": "12.56",
        "201608": "11.55",
        "201609": "10.84",
        "201610": "11.18",
        "201611": "10.36",
        "201612": "10.08",
        "201701": "11.07",
        "201702": "11.41",
        "201703": "11.23",
        "201704": "10.88",
        "201705": "10.21",
        "201706": "10.11",
        "201707": "10.04",
        "201708": "10.31",
        "201709": "10.76",
        "201710": "10.88",
        "201711": "10.71",
        "201712": "10.41",
        "201801": "11.41",
        "201802": "16.29",
        "201803": "31.24",
        "201804": "33.86",
        "201805": "34.16",
        "201806": "42.93",
        "201807": "47.33",
        "201808": "37.69",
        "201809": "36.77",
        "201810": "25.00",
        "201811": "24.34",
        "201812": "27.57",
        "201901": "24.88",
        "201902": "27.80",
        "201903": "34.26",
        "201904": "39.10",
        "201905": "33.83",
        "201906": "34.36",
        "201907": "35.70",
        "201908": "32.27",
        "201909": "34.05",
        "201910": "33.98",
        "201911": "32.34",
        "201912": "33.75",
        "202001": "34.65",
        "202002": "30.16",
        "202003": "22.39",
        "202004": "27.72",
        "202005": "29.68",
        "202006": "28.86",
        "202007": "37.01",
        "202008": "39.30",
        "202009": "38.58",
        "202010": "36.39",
        "202011": "40.61",
        "202012": "53.21",
        "202101": "55.92",
        "202102": "52.24",
        "202103": "49.70",
        "202104": "55.58",
        "202105": "47.11",
        "202106": "52.77",
        "202107": "59.53",
        "202108": "50.07",
        "202109": "47.06",
        "202110": "46.04",
        "202111": "84.02",
        "202112": "87.88",
        "202201": "75.14",
        "202202": "66.27",
        "202203": "63.47",
        "202204": "56.09",
        "202205": "50.08",
        "202206": "49.31",
        "202207": "58.57",
        "202208": "77.77",
        "202209": "84.64",
        "202210": "67.10",
        "202211": "69.87",
        "202212": "71.78",
        "202301": "68.75",
        "202302": "75.72",
        "202303": "88.87",
        "202304": "80.09",
        "202305": "75.01"
    },
    "quarters": {
        "20011": {
            "year_quarter": 20011,
            "year": 2001,
            "quarter": 1,
            "eps": 4.01,
            "eps_growth_year": 60.4,
            "eps_4q": 13.73,
            "eps_4q_growth_year": 98.91,
            "roe": 10.26,
            "roe_4q": 10.26,
            "gross_profit": 3736048,
            "gross_margin": 35.63,
            "gross_margin_4q_avg": 35.63,
            "net_income": 2311323,
            "revenue": 10486883,
            "common_shares": 5767500,
            "book_valuer_per_share": 41.17,
            "book_valuer_per_share_4q_avg": 41.17,
            "equity": 23743609,
            "current_ratio": 195.59,
            "debt_ratio": 40.51,
            "inventory_turnover_ratio": 1.5,
            "account_receivable_turnover_ratio": null,
            "reinvestment_rate": null,
            "research_to_sale_ratio": null,
            "price_fair": 0,
            "eps_avg_yearly": 0,
            "eps_latest_yearly": 0,
            "eps_growth_yearly": 0
        },
        "20012": {
            "year_quarter": 20012,
            "year": 2001,
            "quarter": 2,
            "eps": 1.06,
            "eps_growth_year": -64.67,
            "eps_4q": 7.57,
            "eps_4q_growth_year": 11.47,
            "roe": 4.2,
            "roe_4q": 14.46,
            "gross_profit": 2750526,
            "gross_margin": 35.84,
            "gross_margin_4q_avg": 35.74,
            "net_income": 1006640,
            "revenue": 7675499,
            "common_shares": 5767500,
            "book_valuer_per_share": 42.03,
            "book_valuer_per_share_4q_avg": 41.6,
            "equity": 24241995,
            "current_ratio": 267.26,
            "debt_ratio": 31.72,
            "inventory_turnover_ratio": 0.95,
            "account_receivable_turnover_ratio": null,
            "reinvestment_rate": null,
            "research_to_sale_ratio": null,
            "price_fair": 0,
            "eps_avg_yearly": 0,
            "eps_latest_yearly": 0,
            "eps_growth_yearly": 0
        },
        "20013": {
            "year_quarter": 20013,
            "year": 2001,
            "quarter": 3,
            "eps": 0.93,
            "eps_growth_year": -78.12,
            "eps_4q": 5.93,
            "eps_4q_growth_year": -41.9,
            "roe": 3.6,
            "roe_4q": 18.060000000000002,
            "gross_profit": 2985322,
            "gross_margin": 37.91,
            "gross_margin_4q_avg": 36.46,
            "net_income": 881972,
            "revenue": 7874905,
            "common_shares": 9468000,
            "book_valuer_per_share": 26.11,
            "book_valuer_per_share_4q_avg": 36.44,
            "equity": 24717189,
            "current_ratio": 278.11,
            "debt_ratio": 32.2,
            "inventory_turnover_ratio": 1.13,
            "account_receivable_turnover_ratio": null,
            "reinvestment_rate": null,
            "research_to_sale_ratio": null,
            "price_fair": 0,
            "eps_avg_yearly": 0,
            "eps_latest_yearly": 0,
            "eps_growth_yearly": 0
        },
        "20014": {
            "year_quarter": 20014,
            "year": 2001,
            "quarter": 4,
            "eps": 1.19,
            "eps_growth_year": -51.63,
            "eps_4q": 5.63,
            "eps_4q_growth_year": -50.28,
            "roe": 4.41,
            "roe_4q": 22.47,
            "gross_profit": 3126417,
            "gross_margin": 40.03,
            "gross_margin_4q_avg": 37.35,
            "net_income": 1124610,
            "revenue": 7810745,
            "common_shares": 9468000,
            "book_valuer_per_share": 27.77,
            "book_valuer_per_share_4q_avg": 34.27,
            "equity": 26294629,
            "current_ratio": 287.68,
            "debt_ratio": 31.15,
            "inventory_turnover_ratio": 1.18,
            "account_receivable_turnover_ratio": null,
            "reinvestment_rate": null,
            "research_to_sale_ratio": null,
            "price_fair": 0,
            "eps_avg_yearly": 0,
            "eps_latest_yearly": 0,
            "eps_growth_yearly": 0
        },
        "20021": {
            "year_quarter": 20021,
            "year": 2002,
            "quarter": 1,
            "eps": 1.15,
            "eps_growth_year": -71.32,
            "eps_4q": 4.38,
            "eps_4q_growth_year": -68.12,
            "roe": 4.13,
            "roe_4q": 16.34,
            "gross_profit": 2929689,
            "gross_margin": 40.13,
            "gross_margin_4q_avg": 38.48,
            "net_income": 1073809,
            "revenue": 7300776,
            "common_shares": 9468000,
            "book_valuer_per_share": 27.11,
            "book_valuer_per_share_4q_avg": 30.76,
            "equity": 25665952,
            "current_ratio": 298.03,
            "debt_ratio": 31.97,
            "inventory_turnover_ratio": 1.03,
            "account_receivable_turnover_ratio": null,
            "reinvestment_rate": null,
            "research_to_sale_ratio": null,
            "price_fair": 13.8,
            "eps_avg_yearly": 4.6,
            "eps_latest_yearly": 4.6,
            "eps_growth_yearly": -13.45
        },
        "20022": {
            "year_quarter": 20022,
            "year": 2002,
            "quarter": 2,
            "eps": 0.05,
            "eps_growth_year": -95.28,
            "eps_4q": 3.37,
            "eps_4q_growth_year": -55.54,
            "roe": 0.19,
            "roe_4q": 12.33,
            "gross_profit": 1759114,
            "gross_margin": 33.99,
            "gross_margin_4q_avg": 38.02,
            "net_income": 46440,
            "revenue": 5174980,
            "common_shares": 9468000,
            "book_valuer_per_share": 25.89,
            "book_valuer_per_share_4q_avg": 26.72,
            "equity": 24510716,
            "current_ratio": 365.38,
            "debt_ratio": 28.7,
            "inventory_turnover_ratio": 0.81,
            "account_receivable_turnover_ratio": null,
            "reinvestment_rate": null,
            "research_to_sale_ratio": null,
            "price_fair": 7.2,
            "eps_avg_yearly": 2.4,
            "eps_latest_yearly": 0.2,
            "eps_growth_yearly": -198.03
        },
        "20023": {
            "year_quarter": 20023,
            "year": 2002,
            "quarter": 3,
            "eps": 0.04,
            "eps_growth_year": -95.7,
            "eps_4q": 2.08,
            "eps_4q_growth_year": -64.95,
            "roe": 0.18,
            "roe_4q": 8.91,
            "gross_profit": 1582909,
            "gross_margin": 26.37,
            "gross_margin_4q_avg": 35.13,
            "net_income": 44083,
            "revenue": 6003627,
            "common_shares": 11918540,
            "book_valuer_per_share": 21.01,
            "book_valuer_per_share_4q_avg": 25.45,
            "equity": 25039945,
            "current_ratio": 324.95,
            "debt_ratio": 30.1,
            "inventory_turnover_ratio": 1.2,
            "account_receivable_turnover_ratio": null,
            "reinvestment_rate": null,
            "research_to_sale_ratio": null,
            "price_fair": 4.96,
            "eps_avg_yearly": 1.65,
            "eps_latest_yearly": 0.16,
            "eps_growth_yearly": -158.68
        },
        "20024": {
            "year_quarter": 20024,
            "year": 2002,
            "quarter": 4,
            "eps": -0.61,
            "eps_growth_year": -151.26,
            "eps_4q": 0.42,
            "eps_4q_growth_year": -92.57,
            "roe": -2.89,
            "roe_4q": 1.6099999999999999,
            "gross_profit": 1723808,
            "gross_margin": 25.95,
            "gross_margin_4q_avg": 31.61,
            "net_income": -721068,
            "revenue": 6642501,
            "common_shares": 11918540,
            "book_valuer_per_share": 20.44,
            "book_valuer_per_share_4q_avg": 23.61,
            "equity": 24800902,
            "current_ratio": 326.97,
            "debt_ratio": 33.39,
            "inventory_turnover_ratio": 1.3,
            "account_receivable_turnover_ratio": null,
            "reinvestment_rate": 15.82,
            "research_to_sale_ratio": null,
            "price_fair": 4.96,
            "eps_avg_yearly": 1.65,
            "eps_latest_yearly": 0.16,
            "eps_growth_yearly": -158.68
        },
        "20031": {
            "year_quarter": 20031,
            "year": 2003,
            "quarter": 1,
            "eps": -0.55,
            "eps_growth_year": -147.83,
            "eps_4q": -1.09,
            "eps_4q_growth_year": -124.84,
            "roe": -2.66,
            "roe_4q": -5.180000000000001,
            "gross_profit": 1286179,
            "gross_margin": 22.56,
            "gross_margin_4q_avg": 27.22,
            "net_income": -645562,
            "revenue": 5702357,
            "common_shares": 11918540,
            "book_valuer_per_share": 19.91,
            "book_valuer_per_share_4q_avg": 21.81,
            "equity": 23733979,
            "current_ratio": 324.56,
            "debt_ratio": 30.57,
            "inventory_turnover_ratio": 1.3,
            "account_receivable_turnover_ratio": null,
            "reinvestment_rate": 11.2,
            "research_to_sale_ratio": null,
            "price_fair": 4.96,
            "eps_avg_yearly": 1.65,
            "eps_latest_yearly": 0.16,
            "eps_growth_yearly": -158.68
        },
        "20032": {
            "year_quarter": 20032,
            "year": 2003,
            "quarter": 2,
            "eps": -0.89,
            "eps_growth_year": -1880,
            "eps_4q": -2.05,
            "eps_4q_growth_year": -160.76,
            "roe": -4.87,
            "roe_4q": -10.24,
            "gross_profit": 1139948,
            "gross_margin": 28.21,
            "gross_margin_4q_avg": 25.77,
            "net_income": -1115361,
            "revenue": 4040796,
            "common_shares": 11918540,
            "book_valuer_per_share": 18.52,
            "book_valuer_per_share_4q_avg": 19.97,
            "equity": 22076433,
            "current_ratio": 301.26,
            "debt_ratio": 32.42,
            "inventory_turnover_ratio": 1,
            "account_receivable_turnover_ratio": null,
            "reinvestment_rate": 12.75,
            "research_to_sale_ratio": null,
            "price_fair": 4.96,
            "eps_avg_yearly": 1.65,
            "eps_latest_yearly": 0.16,
            "eps_growth_yearly": -158.68
        },
        "20033": {
            "year_quarter": 20033,
            "year": 2003,
            "quarter": 3,
            "eps": 0.04,
            "eps_growth_year": 0,
            "eps_4q": -2.11,
            "eps_4q_growth_year": -201.75,
            "roe": 0.21,
            "roe_4q": -10.21,
            "gross_profit": 1660012,
            "gross_margin": 30.36,
            "gross_margin_4q_avg": 26.77,
            "net_income": 46104,
            "revenue": 5468344,
            "common_shares": 12704467,
            "book_valuer_per_share": 17.03,
            "book_valuer_per_share_4q_avg": 18.98,
            "equity": 21640214,
            "current_ratio": 165.29,
            "debt_ratio": 29.25,
            "inventory_turnover_ratio": 1.23,
            "account_receivable_turnover_ratio": null,
            "reinvestment_rate": 12.89,
            "research_to_sale_ratio": null,
            "price_fair": 4.96,
            "eps_avg_yearly": 1.65,
            "eps_latest_yearly": 0.16,
            "eps_growth_yearly": -158.68
        },
        "20034": {
            "year_quarter": 20034,
            "year": 2003,
            "quarter": 4,
            "eps": 0.05,
            "eps_growth_year": null,
            "eps_4q": -1.28,
            "eps_4q_growth_year": -406.85,
            "roe": 0.29,
            "roe_4q": -7.03,
            "gross_profit": 1360653,
            "gross_margin": 26.97,
            "gross_margin_4q_avg": 27.03,
            "net_income": 64286,
            "revenue": 5044466,
            "common_shares": 12704467,
            "book_valuer_per_share": 17.05,
            "book_valuer_per_share_4q_avg": 18.13,
            "equity": 22362449,
            "current_ratio": 222.11,
            "debt_ratio": 29.99,
            "inventory_turnover_ratio": 1.05,
            "account_receivable_turnover_ratio": null,
            "reinvestment_rate": 16.44,
            "research_to_sale_ratio": null,
            "price_fair": 3.87,
            "eps_avg_yearly": 1.29,
            "eps_latest_yearly": 0.2,
            "eps_growth_yearly": -94.01
        },
        "20041": {
            "year_quarter": 20041,
            "year": 2004,
            "quarter": 1,
            "eps": 0.04,
            "eps_growth_year": null,
            "eps_4q": -0.74,
            "eps_4q_growth_year": null,
            "roe": 0.23,
            "roe_4q": -4.140000000000001,
            "gross_profit": 1416822,
            "gross_margin": 32.14,
            "gross_margin_4q_avg": 29.42,
            "net_income": 51218,
            "revenue": 4408874,
            "common_shares": 12704467,
            "book_valuer_per_share": 16.84,
            "book_valuer_per_share_4q_avg": 17.36,
            "equity": 21396836,
            "current_ratio": 165.49,
            "debt_ratio": 29.49,
            "inventory_turnover_ratio": 0.74,
            "account_receivable_turnover_ratio": null,
            "reinvestment_rate": 10.09,
            "research_to_sale_ratio": null,
            "price_fair": 3.19,
            "eps_avg_yearly": 1.06,
            "eps_latest_yearly": 0.16,
            "eps_growth_yearly": -91.21
        },
        "20042": {
            "year_quarter": 20042,
            "year": 2004,
            "quarter": 2,
            "eps": -1.26,
            "eps_growth_year": null,
            "eps_4q": -1.19,
            "eps_4q_growth_year": null,
            "roe": -8.19,
            "roe_4q": -7.459999999999999,
            "gross_profit": 1359452,
            "gross_margin": 30.31,
            "gross_margin_4q_avg": 29.95,
            "net_income": -1674729,
            "revenue": 4485412,
            "common_shares": 12704467,
            "book_valuer_per_share": 15.35,
            "book_valuer_per_share_4q_avg": 16.57,
            "equity": 19498272,
            "current_ratio": 155.52,
            "debt_ratio": 30.24,
            "inventory_turnover_ratio": 0.74,
            "account_receivable_turnover_ratio": null,
            "reinvestment_rate": 8.91,
            "research_to_sale_ratio": null,
            "price_fair": 3.19,
            "eps_avg_yearly": 1.06,
            "eps_latest_yearly": 0.16,
            "eps_growth_yearly": -91.21
        },
        "20043": {
            "year_quarter": 20043,
            "year": 2004,
            "quarter": 3,
            "eps": -0.04,
            "eps_growth_year": -200,
            "eps_4q": -1.27,
            "eps_4q_growth_year": null,
            "roe": -0.26,
            "roe_4q": -7.929999999999999,
            "gross_profit": 1499330,
            "gross_margin": 26.82,
            "gross_margin_4q_avg": 29.06,
            "net_income": -49947,
            "revenue": 5591080,
            "common_shares": 12704467,
            "book_valuer_per_share": 15.2,
            "book_valuer_per_share_4q_avg": 16.11,
            "equity": 19315924,
            "current_ratio": 244.1,
            "debt_ratio": 31.52,
            "inventory_turnover_ratio": 0.96,
            "account_receivable_turnover_ratio": null,
            "reinvestment_rate": 11.8,
            "research_to_sale_ratio": null,
            "price_fair": 3.19,
            "eps_avg_yearly": 1.06,
            "eps_latest_yearly": 0.16,
            "eps_growth_yearly": -91.21
        },
        "20044": {
            "year_quarter": 20044,
            "year": 2004,
            "quarter": 4,
            "eps": -2.55,
            "eps_growth_year": -5200,
            "eps_4q": -3.58,
            "eps_4q_growth_year": null,
            "roe": -18.78,
            "roe_4q": -27.000000000000004,
            "gross_profit": 1187893,
            "gross_margin": 23.93,
            "gross_margin_4q_avg": 28.3,
            "net_income": -3307694,
            "revenue": 4963985,
            "common_shares": 12704467,
            "book_valuer_per_share": 12.13,
            "book_valuer_per_share_4q_avg": 14.88,
            "equity": 15908683,
            "current_ratio": 233.02,
            "debt_ratio": 41.59,
            "inventory_turnover_ratio": 0.84,
            "account_receivable_turnover_ratio": null,
            "reinvestment_rate": null,
            "research_to_sale_ratio": null,
            "price_fair": 3.19,
            "eps_avg_yearly": 1.06,
            "eps_latest_yearly": 0.16,
            "eps_growth_yearly": -91.21
        },
        "20051": {
            "year_quarter": 20051,
            "year": 2005,
            "quarter": 1,
            "eps": 0.05,
            "eps_growth_year": 25,
            "eps_4q": -3.91,
            "eps_4q_growth_year": null,
            "roe": 0.41,
            "roe_4q": -26.82,
            "gross_profit": 811392,
            "gross_margin": 20.81,
            "gross_margin_4q_avg": 25.47,
            "net_income": 63498,
            "revenue": 3899426,
            "common_shares": 13333803,
            "book_valuer_per_share": 11.49,
            "book_valuer_per_share_4q_avg": 13.54,
            "equity": 15325094,
            "current_ratio": 269.95,
            "debt_ratio": 31.88,
            "inventory_turnover_ratio": 0.74,
            "account_receivable_turnover_ratio": null,
            "reinvestment_rate": null,
            "research_to_sale_ratio": null,
            "price_fair": 3.19,
            "eps_avg_yearly": 1.06,
            "eps_latest_yearly": 0.16,
            "eps_growth_yearly": -91.21
        },
        "20052": {
            "year_quarter": 20052,
            "year": 2005,
            "quarter": 2,
            "eps": -0.42,
            "eps_growth_year": null,
            "eps_4q": -2.87,
            "eps_4q_growth_year": null,
            "roe": -3.56,
            "roe_4q": -22.19,
            "gross_profit": 772120,
            "gross_margin": 21.11,
            "gross_margin_4q_avg": 23.17,
            "net_income": -536232,
            "revenue": 3658435,
            "common_shares": 13333803,
            "book_valuer_per_share": 11.1,
            "book_valuer_per_share_4q_avg": 12.48,
            "equity": 14794241,
            "current_ratio": 260.18,
            "debt_ratio": 32.83,
            "inventory_turnover_ratio": 0.85,
            "account_receivable_turnover_ratio": null,
            "reinvestment_rate": null,
            "research_to_sale_ratio": null,
            "price_fair": 3.19,
            "eps_avg_yearly": 1.06,
            "eps_latest_yearly": 0.16,
            "eps_growth_yearly": -91.21
        },
        "20053": {
            "year_quarter": 20053,
            "year": 2005,
            "quarter": 3,
            "eps": -0.13,
            "eps_growth_year": null,
            "eps_4q": -2.96,
            "eps_4q_growth_year": null,
            "roe": -1.12,
            "roe_4q": -23.05,
            "gross_profit": 1156161,
            "gross_margin": 23.59,
            "gross_margin_4q_avg": 22.36,
            "net_income": -166881,
            "revenue": 4900977,
            "common_shares": 13333803,
            "book_valuer_per_share": 11.17,
            "book_valuer_per_share_4q_avg": 11.47,
            "equity": 14897789,
            "current_ratio": 220.14,
            "debt_ratio": 37.02,
            "inventory_turnover_ratio": 1.12,
            "account_receivable_turnover_ratio": null,
            "reinvestment_rate": null,
            "research_to_sale_ratio": null,
            "price_fair": 3.19,
            "eps_avg_yearly": 1.06,
            "eps_latest_yearly": 0.16,
            "eps_growth_yearly": -91.21
        },
        "20054": {
            "year_quarter": 20054,
            "year": 2005,
            "quarter": 4,
            "eps": 0.6,
            "eps_growth_year": null,
            "eps_4q": 0.1,
            "eps_4q_growth_year": null,
            "roe": 4.96,
            "roe_4q": 0.6899999999999997,
            "gross_profit": 1934093,
            "gross_margin": 28.72,
            "gross_margin_4q_avg": 23.56,
            "net_income": 765480,
            "revenue": 6733725,
            "common_shares": 13333803,
            "book_valuer_per_share": 11.71,
            "book_valuer_per_share_4q_avg": 11.37,
            "equity": 15992873,
            "current_ratio": 213.77,
            "debt_ratio": 43.86,
            "inventory_turnover_ratio": 1.16,
            "account_receivable_turnover_ratio": null,
            "reinvestment_rate": null,
            "research_to_sale_ratio": null,
            "price_fair": 3.19,
            "eps_avg_yearly": 1.06,
            "eps_latest_yearly": 0.16,
            "eps_growth_yearly": -91.21
        },
        "20061": {
            "year_quarter": 20061,
            "year": 2006,
            "quarter": 1,
            "eps": 1.06,
            "eps_growth_year": 2020,
            "eps_4q": 1.11,
            "eps_4q_growth_year": null,
            "roe": 8.22,
            "roe_4q": 8.499999999999998,
            "gross_profit": 2132281,
            "gross_margin": 30.44,
            "gross_margin_4q_avg": 25.97,
            "net_income": 1357021,
            "revenue": 7005350,
            "common_shares": 13333803,
            "book_valuer_per_share": 12.78,
            "book_valuer_per_share_4q_avg": 11.69,
            "equity": 17041871,
            "current_ratio": 187.83,
            "debt_ratio": 42.82,
            "inventory_turnover_ratio": 0.95,
            "account_receivable_turnover_ratio": null,
            "reinvestment_rate": null,
            "research_to_sale_ratio": null,
            "price_fair": 2.98,
            "eps_avg_yearly": 0.99,
            "eps_latest_yearly": 4.24,
            "eps_growth_yearly": -27.19
        },
        "20062": {
            "year_quarter": 20062,
            "year": 2006,
            "quarter": 2,
            "eps": 0,
            "eps_growth_year": null,
            "eps_4q": 1.47,
            "eps_4q_growth_year": null,
            "roe": 0.02,
            "roe_4q": 12.079999999999998,
            "gross_profit": 1688259,
            "gross_margin": 28.17,
            "gross_margin_4q_avg": 27.73,
            "net_income": 3912,
            "revenue": 5994094,
            "common_shares": 13333803,
            "book_valuer_per_share": 12.81,
            "book_valuer_per_share_4q_avg": 12.12,
            "equity": 17079284,
            "current_ratio": 219.09,
            "debt_ratio": 37.93,
            "inventory_turnover_ratio": 0.81,
            "account_receivable_turnover_ratio": null,
            "reinvestment_rate": null,
            "research_to_sale_ratio": null,
            "price_fair": 41.65,
            "eps_avg_yearly": 1.19,
            "eps_latest_yearly": 4.24,
            "eps_growth_yearly": 61.67
        },
        "20063": {
            "year_quarter": 20063,
            "year": 2006,
            "quarter": 3,
            "eps": -0.5,
            "eps_growth_year": null,
            "eps_4q": 1.12,
            "eps_4q_growth_year": null,
            "roe": -3.84,
            "roe_4q": 9.36,
            "gross_profit": 880299,
            "gross_margin": 18.79,
            "gross_margin_4q_avg": 26.53,
            "net_income": -646755,
            "revenue": 4684686,
            "common_shares": 13253893,
            "book_valuer_per_share": 12.5,
            "book_valuer_per_share_4q_avg": 12.45,
            "equity": 16572433,
            "current_ratio": 269.47,
            "debt_ratio": 32.95,
            "inventory_turnover_ratio": 0.78,
            "account_receivable_turnover_ratio": null,
            "reinvestment_rate": null,
            "research_to_sale_ratio": null,
            "price_fair": 53.67,
            "eps_avg_yearly": 1.53,
            "eps_latest_yearly": 4.24,
            "eps_growth_yearly": 108.89
        },
        "20064": {
            "year_quarter": 20064,
            "year": 2006,
            "quarter": 4,
            "eps": -1.45,
            "eps_growth_year": -341.67,
            "eps_4q": -0.93,
            "eps_4q_growth_year": -1047.57,
            "roe": -11.87,
            "roe_4q": -7.469999999999999,
            "gross_profit": 726414,
            "gross_margin": 19.29,
            "gross_margin_4q_avg": 24.17,
            "net_income": -1869369,
            "revenue": 3765865,
            "common_shares": 13253893,
            "book_valuer_per_share": 11.06,
            "book_valuer_per_share_4q_avg": 12.29,
            "equity": 14923228,
            "current_ratio": 238.29,
            "debt_ratio": 42.76,
            "inventory_turnover_ratio": 0.68,
            "account_receivable_turnover_ratio": null,
            "reinvestment_rate": null,
            "research_to_sale_ratio": null,
            "price_fair": 53.67,
            "eps_avg_yearly": 1.53,
            "eps_latest_yearly": 4.24,
            "eps_growth_yearly": 108.89
        },
        "20071": {
            "year_quarter": 20071,
            "year": 2007,
            "quarter": 1,
            "eps": -0.81,
            "eps_growth_year": -176.42,
            "eps_4q": -2.76,
            "eps_4q_growth_year": -349.05,
            "roe": -7.28,
            "roe_4q": -22.97,
            "gross_profit": 843423,
            "gross_margin": 21.8,
            "gross_margin_4q_avg": 22.01,
            "net_income": -1042845,
            "revenue": 3869035,
            "common_shares": 13253893,
            "book_valuer_per_share": 10.35,
            "book_valuer_per_share_4q_avg": 11.68,
            "equity": 13721651,
            "current_ratio": 261.05,
            "debt_ratio": 36.18,
            "inventory_turnover_ratio": 0.78,
            "account_receivable_turnover_ratio": null,
            "reinvestment_rate": null,
            "research_to_sale_ratio": null,
            "price_fair": 53.67,
            "eps_avg_yearly": 1.53,
            "eps_latest_yearly": 4.24,
            "eps_growth_yearly": 108.89
        },
        "20072": {
            "year_quarter": 20072,
            "year": 2007,
            "quarter": 2,
            "eps": -0.48,
            "eps_growth_year": null,
            "eps_4q": -3.15,
            "eps_4q_growth_year": -314.3,
            "roe": -4.58,
            "roe_4q": -27.569999999999997,
            "gross_profit": 1052478,
            "gross_margin": 23.44,
            "gross_margin_4q_avg": 20.83,
            "net_income": -615212,
            "revenue": 4490435,
            "common_shares": 13253893,
            "book_valuer_per_share": 9.89,
            "book_valuer_per_share_4q_avg": 10.95,
            "equity": 13114544,
            "current_ratio": 224.63,
            "debt_ratio": 40.22,
            "inventory_turnover_ratio": 0.97,
            "account_receivable_turnover_ratio": null,
            "reinvestment_rate": null,
            "research_to_sale_ratio": null,
            "price_fair": 53.67,
            "eps_avg_yearly": 1.53,
            "eps_latest_yearly": 4.24,
            "eps_growth_yearly": 108.89
        },
        "20073": {
            "year_quarter": 20073,
            "year": 2007,
            "quarter": 3,
            "eps": -0.75,
            "eps_growth_year": null,
            "eps_4q": -3.44,
            "eps_4q_growth_year": -407.71,
            "roe": -7.68,
            "roe_4q": -31.409999999999997,
            "gross_profit": 759909,
            "gross_margin": 19.93,
            "gross_margin_4q_avg": 21.12,
            "net_income": -969884,
            "revenue": 3812510,
            "common_shares": 13091743,
            "book_valuer_per_share": 9.28,
            "book_valuer_per_share_4q_avg": 10.15,
            "equity": 12154348,
            "current_ratio": 263.8,
            "debt_ratio": 39.52,
            "inventory_turnover_ratio": 0.9,
            "account_receivable_turnover_ratio": null,
            "reinvestment_rate": null,
            "research_to_sale_ratio": null,
            "price_fair": 53.67,
            "eps_avg_yearly": 1.53,
            "eps_latest_yearly": 4.24,
            "eps_growth_yearly": 108.89
        },
        "20074": {
            "year_quarter": 20074,
            "year": 2007,
            "quarter": 4,
            "eps": -1.79,
            "eps_growth_year": null,
            "eps_4q": -3.82,
            "eps_4q_growth_year": null,
            "roe": -20.75,
            "roe_4q": -40.29,
            "gross_profit": 798659,
            "gross_margin": 31.92,
            "gross_margin_4q_avg": 24.27,
            "net_income": -2309728,
            "revenue": 2502223,
            "common_shares": 13092369,
            "book_valuer_per_share": 7.52,
            "book_valuer_per_share_4q_avg": 9.26,
            "equity": 10106614,
            "current_ratio": 201.18,
            "debt_ratio": 46.71,
            "inventory_turnover_ratio": 0.58,
            "account_receivable_turnover_ratio": null,
            "reinvestment_rate": null,
            "research_to_sale_ratio": null,
            "price_fair": 77,
            "eps_avg_yearly": 2.2,
            "eps_latest_yearly": 4.24,
            "eps_growth_yearly": 113.33
        },
        "20081": {
            "year_quarter": 20081,
            "year": 2008,
            "quarter": 1,
            "eps": -0.37,
            "eps_growth_year": null,
            "eps_4q": -3.42,
            "eps_4q_growth_year": null,
            "roe": -4.83,
            "roe_4q": -37.839999999999996,
            "gross_profit": 730397,
            "gross_margin": 26.01,
            "gross_margin_4q_avg": 25.33,
            "net_income": -473390,
            "revenue": 2807845,
            "common_shares": 13092369,
            "book_valuer_per_share": 7.06,
            "book_valuer_per_share_4q_avg": 8.44,
            "equity": 9484965,
            "current_ratio": 217.81,
            "debt_ratio": 44.98,
            "inventory_turnover_ratio": 0.97,
            "account_receivable_turnover_ratio": null,
            "reinvestment_rate": null,
            "research_to_sale_ratio": null,
            "price_fair": 148.4,
            "eps_avg_yearly": 4.24,
            "eps_latest_yearly": 4.24,
            "eps_growth_yearly": 306.67
        },
        "20082": {
            "year_quarter": 20082,
            "year": 2008,
            "quarter": 2,
            "eps": -0.56,
            "eps_growth_year": null,
            "eps_4q": -3.43,
            "eps_4q_growth_year": null,
            "roe": -7.78,
            "roe_4q": -41.04,
            "gross_profit": 674205,
            "gross_margin": 35.22,
            "gross_margin_4q_avg": 28.27,
            "net_income": -710415,
            "revenue": 1914099,
            "common_shares": 13089732,
            "book_valuer_per_share": 6.51,
            "book_valuer_per_share_4q_avg": 7.59,
            "equity": 8772723,
            "current_ratio": 209.03,
            "debt_ratio": 46.77,
            "inventory_turnover_ratio": 0.75,
            "account_receivable_turnover_ratio": null,
            "reinvestment_rate": null,
            "research_to_sale_ratio": null,
            "price_fair": 148.4,
            "eps_avg_yearly": 4.24,
            "eps_latest_yearly": 4.24,
            "eps_growth_yearly": 306.67
        },
        "20083": {
            "year_quarter": 20083,
            "year": 2008,
            "quarter": 3,
            "eps": -0.66,
            "eps_growth_year": null,
            "eps_4q": -3.34,
            "eps_4q_growth_year": null,
            "roe": -10.1,
            "roe_4q": -43.46,
            "gross_profit": 868421,
            "gross_margin": 43.38,
            "gross_margin_4q_avg": 34.13,
            "net_income": -848828,
            "revenue": 2001779,
            "common_shares": 13089732,
            "book_valuer_per_share": 5.94,
            "book_valuer_per_share_4q_avg": 6.76,
            "equity": 8041206,
            "current_ratio": 178.09,
            "debt_ratio": 51.63,
            "inventory_turnover_ratio": 0.69,
            "account_receivable_turnover_ratio": null,
            "reinvestment_rate": null,
            "research_to_sale_ratio": null,
            "price_fair": 148.4,
            "eps_avg_yearly": 4.24,
            "eps_latest_yearly": 4.24,
            "eps_growth_yearly": 306.67
        },
        "20084": {
            "year_quarter": 20084,
            "year": 2008,
            "quarter": 4,
            "eps": -1.51,
            "eps_growth_year": null,
            "eps_4q": -3.14,
            "eps_4q_growth_year": null,
            "roe": -27.42,
            "roe_4q": -50.13,
            "gross_profit": 361500,
            "gross_margin": 23.23,
            "gross_margin_4q_avg": 31.96,
            "net_income": -1944617,
            "revenue": 1556215,
            "common_shares": 12915172,
            "book_valuer_per_share": 4.55,
            "book_valuer_per_share_4q_avg": 6.02,
            "equity": 6145186,
            "current_ratio": 143.88,
            "debt_ratio": 53.76,
            "inventory_turnover_ratio": 0.88,
            "account_receivable_turnover_ratio": 4.69,
            "reinvestment_rate": null,
            "research_to_sale_ratio": null,
            "price_fair": 148.4,
            "eps_avg_yearly": 4.24,
            "eps_latest_yearly": 4.24,
            "eps_growth_yearly": 306.67
        },
        "20091": {
            "year_quarter": 20091,
            "year": 2009,
            "quarter": 1,
            "eps": -0.18,
            "eps_growth_year": null,
            "eps_4q": -2.91,
            "eps_4q_growth_year": null,
            "roe": -3.59,
            "roe_4q": -48.89,
            "gross_profit": 583600,
            "gross_margin": 44.26,
            "gross_margin_4q_avg": 36.52,
            "net_income": -217388,
            "revenue": 1318451,
            "common_shares": 12915172,
            "book_valuer_per_share": 4.41,
            "book_valuer_per_share_4q_avg": 5.35,
            "equity": 5974963,
            "current_ratio": 156.93,
            "debt_ratio": 53.13,
            "inventory_turnover_ratio": 0.75,
            "account_receivable_turnover_ratio": 2.09,
            "reinvestment_rate": null,
            "research_to_sale_ratio": null,
            "price_fair": 148.4,
            "eps_avg_yearly": 4.24,
            "eps_latest_yearly": 4.24,
            "eps_growth_yearly": 306.67
        },
        "20092": {
            "year_quarter": 20092,
            "year": 2009,
            "quarter": 2,
            "eps": -1.08,
            "eps_growth_year": null,
            "eps_4q": -2.79,
            "eps_4q_growth_year": null,
            "roe": -9.58,
            "roe_4q": -50.690000000000005,
            "gross_profit": 522633,
            "gross_margin": 42.67,
            "gross_margin_4q_avg": 38.39,
            "net_income": -545032,
            "revenue": 1224962,
            "common_shares": 12915172,
            "book_valuer_per_share": 3.95,
            "book_valuer_per_share_4q_avg": 4.71,
            "equity": 5398267,
            "current_ratio": 145.55,
            "debt_ratio": 55.95,
            "inventory_turnover_ratio": 0.8,
            "account_receivable_turnover_ratio": 2.04,
            "reinvestment_rate": null,
            "research_to_sale_ratio": null,
            "price_fair": 148.4,
            "eps_avg_yearly": 4.24,
            "eps_latest_yearly": 4.24,
            "eps_growth_yearly": 306.67
        },
        "20093": {
            "year_quarter": 20093,
            "year": 2009,
            "quarter": 3,
            "eps": -1.89,
            "eps_growth_year": null,
            "eps_4q": -7.19,
            "eps_4q_growth_year": null,
            "roe": -19.73,
            "roe_4q": -60.32000000000001,
            "gross_profit": 553971,
            "gross_margin": 42.29,
            "gross_margin_4q_avg": 38.11,
            "net_income": -968916,
            "revenue": 1310029,
            "common_shares": 5166069,
            "book_valuer_per_share": 7.98,
            "book_valuer_per_share_4q_avg": 5.22,
            "equity": 4422494,
            "current_ratio": 192.05,
            "debt_ratio": 61.99,
            "inventory_turnover_ratio": 0.94,
            "account_receivable_turnover_ratio": 2.01,
            "reinvestment_rate": null,
            "research_to_sale_ratio": null,
            "price_fair": 148.4,
            "eps_avg_yearly": 4.24,
            "eps_latest_yearly": 4.24,
            "eps_growth_yearly": 306.67
        },
        "20094": {
            "year_quarter": 20094,
            "year": 2009,
            "quarter": 4,
            "eps": -2.02,
            "eps_growth_year": null,
            "eps_4q": -4.13,
            "eps_4q_growth_year": null,
            "roe": -20.39,
            "roe_4q": -53.290000000000006,
            "gross_profit": 530480,
            "gross_margin": 41.19,
            "gross_margin_4q_avg": 42.6,
            "net_income": -1068367,
            "revenue": 1288005,
            "common_shares": 6866069,
            "book_valuer_per_share": 8.38,
            "book_valuer_per_share_4q_avg": 6.18,
            "equity": 6056647,
            "current_ratio": 144.66,
            "debt_ratio": 50.45,
            "inventory_turnover_ratio": 0.89,
            "account_receivable_turnover_ratio": 4.94,
            "reinvestment_rate": null,
            "research_to_sale_ratio": null,
            "price_fair": 148.4,
            "eps_avg_yearly": 4.24,
            "eps_latest_yearly": 4.24,
            "eps_growth_yearly": 306.67
        },
        "20101": {
            "year_quarter": 20101,
            "year": 2010,
            "quarter": 1,
            "eps": -1.16,
            "eps_growth_year": null,
            "eps_4q": -4.95,
            "eps_4q_growth_year": null,
            "roe": -13.94,
            "roe_4q": -63.64,
            "gross_profit": 575862,
            "gross_margin": 43.23,
            "gross_margin_4q_avg": 42.35,
            "net_income": -788304,
            "revenue": 1331970,
            "common_shares": 6866069,
            "book_valuer_per_share": 7.2,
            "book_valuer_per_share_4q_avg": 6.88,
            "equity": 5254520,
            "current_ratio": 129.29,
            "debt_ratio": 54.73,
            "inventory_turnover_ratio": 0.77,
            "account_receivable_turnover_ratio": 2.18,
            "reinvestment_rate": null,
            "research_to_sale_ratio": 52.02,
            "price_fair": 0,
            "eps_avg_yearly": 0,
            "eps_latest_yearly": 0,
            "eps_growth_yearly": 0
        },
        "20102": {
            "year_quarter": 20102,
            "year": 2010,
            "quarter": 2,
            "eps": -0.66,
            "eps_growth_year": null,
            "eps_4q": -3.54,
            "eps_4q_growth_year": null,
            "roe": -9.47,
            "roe_4q": -63.53,
            "gross_profit": 661420,
            "gross_margin": 46.32,
            "gross_margin_4q_avg": 43.26,
            "net_income": -641390,
            "revenue": 1427784,
            "common_shares": 9866069,
            "book_valuer_per_share": 8.11,
            "book_valuer_per_share_4q_avg": 7.92,
            "equity": 8285618,
            "current_ratio": 255.47,
            "debt_ratio": 42.55,
            "inventory_turnover_ratio": 0.73,
            "account_receivable_turnover_ratio": 2.18,
            "reinvestment_rate": null,
            "research_to_sale_ratio": 45.94,
            "price_fair": 0,
            "eps_avg_yearly": 0,
            "eps_latest_yearly": 0,
            "eps_growth_yearly": 0
        },
        "20103": {
            "year_quarter": 20103,
            "year": 2010,
            "quarter": 3,
            "eps": 0.59,
            "eps_growth_year": null,
            "eps_4q": -1.95,
            "eps_4q_growth_year": null,
            "roe": 6.96,
            "roe_4q": -36.84,
            "gross_profit": 605494,
            "gross_margin": 41.66,
            "gross_margin_4q_avg": 43.1,
            "net_income": 596971,
            "revenue": 1453389,
            "common_shares": 9866069,
            "book_valuer_per_share": 8.69,
            "book_valuer_per_share_4q_avg": 8.1,
            "equity": 8872863,
            "current_ratio": 223.03,
            "debt_ratio": 33.64,
            "inventory_turnover_ratio": 0.71,
            "account_receivable_turnover_ratio": 2.15,
            "reinvestment_rate": null,
            "research_to_sale_ratio": 39.98,
            "price_fair": 0,
            "eps_avg_yearly": 0,
            "eps_latest_yearly": 0,
            "eps_growth_yearly": 0
        },
        "20104": {
            "year_quarter": 20104,
            "year": 2010,
            "quarter": 4,
            "eps": 0.03,
            "eps_growth_year": null,
            "eps_4q": -0.84,
            "eps_4q_growth_year": null,
            "roe": 0.41,
            "roe_4q": -16.04,
            "gross_profit": 544655,
            "gross_margin": 35.86,
            "gross_margin_4q_avg": 41.77,
            "net_income": 36242,
            "revenue": 1519051,
            "common_shares": 9866069,
            "book_valuer_per_share": 8.68,
            "book_valuer_per_share_4q_avg": 8.17,
            "equity": 8869367,
            "current_ratio": 235.67,
            "debt_ratio": 32.93,
            "inventory_turnover_ratio": 0.75,
            "account_receivable_turnover_ratio": 2.45,
            "reinvestment_rate": null,
            "research_to_sale_ratio": 42.06,
            "price_fair": 0.36,
            "eps_avg_yearly": 0.12,
            "eps_latest_yearly": 0.12,
            "eps_growth_yearly": -379.66
        },
        "20111": {
            "year_quarter": 20111,
            "year": 2011,
            "quarter": 1,
            "eps": 0.34,
            "eps_growth_year": null,
            "eps_4q": 0.31,
            "eps_4q_growth_year": null,
            "roe": 3.76,
            "roe_4q": 1.6599999999999984,
            "gross_profit": 647407,
            "gross_margin": 43.46,
            "gross_margin_4q_avg": 41.83,
            "net_income": 340298,
            "revenue": 1489753,
            "common_shares": 9866069,
            "book_valuer_per_share": 9.04,
            "book_valuer_per_share_4q_avg": 8.63,
            "equity": 9223239,
            "current_ratio": 270.21,
            "debt_ratio": 32.43,
            "inventory_turnover_ratio": 0.62,
            "account_receivable_turnover_ratio": 2.83,
            "reinvestment_rate": null,
            "research_to_sale_ratio": 45.93,
            "price_fair": 25.9,
            "eps_avg_yearly": 0.74,
            "eps_latest_yearly": 1.36,
            "eps_growth_yearly": 1876.84
        },
        "20112": {
            "year_quarter": 20112,
            "year": 2011,
            "quarter": 2,
            "eps": -1.5,
            "eps_growth_year": null,
            "eps_4q": -0.53,
            "eps_4q_growth_year": null,
            "roe": -17.37,
            "roe_4q": -6.240000000000001,
            "gross_profit": 565827,
            "gross_margin": 42.69,
            "gross_margin_4q_avg": 40.92,
            "net_income": -1470520,
            "revenue": 1325529,
            "common_shares": 9866069,
            "book_valuer_per_share": 7.52,
            "book_valuer_per_share_4q_avg": 8.48,
            "equity": 7709390,
            "current_ratio": 279.51,
            "debt_ratio": 39.87,
            "inventory_turnover_ratio": 0.54,
            "account_receivable_turnover_ratio": 2.57,
            "reinvestment_rate": null,
            "research_to_sale_ratio": 45.91,
            "price_fair": 25.9,
            "eps_avg_yearly": 0.74,
            "eps_latest_yearly": 1.36,
            "eps_growth_yearly": 1876.84
        },
        "20113": {
            "year_quarter": 20113,
            "year": 2011,
            "quarter": 3,
            "eps": -1.53,
            "eps_growth_year": -357.72,
            "eps_4q": -2.66,
            "eps_4q_growth_year": null,
            "roe": -21.62,
            "roe_4q": -34.82000000000001,
            "gross_profit": 438660,
            "gross_margin": 33.36,
            "gross_margin_4q_avg": 38.84,
            "net_income": -1511317,
            "revenue": 1314984,
            "common_shares": 9866069,
            "book_valuer_per_share": 6.06,
            "book_valuer_per_share_4q_avg": 7.83,
            "equity": 6270904,
            "current_ratio": 166.22,
            "debt_ratio": 44.52,
            "inventory_turnover_ratio": 0.65,
            "account_receivable_turnover_ratio": 2.93,
            "reinvestment_rate": null,
            "research_to_sale_ratio": 42.79,
            "price_fair": 25.9,
            "eps_avg_yearly": 0.74,
            "eps_latest_yearly": 1.36,
            "eps_growth_yearly": 1876.84
        },
        "20114": {
            "year_quarter": 20114,
            "year": 2011,
            "quarter": 4,
            "eps": -0.79,
            "eps_growth_year": -2636.67,
            "eps_4q": -3.48,
            "eps_4q_growth_year": null,
            "roe": -10.21,
            "roe_4q": -45.440000000000005,
            "gross_profit": 461415,
            "gross_margin": 37.8,
            "gross_margin_4q_avg": 39.33,
            "net_income": -777463,
            "revenue": 1220783,
            "common_shares": 9866069,
            "book_valuer_per_share": 8.76,
            "book_valuer_per_share_4q_avg": 7.85,
            "equity": 8959366,
            "current_ratio": 264.58,
            "debt_ratio": 33.71,
            "inventory_turnover_ratio": 0.59,
            "account_receivable_turnover_ratio": 3.08,
            "reinvestment_rate": null,
            "research_to_sale_ratio": 61.52,
            "price_fair": 25.9,
            "eps_avg_yearly": 0.74,
            "eps_latest_yearly": 1.36,
            "eps_growth_yearly": 1876.84
        },
        "20121": {
            "year_quarter": 20121,
            "year": 2012,
            "quarter": 1,
            "eps": -0.12,
            "eps_growth_year": -135.29,
            "eps_4q": -3.94,
            "eps_4q_growth_year": -1376.57,
            "roe": -0.96,
            "roe_4q": -50.16000000000001,
            "gross_profit": 447005,
            "gross_margin": 35.33,
            "gross_margin_4q_avg": 37.3,
            "net_income": -84143,
            "revenue": 1265166,
            "common_shares": 9866069,
            "book_valuer_per_share": 8.44,
            "book_valuer_per_share_4q_avg": 7.7,
            "equity": 8650577,
            "current_ratio": 264.45,
            "debt_ratio": 29.26,
            "inventory_turnover_ratio": 0.72,
            "account_receivable_turnover_ratio": 3.15,
            "reinvestment_rate": null,
            "research_to_sale_ratio": 55.54,
            "price_fair": 25.9,
            "eps_avg_yearly": 0.74,
            "eps_latest_yearly": 1.36,
            "eps_growth_yearly": 1876.84
        },
        "20122": {
            "year_quarter": 20122,
            "year": 2012,
            "quarter": 2,
            "eps": -1.77,
            "eps_growth_year": null,
            "eps_4q": -4.21,
            "eps_4q_growth_year": null,
            "roe": -22.4,
            "roe_4q": -55.19,
            "gross_profit": 296052,
            "gross_margin": 30.02,
            "gross_margin_4q_avg": 34.13,
            "net_income": -1743470,
            "revenue": 986270,
            "common_shares": 9866069,
            "book_valuer_per_share": 6.69,
            "book_valuer_per_share_4q_avg": 7.49,
            "equity": 6915307,
            "current_ratio": 233.75,
            "debt_ratio": 39.05,
            "inventory_turnover_ratio": 0.71,
            "account_receivable_turnover_ratio": 2.6,
            "reinvestment_rate": null,
            "research_to_sale_ratio": 72.95,
            "price_fair": 25.9,
            "eps_avg_yearly": 0.74,
            "eps_latest_yearly": 1.36,
            "eps_growth_yearly": 1876.84
        },
        "20123": {
            "year_quarter": 20123,
            "year": 2012,
            "quarter": 3,
            "eps": -2.38,
            "eps_growth_year": null,
            "eps_4q": -7.73,
            "eps_4q_growth_year": null,
            "roe": -18.61,
            "roe_4q": -52.18,
            "gross_profit": 332870,
            "gross_margin": 29.59,
            "gross_margin_4q_avg": 33.19,
            "net_income": -1173880,
            "revenue": 1124816,
            "common_shares": 4933034,
            "book_valuer_per_share": 10.93,
            "book_valuer_per_share_4q_avg": 8.71,
            "equity": 5702485,
            "current_ratio": 192.49,
            "debt_ratio": 44.24,
            "inventory_turnover_ratio": 0.81,
            "account_receivable_turnover_ratio": 3.54,
            "reinvestment_rate": null,
            "research_to_sale_ratio": 65.23,
            "price_fair": 25.9,
            "eps_avg_yearly": 0.74,
            "eps_latest_yearly": 1.36,
            "eps_growth_yearly": 1876.84
        },
        "20124": {
            "year_quarter": 20124,
            "year": 2012,
            "quarter": 4,
            "eps": -2.1,
            "eps_growth_year": null,
            "eps_4q": -8.26,
            "eps_4q_growth_year": null,
            "roe": -20.09,
            "roe_4q": -62.06,
            "gross_profit": 426927,
            "gross_margin": 39.29,
            "gross_margin_4q_avg": 33.56,
            "net_income": -1040680,
            "revenue": 1086604,
            "common_shares": 4933034,
            "book_valuer_per_share": 8.81,
            "book_valuer_per_share_4q_avg": 8.72,
            "equity": 4655857,
            "current_ratio": 142.16,
            "debt_ratio": 50.27,
            "inventory_turnover_ratio": 0.74,
            "account_receivable_turnover_ratio": 3.55,
            "reinvestment_rate": null,
            "research_to_sale_ratio": 80.09,
            "price_fair": 25.9,
            "eps_avg_yearly": 0.74,
            "eps_latest_yearly": 1.36,
            "eps_growth_yearly": 1876.84
        },
        "20131": {
            "year_quarter": 20131,
            "year": 2013,
            "quarter": 1,
            "eps": -2.53,
            "eps_growth_year": null,
            "eps_4q": -10.54,
            "eps_4q_growth_year": null,
            "roe": -30.84,
            "roe_4q": -91.94,
            "gross_profit": 319199,
            "gross_margin": 32.66,
            "gross_margin_4q_avg": 32.89,
            "net_income": -1248477,
            "revenue": 977225,
            "common_shares": 4933034,
            "book_valuer_per_share": 6.36,
            "book_valuer_per_share_4q_avg": 8.2,
            "equity": 3440663,
            "current_ratio": 110.54,
            "debt_ratio": 60.43,
            "inventory_turnover_ratio": 0.84,
            "account_receivable_turnover_ratio": 3.11,
            "reinvestment_rate": null,
            "research_to_sale_ratio": 79.96,
            "price_fair": 25.9,
            "eps_avg_yearly": 0.74,
            "eps_latest_yearly": 1.36,
            "eps_growth_yearly": 1876.84
        },
        "20132": {
            "year_quarter": 20132,
            "year": 2013,
            "quarter": 2,
            "eps": 0.43,
            "eps_growth_year": null,
            "eps_4q": -6.58,
            "eps_4q_growth_year": null,
            "roe": 5.95,
            "roe_4q": -63.59,
            "gross_profit": 514462,
            "gross_margin": 34.74,
            "gross_margin_4q_avg": 34.07,
            "net_income": 211173,
            "revenue": 1480783,
            "common_shares": 4933034,
            "book_valuer_per_share": 6.86,
            "book_valuer_per_share_4q_avg": 8.24,
            "equity": 3659877,
            "current_ratio": 140.16,
            "debt_ratio": 61.05,
            "inventory_turnover_ratio": 1.24,
            "account_receivable_turnover_ratio": 2.33,
            "reinvestment_rate": null,
            "research_to_sale_ratio": 35.14,
            "price_fair": 25.9,
            "eps_avg_yearly": 0.74,
            "eps_latest_yearly": 1.36,
            "eps_growth_yearly": 1876.84
        },
        "20133": {
            "year_quarter": 20133,
            "year": 2013,
            "quarter": 3,
            "eps": -0.29,
            "eps_growth_year": null,
            "eps_4q": -4.49,
            "eps_4q_growth_year": null,
            "roe": -4.14,
            "roe_4q": -49.120000000000005,
            "gross_profit": 492715,
            "gross_margin": 28.41,
            "gross_margin_4q_avg": 33.78,
            "net_income": -147613,
            "revenue": 1734204,
            "common_shares": 4933034,
            "book_valuer_per_share": 6.49,
            "book_valuer_per_share_4q_avg": 7.13,
            "equity": 3474908,
            "current_ratio": 138.01,
            "debt_ratio": 65.13,
            "inventory_turnover_ratio": 1.3,
            "account_receivable_turnover_ratio": 1.6,
            "reinvestment_rate": null,
            "research_to_sale_ratio": 18.37,
            "price_fair": 25.9,
            "eps_avg_yearly": 0.74,
            "eps_latest_yearly": 1.36,
            "eps_growth_yearly": 1876.84
        },
        "20134": {
            "year_quarter": 20134,
            "year": 2013,
            "quarter": 4,
            "eps": -0.18,
            "eps_growth_year": null,
            "eps_4q": -2.57,
            "eps_4q_growth_year": null,
            "roe": -2.59,
            "roe_4q": -31.619999999999997,
            "gross_profit": 600891,
            "gross_margin": 31.75,
            "gross_margin_4q_avg": 31.89,
            "net_income": -89179,
            "revenue": 1892581,
            "common_shares": 4933034,
            "book_valuer_per_share": 6.36,
            "book_valuer_per_share_4q_avg": 6.52,
            "equity": 3410192,
            "current_ratio": 100.58,
            "debt_ratio": 66.63,
            "inventory_turnover_ratio": 1.26,
            "account_receivable_turnover_ratio": 1.94,
            "reinvestment_rate": null,
            "research_to_sale_ratio": 19.18,
            "price_fair": 25.9,
            "eps_avg_yearly": 0.74,
            "eps_latest_yearly": 1.36,
            "eps_growth_yearly": 1876.84
        },
        "20141": {
            "year_quarter": 20141,
            "year": 2014,
            "quarter": 1,
            "eps": -0.85,
            "eps_growth_year": null,
            "eps_4q": -0.89,
            "eps_4q_growth_year": null,
            "roe": -13.13,
            "roe_4q": -13.91,
            "gross_profit": 484017,
            "gross_margin": 28.71,
            "gross_margin_4q_avg": 30.9,
            "net_income": -422385,
            "revenue": 1685863,
            "common_shares": 4933034,
            "book_valuer_per_share": 5.58,
            "book_valuer_per_share_4q_avg": 6.32,
            "equity": 3023311,
            "current_ratio": 102.58,
            "debt_ratio": 71.21,
            "inventory_turnover_ratio": 1.35,
            "account_receivable_turnover_ratio": 1.89,
            "reinvestment_rate": null,
            "research_to_sale_ratio": 18.39,
            "price_fair": 25.9,
            "eps_avg_yearly": 0.74,
            "eps_latest_yearly": 1.36,
            "eps_growth_yearly": 1876.84
        },
        "20142": {
            "year_quarter": 20142,
            "year": 2014,
            "quarter": 2,
            "eps": -0.15,
            "eps_growth_year": -134.88,
            "eps_4q": -1.47,
            "eps_4q_growth_year": null,
            "roe": -2.62,
            "roe_4q": -22.48,
            "gross_profit": 708854,
            "gross_margin": 34.93,
            "gross_margin_4q_avg": 30.95,
            "net_income": -77506,
            "revenue": 2029386,
            "common_shares": 4933034,
            "book_valuer_per_share": 5.32,
            "book_valuer_per_share_4q_avg": 5.94,
            "equity": 2891277,
            "current_ratio": 101.7,
            "debt_ratio": 70.49,
            "inventory_turnover_ratio": 1.63,
            "account_receivable_turnover_ratio": 2.5,
            "reinvestment_rate": null,
            "research_to_sale_ratio": 14.39,
            "price_fair": 25.9,
            "eps_avg_yearly": 0.74,
            "eps_latest_yearly": 1.36,
            "eps_growth_yearly": 1876.84
        },
        "20143": {
            "year_quarter": 20143,
            "year": 2014,
            "quarter": 3,
            "eps": -0.76,
            "eps_growth_year": null,
            "eps_4q": -1.94,
            "eps_4q_growth_year": null,
            "roe": -14.18,
            "roe_4q": -32.519999999999996,
            "gross_profit": 345845,
            "gross_margin": 25.44,
            "gross_margin_4q_avg": 30.21,
            "net_income": -383637,
            "revenue": 1359527,
            "common_shares": 4933034,
            "book_valuer_per_share": 4.58,
            "book_valuer_per_share_4q_avg": 5.46,
            "equity": 2519802,
            "current_ratio": 103.66,
            "debt_ratio": 73.3,
            "inventory_turnover_ratio": 1.35,
            "account_receivable_turnover_ratio": 2.86,
            "reinvestment_rate": null,
            "research_to_sale_ratio": 25.9,
            "price_fair": 25.9,
            "eps_avg_yearly": 0.74,
            "eps_latest_yearly": 1.36,
            "eps_growth_yearly": 1876.84
        },
        "20144": {
            "year_quarter": 20144,
            "year": 2014,
            "quarter": 4,
            "eps": -1.42,
            "eps_growth_year": null,
            "eps_4q": -3.18,
            "eps_4q_growth_year": null,
            "roe": -32.82,
            "roe_4q": -62.75,
            "gross_profit": 206474,
            "gross_margin": 14.38,
            "gross_margin_4q_avg": 25.87,
            "net_income": -716527,
            "revenue": 1436330,
            "common_shares": 4933034,
            "book_valuer_per_share": 3.25,
            "book_valuer_per_share_4q_avg": 4.68,
            "equity": 1846614,
            "current_ratio": 88.88,
            "debt_ratio": 80.22,
            "inventory_turnover_ratio": 1.91,
            "account_receivable_turnover_ratio": 3.7,
            "reinvestment_rate": null,
            "research_to_sale_ratio": 24.18,
            "price_fair": 47.6,
            "eps_avg_yearly": 1.36,
            "eps_latest_yearly": 1.36,
            "eps_growth_yearly": 4133.33
        },
        "20151": {
            "year_quarter": 20151,
            "year": 2015,
            "quarter": 1,
            "eps": -0.76,
            "eps_growth_year": null,
            "eps_4q": -3.09,
            "eps_4q_growth_year": null,
            "roe": -22.91,
            "roe_4q": -72.53,
            "gross_profit": 294189,
            "gross_margin": 25.95,
            "gross_margin_4q_avg": 25.18,
            "net_income": -378569,
            "revenue": 1133715,
            "common_shares": 4933034,
            "book_valuer_per_share": 2.47,
            "book_valuer_per_share_4q_avg": 3.91,
            "equity": 1458812,
            "current_ratio": 76.26,
            "debt_ratio": 83.45,
            "inventory_turnover_ratio": 1.63,
            "account_receivable_turnover_ratio": 3.44,
            "reinvestment_rate": null,
            "research_to_sale_ratio": 30.23,
            "price_fair": 0,
            "eps_avg_yearly": 0,
            "eps_latest_yearly": 0,
            "eps_growth_yearly": 0
        },
        "20152": {
            "year_quarter": 20152,
            "year": 2015,
            "quarter": 2,
            "eps": -0.16,
            "eps_growth_year": null,
            "eps_4q": -3.1,
            "eps_4q_growth_year": null,
            "roe": -6.07,
            "roe_4q": -75.97999999999999,
            "gross_profit": 268310,
            "gross_margin": 24.91,
            "gross_margin_4q_avg": 22.67,
            "net_income": -85465,
            "revenue": 1077185,
            "common_shares": 4933034,
            "book_valuer_per_share": 2.27,
            "book_valuer_per_share_4q_avg": 3.14,
            "equity": 1355156,
            "current_ratio": 81.42,
            "debt_ratio": 82.39,
            "inventory_turnover_ratio": 1.7,
            "account_receivable_turnover_ratio": 4.4,
            "reinvestment_rate": null,
            "research_to_sale_ratio": 29.67,
            "price_fair": 0,
            "eps_avg_yearly": 0,
            "eps_latest_yearly": 0,
            "eps_growth_yearly": 0
        },
        "20153": {
            "year_quarter": 20153,
            "year": 2015,
            "quarter": 3,
            "eps": 3.47,
            "eps_growth_year": null,
            "eps_4q": 1.13,
            "eps_4q_growth_year": null,
            "roe": 74.1,
            "roe_4q": 12.300000000000004,
            "gross_profit": 338605,
            "gross_margin": 28.4,
            "gross_margin_4q_avg": 23.41,
            "net_income": 1704119,
            "revenue": 1192164,
            "common_shares": 4933034,
            "book_valuer_per_share": 6.11,
            "book_valuer_per_share_4q_avg": 3.53,
            "equity": 3244196,
            "current_ratio": 72.45,
            "debt_ratio": 66.84,
            "inventory_turnover_ratio": 1.95,
            "account_receivable_turnover_ratio": 4.89,
            "reinvestment_rate": null,
            "research_to_sale_ratio": 34.56,
            "price_fair": 0,
            "eps_avg_yearly": 0,
            "eps_latest_yearly": 0,
            "eps_growth_yearly": 0
        },
        "20154": {
            "year_quarter": 20154,
            "year": 2015,
            "quarter": 4,
            "eps": -0.83,
            "eps_growth_year": null,
            "eps_4q": 1.72,
            "eps_4q_growth_year": null,
            "roe": -14.01,
            "roe_4q": 31.109999999999996,
            "gross_profit": 380457,
            "gross_margin": 28.73,
            "gross_margin_4q_avg": 27,
            "net_income": -416619,
            "revenue": 1324252,
            "common_shares": 4933034,
            "book_valuer_per_share": 5.03,
            "book_valuer_per_share_4q_avg": 3.97,
            "equity": 2702435,
            "current_ratio": 95.72,
            "debt_ratio": 70.19,
            "inventory_turnover_ratio": 2.34,
            "account_receivable_turnover_ratio": 4.65,
            "reinvestment_rate": null,
            "research_to_sale_ratio": 28.45,
            "price_fair": 0,
            "eps_avg_yearly": 0,
            "eps_latest_yearly": 0,
            "eps_growth_yearly": 0
        },
        "20161": {
            "year_quarter": 20161,
            "year": 2016,
            "quarter": 1,
            "eps": 0.12,
            "eps_growth_year": null,
            "eps_4q": 2.6,
            "eps_4q_growth_year": null,
            "roe": 2.2,
            "roe_4q": 56.21999999999999,
            "gross_profit": 312713,
            "gross_margin": 26.3,
            "gross_margin_4q_avg": 27.09,
            "net_income": 59372,
            "revenue": 1189150,
            "common_shares": 4933034,
            "book_valuer_per_share": 5.01,
            "book_valuer_per_share_4q_avg": 4.61,
            "equity": 2689325,
            "current_ratio": 87.46,
            "debt_ratio": 70.77,
            "inventory_turnover_ratio": 2.13,
            "account_receivable_turnover_ratio": 4.05,
            "reinvestment_rate": null,
            "research_to_sale_ratio": 26.63,
            "price_fair": 0,
            "eps_avg_yearly": 0,
            "eps_latest_yearly": 0,
            "eps_growth_yearly": 0
        },
        "20162": {
            "year_quarter": 20162,
            "year": 2016,
            "quarter": 2,
            "eps": 0.13,
            "eps_growth_year": null,
            "eps_4q": 2.89,
            "eps_4q_growth_year": null,
            "roe": 1.69,
            "roe_4q": 63.98,
            "gross_profit": 338548,
            "gross_margin": 27.8,
            "gross_margin_4q_avg": 27.81,
            "net_income": 56274,
            "revenue": 1217631,
            "common_shares": 4933034,
            "book_valuer_per_share": 7.58,
            "book_valuer_per_share_4q_avg": 5.93,
            "equity": 3951248,
            "current_ratio": 151.67,
            "debt_ratio": 57.4,
            "inventory_turnover_ratio": 2.23,
            "account_receivable_turnover_ratio": 4.25,
            "reinvestment_rate": null,
            "research_to_sale_ratio": 25.25,
            "price_fair": 18.2,
            "eps_avg_yearly": 0.52,
            "eps_latest_yearly": 0.52,
            "eps_growth_yearly": 33.33
        },
        "20163": {
            "year_quarter": 20163,
            "year": 2016,
            "quarter": 3,
            "eps": 0.07,
            "eps_growth_year": -97.98,
            "eps_4q": -0.51,
            "eps_4q_growth_year": -144.95,
            "roe": 0.75,
            "roe_4q": -9.37,
            "gross_profit": 353294,
            "gross_margin": 31.81,
            "gross_margin_4q_avg": 28.66,
            "net_income": 29145,
            "revenue": 1110540,
            "common_shares": 4933034,
            "book_valuer_per_share": 7.39,
            "book_valuer_per_share_4q_avg": 6.25,
            "equity": 3851189,
            "current_ratio": 157.73,
            "debt_ratio": 59.28,
            "inventory_turnover_ratio": 2.08,
            "account_receivable_turnover_ratio": 3.55,
            "reinvestment_rate": null,
            "research_to_sale_ratio": 33.17,
            "price_fair": 1.2,
            "eps_avg_yearly": 0.4,
            "eps_latest_yearly": 0.28,
            "eps_growth_yearly": -75.64
        },
        "20164": {
            "year_quarter": 20164,
            "year": 2016,
            "quarter": 4,
            "eps": 0.06,
            "eps_growth_year": null,
            "eps_4q": 0.38,
            "eps_4q_growth_year": -78.21,
            "roe": 0.53,
            "roe_4q": 5.17,
            "gross_profit": 439398,
            "gross_margin": 31.2,
            "gross_margin_4q_avg": 29.28,
            "net_income": 20621,
            "revenue": 1408522,
            "common_shares": 4933034,
            "book_valuer_per_share": 7.42,
            "book_valuer_per_share_4q_avg": 6.85,
            "equity": 3859082,
            "current_ratio": 128.19,
            "debt_ratio": 60.65,
            "inventory_turnover_ratio": 2.45,
            "account_receivable_turnover_ratio": 4.34,
            "reinvestment_rate": null,
            "research_to_sale_ratio": 27.28,
            "price_fair": 1.04,
            "eps_avg_yearly": 0.35,
            "eps_latest_yearly": 0.24,
            "eps_growth_yearly": -69.47
        },
        "20171": {
            "year_quarter": 20171,
            "year": 2017,
            "quarter": 1,
            "eps": 0.04,
            "eps_growth_year": -66.67,
            "eps_4q": 0.29,
            "eps_4q_growth_year": -88.8,
            "roe": 0.37,
            "roe_4q": 3.34,
            "gross_profit": 288717,
            "gross_margin": 27.11,
            "gross_margin_4q_avg": 29.48,
            "net_income": 13833,
            "revenue": 1064889,
            "common_shares": 4933034,
            "book_valuer_per_share": 6.98,
            "book_valuer_per_share_4q_avg": 7.34,
            "equity": 3634956,
            "current_ratio": 138.19,
            "debt_ratio": 60.41,
            "inventory_turnover_ratio": 1.83,
            "account_receivable_turnover_ratio": 3.48,
            "reinvestment_rate": null,
            "research_to_sale_ratio": 32.46,
            "price_fair": 0.9,
            "eps_avg_yearly": 0.3,
            "eps_latest_yearly": 0.16,
            "eps_growth_yearly": -85.44
        },
        "20172": {
            "year_quarter": 20172,
            "year": 2017,
            "quarter": 2,
            "eps": 0.03,
            "eps_growth_year": -76.92,
            "eps_4q": 0.19,
            "eps_4q_growth_year": -93.41,
            "roe": 0.32,
            "roe_4q": 1.97,
            "gross_profit": 342158,
            "gross_margin": 27.94,
            "gross_margin_4q_avg": 29.52,
            "net_income": 11867,
            "revenue": 1224445,
            "common_shares": 4933034,
            "book_valuer_per_share": 7.07,
            "book_valuer_per_share_4q_avg": 7.22,
            "equity": 3681622,
            "current_ratio": 117.03,
            "debt_ratio": 57.01,
            "inventory_turnover_ratio": 2.02,
            "account_receivable_turnover_ratio": 3.62,
            "reinvestment_rate": null,
            "research_to_sale_ratio": 25.3,
            "price_fair": 0.79,
            "eps_avg_yearly": 0.26,
            "eps_latest_yearly": 0.12,
            "eps_growth_yearly": -88.35
        },
        "20173": {
            "year_quarter": 20173,
            "year": 2017,
            "quarter": 3,
            "eps": 0.04,
            "eps_growth_year": -42.86,
            "eps_4q": 0.16,
            "eps_4q_growth_year": null,
            "roe": 0.38,
            "roe_4q": 1.5999999999999999,
            "gross_profit": 283083,
            "gross_margin": 25.79,
            "gross_margin_4q_avg": 28.01,
            "net_income": 14234,
            "revenue": 1097559,
            "common_shares": 4933034,
            "book_valuer_per_share": 7.16,
            "book_valuer_per_share_4q_avg": 7.16,
            "equity": 3719408,
            "current_ratio": 111.2,
            "debt_ratio": 53.34,
            "inventory_turnover_ratio": 1.81,
            "account_receivable_turnover_ratio": 3.26,
            "reinvestment_rate": null,
            "research_to_sale_ratio": 30.24,
            "price_fair": 0.74,
            "eps_avg_yearly": 0.25,
            "eps_latest_yearly": 0.16,
            "eps_growth_yearly": -51.4
        },
        "20174": {
            "year_quarter": 20174,
            "year": 2017,
            "quarter": 4,
            "eps": 0,
            "eps_growth_year": -94.34,
            "eps_4q": 0.1,
            "eps_4q_growth_year": -72.98,
            "roe": -0.09,
            "roe_4q": 0.9800000000000001,
            "gross_profit": 388029,
            "gross_margin": 34.49,
            "gross_margin_4q_avg": 28.83,
            "net_income": -3424,
            "revenue": 1124975,
            "common_shares": 4933034,
            "book_valuer_per_share": 7.07,
            "book_valuer_per_share_4q_avg": 7.07,
            "equity": 3800836,
            "current_ratio": 215.85,
            "debt_ratio": 52.41,
            "inventory_turnover_ratio": 1.41,
            "account_receivable_turnover_ratio": 4.2,
            "reinvestment_rate": null,
            "research_to_sale_ratio": 28.82,
            "price_fair": 0.74,
            "eps_avg_yearly": 0.25,
            "eps_latest_yearly": 0.16,
            "eps_growth_yearly": -51.4
        },
        "20181": {
            "year_quarter": 20181,
            "year": 2018,
            "quarter": 1,
            "eps": 0.06,
            "eps_growth_year": 50,
            "eps_4q": 0.12,
            "eps_4q_growth_year": -58.41,
            "roe": 0.84,
            "roe_4q": 1.45,
            "gross_profit": 260584,
            "gross_margin": 25.29,
            "gross_margin_4q_avg": 28.38,
            "net_income": 32199,
            "revenue": 1030442,
            "common_shares": 4933034,
            "book_valuer_per_share": 7.2,
            "book_valuer_per_share_4q_avg": 7.13,
            "equity": 3870137,
            "current_ratio": 258.42,
            "debt_ratio": 52.5,
            "inventory_turnover_ratio": 1.28,
            "account_receivable_turnover_ratio": 4.01,
            "reinvestment_rate": null,
            "research_to_sale_ratio": 34.13,
            "price_fair": 0.74,
            "eps_avg_yearly": 0.25,
            "eps_latest_yearly": 0.16,
            "eps_growth_yearly": -51.4
        },
        "20182": {
            "year_quarter": 20182,
            "year": 2018,
            "quarter": 2,
            "eps": 0.04,
            "eps_growth_year": 33.33,
            "eps_4q": 0.13,
            "eps_4q_growth_year": -31.03,
            "roe": 0.53,
            "roe_4q": 1.6600000000000001,
            "gross_profit": 286553,
            "gross_margin": 25.47,
            "gross_margin_4q_avg": 27.76,
            "net_income": 20878,
            "revenue": 1124857,
            "common_shares": 4933034,
            "book_valuer_per_share": 7.35,
            "book_valuer_per_share_4q_avg": 7.2,
            "equity": 3949971,
            "current_ratio": 231.01,
            "debt_ratio": 54.29,
            "inventory_turnover_ratio": 1.28,
            "account_receivable_turnover_ratio": 3.64,
            "reinvestment_rate": -2804.26,
            "research_to_sale_ratio": 31.37,
            "price_fair": 0.7,
            "eps_avg_yearly": 0.23,
            "eps_latest_yearly": 0.16,
            "eps_growth_yearly": -63.11
        },
        "20183": {
            "year_quarter": 20183,
            "year": 2018,
            "quarter": 3,
            "eps": 0.03,
            "eps_growth_year": -25,
            "eps_4q": 0.12,
            "eps_4q_growth_year": -22.91,
            "roe": 0.39,
            "roe_4q": 1.67,
            "gross_profit": 378127,
            "gross_margin": 29.51,
            "gross_margin_4q_avg": 28.69,
            "net_income": 15258,
            "revenue": 1281523,
            "common_shares": 4933034,
            "book_valuer_per_share": 7.23,
            "book_valuer_per_share_4q_avg": 7.21,
            "equity": 3893205,
            "current_ratio": 214.82,
            "debt_ratio": 54.16,
            "inventory_turnover_ratio": 1.33,
            "account_receivable_turnover_ratio": 3.69,
            "reinvestment_rate": -337.67,
            "research_to_sale_ratio": 22.17,
            "price_fair": 0.66,
            "eps_avg_yearly": 0.22,
            "eps_latest_yearly": 0.12,
            "eps_growth_yearly": -67.72
        },
        "20184": {
            "year_quarter": 20184,
            "year": 2018,
            "quarter": 4,
            "eps": 0.02,
            "eps_growth_year": 571.38,
            "eps_4q": 0.14,
            "eps_4q_growth_year": 37.5,
            "roe": 0.24,
            "roe_4q": 2,
            "gross_profit": 391254,
            "gross_margin": 28.77,
            "gross_margin_4q_avg": 27.26,
            "net_income": 9506,
            "revenue": 1360019,
            "common_shares": 4933034,
            "book_valuer_per_share": 7.22,
            "book_valuer_per_share_4q_avg": 7.25,
            "equity": 3884499,
            "current_ratio": 242.2,
            "debt_ratio": 53.92,
            "inventory_turnover_ratio": 1.46,
            "account_receivable_turnover_ratio": 3.6,
            "reinvestment_rate": -136.7,
            "research_to_sale_ratio": 21.66,
            "price_fair": 0.61,
            "eps_avg_yearly": 0.2,
            "eps_latest_yearly": 0.08,
            "eps_growth_yearly": -75.01
        },
        "20191": {
            "year_quarter": 20191,
            "year": 2019,
            "quarter": 1,
            "eps": 0.03,
            "eps_growth_year": -50,
            "eps_4q": 0.11,
            "eps_4q_growth_year": -10.65,
            "roe": 0.41,
            "roe_4q": 1.57,
            "gross_profit": 407814,
            "gross_margin": 32.49,
            "gross_margin_4q_avg": 29.06,
            "net_income": 16102,
            "revenue": 1255056,
            "common_shares": 4933034,
            "book_valuer_per_share": 7.38,
            "book_valuer_per_share_4q_avg": 7.3,
            "equity": 3965175,
            "current_ratio": 205.78,
            "debt_ratio": 55.9,
            "inventory_turnover_ratio": 1.24,
            "account_receivable_turnover_ratio": 3.01,
            "reinvestment_rate": -101.19,
            "research_to_sale_ratio": 27.18,
            "price_fair": 0.59,
            "eps_avg_yearly": 0.2,
            "eps_latest_yearly": 0.12,
            "eps_growth_yearly": -47.51
        },
        "20192": {
            "year_quarter": 20192,
            "year": 2019,
            "quarter": 2,
            "eps": 0.02,
            "eps_growth_year": -50,
            "eps_4q": 0.09,
            "eps_4q_growth_year": -27.92,
            "roe": 0.54,
            "roe_4q": 1.58,
            "gross_profit": 467737,
            "gross_margin": 31.96,
            "gross_margin_4q_avg": 30.68,
            "net_income": 21254,
            "revenue": 1463639,
            "common_shares": 4933034,
            "book_valuer_per_share": 7.36,
            "book_valuer_per_share_4q_avg": 7.3,
            "equity": 3965837,
            "current_ratio": 194.61,
            "debt_ratio": 55.98,
            "inventory_turnover_ratio": 1.36,
            "account_receivable_turnover_ratio": 3.29,
            "reinvestment_rate": -63.93,
            "research_to_sale_ratio": 22.39,
            "price_fair": 0.56,
            "eps_avg_yearly": 0.19,
            "eps_latest_yearly": 0.08,
            "eps_growth_yearly": -55.31
        },
        "20193": {
            "year_quarter": 20193,
            "year": 2019,
            "quarter": 3,
            "eps": 0.03,
            "eps_growth_year": 0,
            "eps_4q": 0.1,
            "eps_4q_growth_year": -18.47,
            "roe": 0.75,
            "roe_4q": 1.94,
            "gross_profit": 472920,
            "gross_margin": 33.77,
            "gross_margin_4q_avg": 31.75,
            "net_income": 29828,
            "revenue": 1400552,
            "common_shares": 4933034,
            "book_valuer_per_share": 7.32,
            "book_valuer_per_share_4q_avg": 7.32,
            "equity": 4014586,
            "current_ratio": 200.07,
            "debt_ratio": 56.85,
            "inventory_turnover_ratio": 1.17,
            "account_receivable_turnover_ratio": 3.08,
            "reinvestment_rate": null,
            "research_to_sale_ratio": 23.27,
            "price_fair": 0.54,
            "eps_avg_yearly": 0.18,
            "eps_latest_yearly": 0.12,
            "eps_growth_yearly": -34.04
        },
        "20194": {
            "year_quarter": 20194,
            "year": 2019,
            "quarter": 4,
            "eps": 0.01,
            "eps_growth_year": -54.91,
            "eps_4q": 0.09,
            "eps_4q_growth_year": -38.23,
            "roe": 0.57,
            "roe_4q": 2.27,
            "gross_profit": 427235,
            "gross_margin": 30.34,
            "gross_margin_4q_avg": 32.14,
            "net_income": 22811,
            "revenue": 1407966,
            "common_shares": 4933034,
            "book_valuer_per_share": 7.16,
            "book_valuer_per_share_4q_avg": 7.31,
            "equity": 3972758,
            "current_ratio": 130.48,
            "debt_ratio": 57.13,
            "inventory_turnover_ratio": 1.18,
            "account_receivable_turnover_ratio": 3.25,
            "reinvestment_rate": -413.21,
            "research_to_sale_ratio": 21.97,
            "price_fair": 0.51,
            "eps_avg_yearly": 0.17,
            "eps_latest_yearly": 0.04,
            "eps_growth_yearly": -51.93
        },
        "20201": {
            "year_quarter": 20201,
            "year": 2020,
            "quarter": 1,
            "eps": 0.01,
            "eps_growth_year": -66.67,
            "eps_4q": 0.07,
            "eps_4q_growth_year": -34.42,
            "roe": 0.78,
            "roe_4q": 2.64,
            "gross_profit": 543471,
            "gross_margin": 35.82,
            "gross_margin_4q_avg": 32.97,
            "net_income": 31087,
            "revenue": 1517319,
            "common_shares": 4933034,
            "book_valuer_per_share": 7.15,
            "book_valuer_per_share_4q_avg": 7.25,
            "equity": 3995663,
            "current_ratio": 137.76,
            "debt_ratio": 56.89,
            "inventory_turnover_ratio": 1.19,
            "account_receivable_turnover_ratio": 3.25,
            "reinvestment_rate": -688.05,
            "research_to_sale_ratio": 21.2,
            "price_fair": 0.48,
            "eps_avg_yearly": 0.16,
            "eps_latest_yearly": 0.04,
            "eps_growth_yearly": -48.22
        },
        "20202": {
            "year_quarter": 20202,
            "year": 2020,
            "quarter": 2,
            "eps": -0.22,
            "eps_growth_year": -1200,
            "eps_4q": -0.17,
            "eps_4q_growth_year": -281.17,
            "roe": -1.99,
            "roe_4q": 0.10999999999999999,
            "gross_profit": 513409,
            "gross_margin": 34.03,
            "gross_margin_4q_avg": 33.49,
            "net_income": -77698,
            "revenue": 1508775,
            "common_shares": 4933034,
            "book_valuer_per_share": 6.84,
            "book_valuer_per_share_4q_avg": 7.12,
            "equity": 3806087,
            "current_ratio": 128.65,
            "debt_ratio": 58.9,
            "inventory_turnover_ratio": 1.14,
            "account_receivable_turnover_ratio": 2.78,
            "reinvestment_rate": -444.87,
            "research_to_sale_ratio": 22.12,
            "price_fair": 0.4,
            "eps_avg_yearly": 0.13,
            "eps_latest_yearly": 0.04,
            "eps_growth_yearly": -54.49
        },
        "20203": {
            "year_quarter": 20203,
            "year": 2020,
            "quarter": 3,
            "eps": -0.08,
            "eps_growth_year": -366.67,
            "eps_4q": -0.28,
            "eps_4q_growth_year": -388.07,
            "roe": -0.26,
            "roe_4q": -0.9,
            "gross_profit": 569321,
            "gross_margin": 33.05,
            "gross_margin_4q_avg": 33.31,
            "net_income": -9936,
            "revenue": 1722609,
            "common_shares": 4933034,
            "book_valuer_per_share": 6.81,
            "book_valuer_per_share_4q_avg": 6.99,
            "equity": 3821735,
            "current_ratio": 129.69,
            "debt_ratio": 57.55,
            "inventory_turnover_ratio": 1.31,
            "account_receivable_turnover_ratio": 3.45,
            "reinvestment_rate": -1995.32,
            "research_to_sale_ratio": 16.12,
            "price_fair": 0.36,
            "eps_avg_yearly": 0.12,
            "eps_latest_yearly": 0.04,
            "eps_growth_yearly": -43.65
        },
        "20204": {
            "year_quarter": 20204,
            "year": 2020,
            "quarter": 4,
            "eps": 9.83,
            "eps_growth_year": 98231.47,
            "eps_4q": 9.54,
            "eps_4q_growth_year": 10971.65,
            "roe": 68.09,
            "roe_4q": 66.62,
            "gross_profit": 429333,
            "gross_margin": 24.48,
            "gross_margin_4q_avg": 31.85,
            "net_income": 4901381,
            "revenue": 1754012,
            "common_shares": 4933034,
            "book_valuer_per_share": 18.82,
            "book_valuer_per_share_4q_avg": 9.91,
            "equity": 10574427,
            "current_ratio": 438.58,
            "debt_ratio": 42.66,
            "inventory_turnover_ratio": 1.57,
            "account_receivable_turnover_ratio": 4.07,
            "reinvestment_rate": -27.39,
            "research_to_sale_ratio": 43.37,
            "price_fair": 0.33,
            "eps_avg_yearly": 0.11,
            "eps_latest_yearly": 0.04,
            "eps_growth_yearly": -42.42
        },
        "20211": {
            "year_quarter": 20211,
            "year": 2021,
            "quarter": 1,
            "eps": 3.38,
            "eps_growth_year": 33700,
            "eps_4q": 12.9,
            "eps_4q_growth_year": 18048.87,
            "roe": 15.43,
            "roe_4q": 81.27000000000001,
            "gross_profit": 548195,
            "gross_margin": 34.92,
            "gross_margin_4q_avg": 31.62,
            "net_income": 1751924,
            "revenue": 1569700,
            "common_shares": 4940594,
            "book_valuer_per_share": 22.06,
            "book_valuer_per_share_4q_avg": 13.63,
            "equity": 12140147,
            "current_ratio": 413.45,
            "debt_ratio": 34.19,
            "inventory_turnover_ratio": 1.17,
            "account_receivable_turnover_ratio": 3.33,
            "reinvestment_rate": -7.87,
            "research_to_sale_ratio": 46.55,
            "price_fair": 3.97,
            "eps_avg_yearly": 1.32,
            "eps_latest_yearly": 13.52,
            "eps_growth_yearly": -54.16
        },
        "20212": {
            "year_quarter": 20212,
            "year": 2021,
            "quarter": 2,
            "eps": -0.98,
            "eps_growth_year": null,
            "eps_4q": 12.15,
            "eps_4q_growth_year": null,
            "roe": -3.37,
            "roe_4q": 79.89,
            "gross_profit": 588529,
            "gross_margin": 36.38,
            "gross_margin_4q_avg": 32.21,
            "net_income": -393120,
            "revenue": 1617772,
            "common_shares": 4943959,
            "book_valuer_per_share": 19.93,
            "book_valuer_per_share_4q_avg": 16.91,
            "equity": 11177484,
            "current_ratio": 313.74,
            "debt_ratio": 37.42,
            "inventory_turnover_ratio": 1.06,
            "account_receivable_turnover_ratio": 3.08,
            "reinvestment_rate": 11.6,
            "research_to_sale_ratio": 35.41,
            "price_fair": 4.33,
            "eps_avg_yearly": 1.44,
            "eps_latest_yearly": 13.52,
            "eps_growth_yearly": -49.58
        },
        "20213": {
            "year_quarter": 20213,
            "year": 2021,
            "quarter": 3,
            "eps": -0.7,
            "eps_growth_year": null,
            "eps_4q": 11.53,
            "eps_4q_growth_year": null,
            "roe": -2.14,
            "roe_4q": 78.01,
            "gross_profit": 673503,
            "gross_margin": 35.9,
            "gross_margin_4q_avg": 32.92,
            "net_income": -236875,
            "revenue": 1875839,
            "common_shares": 4943959,
            "book_valuer_per_share": 19.21,
            "book_valuer_per_share_4q_avg": 20.01,
            "equity": 10930723,
            "current_ratio": 269.17,
            "debt_ratio": 39.91,
            "inventory_turnover_ratio": 1.04,
            "account_receivable_turnover_ratio": 3.28,
            "reinvestment_rate": 13.68,
            "research_to_sale_ratio": 30.32,
            "price_fair": 4.76,
            "eps_avg_yearly": 1.59,
            "eps_latest_yearly": 13.52,
            "eps_growth_yearly": -69.9
        },
        "20214": {
            "year_quarter": 20214,
            "year": 2021,
            "quarter": 4,
            "eps": 6.29,
            "eps_growth_year": -36.02,
            "eps_4q": 7.97,
            "eps_4q_growth_year": -16.42,
            "roe": 25.78,
            "roe_4q": 35.7,
            "gross_profit": 712086,
            "gross_margin": 36.75,
            "gross_margin_4q_avg": 35.99,
            "net_income": 3233158,
            "revenue": 1937824,
            "common_shares": 4944109,
            "book_valuer_per_share": 25.42,
            "book_valuer_per_share_4q_avg": 21.66,
            "equity": 14149607,
            "current_ratio": 321.45,
            "debt_ratio": 35.39,
            "inventory_turnover_ratio": 0.85,
            "account_receivable_turnover_ratio": 3.07,
            "reinvestment_rate": 13.21,
            "research_to_sale_ratio": 38.92,
            "price_fair": 4.76,
            "eps_avg_yearly": 1.59,
            "eps_latest_yearly": 13.52,
            "eps_growth_yearly": -69.9
        },
        "20221": {
            "year_quarter": 20221,
            "year": 2022,
            "quarter": 1,
            "eps": -0.26,
            "eps_growth_year": -107.69,
            "eps_4q": 4.36,
            "eps_4q_growth_year": -66.17,
            "roe": -0.04,
            "roe_4q": 20.23,
            "gross_profit": 940268,
            "gross_margin": 42.58,
            "gross_margin_4q_avg": 37.9,
            "net_income": -6212,
            "revenue": 2208219,
            "common_shares": 4953142,
            "book_valuer_per_share": 24.96,
            "book_valuer_per_share_4q_avg": 22.38,
            "equity": 13741586,
            "current_ratio": 265.18,
            "debt_ratio": 39.27,
            "inventory_turnover_ratio": 0.76,
            "account_receivable_turnover_ratio": 3.12,
            "reinvestment_rate": 12.44,
            "research_to_sale_ratio": 24.4,
            "price_fair": 4.76,
            "eps_avg_yearly": 1.59,
            "eps_latest_yearly": 13.52,
            "eps_growth_yearly": -69.9
        },
        "20222": {
            "year_quarter": 20222,
            "year": 2022,
            "quarter": 2,
            "eps": -0.33,
            "eps_growth_year": null,
            "eps_4q": 5,
            "eps_4q_growth_year": -58.87,
            "roe": -0.36,
            "roe_4q": 23.240000000000002,
            "gross_profit": 830507,
            "gross_margin": 36.28,
            "gross_margin_4q_avg": 37.88,
            "net_income": -50306,
            "revenue": 2289001,
            "common_shares": 4954539,
            "book_valuer_per_share": 25.13,
            "book_valuer_per_share_4q_avg": 23.68,
            "equity": 13961063,
            "current_ratio": 288.75,
            "debt_ratio": 39.13,
            "inventory_turnover_ratio": 0.81,
            "account_receivable_turnover_ratio": 3.29,
            "reinvestment_rate": 9.53,
            "research_to_sale_ratio": 21.15,
            "price_fair": 5.3,
            "eps_avg_yearly": 1.77,
            "eps_latest_yearly": 13.52,
            "eps_growth_yearly": -61.97
        },
        "20223": {
            "year_quarter": 20223,
            "year": 2022,
            "quarter": 3,
            "eps": 0.41,
            "eps_growth_year": null,
            "eps_4q": 6.1,
            "eps_4q_growth_year": -47.1,
            "roe": 1.82,
            "roe_4q": 27.200000000000003,
            "gross_profit": 858496,
            "gross_margin": 33.08,
            "gross_margin_4q_avg": 37.17,
            "net_income": 262339,
            "revenue": 2595420,
            "common_shares": 4966029,
            "book_valuer_per_share": 26.72,
            "book_valuer_per_share_4q_avg": 25.56,
            "equity": 14818218,
            "current_ratio": 301.11,
            "debt_ratio": 39.37,
            "inventory_turnover_ratio": 0.84,
            "account_receivable_turnover_ratio": 4.75,
            "reinvestment_rate": 14.35,
            "research_to_sale_ratio": 17.23,
            "price_fair": 6,
            "eps_avg_yearly": 2,
            "eps_latest_yearly": 13.52,
            "eps_growth_yearly": -56.54
        },
        "20224": {
            "year_quarter": 20224,
            "year": 2022,
            "quarter": 4,
            "eps": 0.01,
            "eps_growth_year": -99.8,
            "eps_4q": -0.17,
            "eps_4q_growth_year": -102.11,
            "roe": 0.11,
            "roe_4q": 1.5300000000000002,
            "gross_profit": 686851,
            "gross_margin": 31.16,
            "gross_margin_4q_avg": 35.78,
            "net_income": 16601,
            "revenue": 2203992,
            "common_shares": 4970099,
            "book_valuer_per_share": 26.13,
            "book_valuer_per_share_4q_avg": 25.74,
            "equity": 14556708,
            "current_ratio": 240.67,
            "debt_ratio": 40.3,
            "inventory_turnover_ratio": 0.59,
            "account_receivable_turnover_ratio": 4.87,
            "reinvestment_rate": 15.8,
            "research_to_sale_ratio": 20.82,
            "price_fair": 5.98,
            "eps_avg_yearly": 1.99,
            "eps_latest_yearly": 0.04,
            "eps_growth_yearly": -93.24
        },
        "20231": {
            "year_quarter": 20231,
            "year": 2023,
            "quarter": 1,
            "eps": -0.16,
            "eps_growth_year": null,
            "eps_4q": -0.06,
            "eps_4q_growth_year": -101.47,
            "roe": -0.54,
            "roe_4q": 1.0300000000000002,
            "gross_profit": 584045,
            "gross_margin": 28.57,
            "gross_margin_4q_avg": 32.27,
            "net_income": -77814,
            "revenue": 2044567,
            "common_shares": 4974974,
            "book_valuer_per_share": 25.83,
            "book_valuer_per_share_4q_avg": 25.95,
            "equity": 14195358,
            "current_ratio": 224.34,
            "debt_ratio": 44.44,
            "inventory_turnover_ratio": 0.48,
            "account_receivable_turnover_ratio": 4.99,
            "reinvestment_rate": 16.28,
            "research_to_sale_ratio": 21.59,
            "price_fair": 6.92,
            "eps_avg_yearly": 2.31,
            "eps_latest_yearly": 0.04,
            "eps_growth_yearly": -142.12
        }
    },
    "months": {
        "2001-06": {
            "month": "2001-06",
            "price": "258.95",
            "revenue": 2024422
        },
        "2001-07": {
            "month": "2001-07",
            "price": "212.19",
            "revenue": 2534902
        },
        "2001-08": {
            "month": "2001-08",
            "price": "203.70",
            "revenue": 2804676
        },
        "2001-09": {
            "month": "2001-09",
            "price": "101.06",
            "revenue": 2598257
        },
        "2001-10": {
            "month": "2001-10",
            "price": "80.36",
            "revenue": 3042223
        },
        "2001-11": {
            "month": "2001-11",
            "price": "111.80",
            "revenue": 2710358
        },
        "2001-12": {
            "month": "2001-12",
            "price": "134.36",
            "revenue": 2294784
        },
        "2002-01": {
            "month": "2002-01",
            "price": "131.52",
            "revenue": 2720039
        },
        "2002-02": {
            "month": "2002-02",
            "price": "144.04",
            "revenue": 2302665
        },
        "2002-03": {
            "month": "2002-03",
            "price": "140.50",
            "revenue": 2322685
        },
        "2002-04": {
            "month": "2002-04",
            "price": "121.02",
            "revenue": 2041350
        },
        "2002-05": {
            "month": "2002-05",
            "price": "96.50",
            "revenue": 1713175
        },
        "2002-06": {
            "month": "2002-06",
            "price": "82.28",
            "revenue": 1531679
        },
        "2002-07": {
            "month": "2002-07",
            "price": "72.98",
            "revenue": 1814721
        },
        "2002-08": {
            "month": "2002-08",
            "price": "66.86",
            "revenue": 1932160
        },
        "2002-09": {
            "month": "2002-09",
            "price": "48.15",
            "revenue": 2109940
        },
        "2002-10": {
            "month": "2002-10",
            "price": "45.71",
            "revenue": 2529725
        },
        "2002-11": {
            "month": "2002-11",
            "price": "44.55",
            "revenue": 2325412
        },
        "2002-12": {
            "month": "2002-12",
            "price": "40.32",
            "revenue": 1856338
        },
        "2003-01": {
            "month": "2003-01",
            "price": "39.32",
            "revenue": 2108126
        },
        "2003-02": {
            "month": "2003-02",
            "price": "36.99",
            "revenue": 1734668
        },
        "2003-03": {
            "month": "2003-03",
            "price": "34.96",
            "revenue": 1876829
        },
        "2003-04": {
            "month": "2003-04",
            "price": "40.27",
            "revenue": 1733239
        },
        "2003-05": {
            "month": "2003-05",
            "price": "40.89",
            "revenue": 1114226
        },
        "2003-06": {
            "month": "2003-06",
            "price": "43.70",
            "revenue": 1146430
        },
        "2003-07": {
            "month": "2003-07",
            "price": "55.87",
            "revenue": 1656933
        },
        "2003-08": {
            "month": "2003-08",
            "price": "55.07",
            "revenue": 1793167
        },
        "2003-09": {
            "month": "2003-09",
            "price": "50.62",
            "revenue": 2051796
        },
        "2003-10": {
            "month": "2003-10",
            "price": "52.95",
            "revenue": 1973110
        },
        "2003-11": {
            "month": "2003-11",
            "price": "46.89",
            "revenue": 1657039
        },
        "2003-12": {
            "month": "2003-12",
            "price": "41.65",
            "revenue": 1540747
        },
        "2004-01": {
            "month": "2004-01",
            "price": "46.45",
            "revenue": 1243767
        },
        "2004-02": {
            "month": "2004-02",
            "price": "43.84",
            "revenue": 1636644
        },
        "2004-03": {
            "month": "2004-03",
            "price": "40.56",
            "revenue": 1433980
        },
        "2004-04": {
            "month": "2004-04",
            "price": "38.77",
            "revenue": 1524407
        },
        "2004-05": {
            "month": "2004-05",
            "price": "31.26",
            "revenue": 1375535
        },
        "2004-06": {
            "month": "2004-06",
            "price": "28.69",
            "revenue": 1586185
        },
        "2004-07": {
            "month": "2004-07",
            "price": "26.11",
            "revenue": 1815808
        },
        "2004-08": {
            "month": "2004-08",
            "price": "23.55",
            "revenue": 1925568
        },
        "2004-09": {
            "month": "2004-09",
            "price": "20.90",
            "revenue": 1883751
        },
        "2004-10": {
            "month": "2004-10",
            "price": "21.74",
            "revenue": 1848446
        },
        "2004-11": {
            "month": "2004-11",
            "price": "19.23",
            "revenue": 1525083
        },
        "2004-12": {
            "month": "2004-12",
            "price": "17.29",
            "revenue": 1574051
        },
        "2005-01": {
            "month": "2005-01",
            "price": "16.20",
            "revenue": 1546842
        },
        "2005-02": {
            "month": "2005-02",
            "price": "17.05",
            "revenue": 1029694
        },
        "2005-03": {
            "month": "2005-03",
            "price": "17.95",
            "revenue": 1311741
        },
        "2005-04": {
            "month": "2005-04",
            "price": "16.54",
            "revenue": 1321275
        },
        "2005-05": {
            "month": "2005-05",
            "price": "16.95",
            "revenue": 1067274
        },
        "2005-06": {
            "month": "2005-06",
            "price": "22.17",
            "revenue": 1265256
        },
        "2005-07": {
            "month": "2005-07",
            "price": "24.30",
            "revenue": 1302348
        },
        "2005-08": {
            "month": "2005-08",
            "price": "23.41",
            "revenue": 1574944
        },
        "2005-09": {
            "month": "2005-09",
            "price": "20.51",
            "revenue": 1958985
        },
        "2005-10": {
            "month": "2005-10",
            "price": "19.38",
            "revenue": 2072626
        },
        "2005-11": {
            "month": "2005-11",
            "price": "18.22",
            "revenue": 2389315
        },
        "2005-12": {
            "month": "2005-12",
            "price": "19.58",
            "revenue": 2293768
        },
        "2006-01": {
            "month": "2006-01",
            "price": "20.58",
            "revenue": 2041833
        },
        "2006-02": {
            "month": "2006-02",
            "price": "19.19",
            "revenue": 2323750
        },
        "2006-03": {
            "month": "2006-03",
            "price": "22.83",
            "revenue": 2643454
        },
        "2006-04": {
            "month": "2006-04",
            "price": "28.23",
            "revenue": 2879161
        },
        "2006-05": {
            "month": "2006-05",
            "price": "36.29",
            "revenue": 1622949
        },
        "2006-06": {
            "month": "2006-06",
            "price": "28.15",
            "revenue": 1485771
        },
        "2006-07": {
            "month": "2006-07",
            "price": "26.06",
            "revenue": 1510538
        },
        "2006-08": {
            "month": "2006-08",
            "price": "26.72",
            "revenue": 1509435
        },
        "2006-09": {
            "month": "2006-09",
            "price": "25.98",
            "revenue": 1663826
        },
        "2006-10": {
            "month": "2006-10",
            "price": "25.13",
            "revenue": 1507004
        },
        "2006-11": {
            "month": "2006-11",
            "price": "23.50",
            "revenue": 1143721
        },
        "2006-12": {
            "month": "2006-12",
            "price": "27.74",
            "revenue": 1109187
        },
        "2007-01": {
            "month": "2007-01",
            "price": "35.85",
            "revenue": 1306461
        },
        "2007-02": {
            "month": "2007-02",
            "price": "33.45",
            "revenue": 1076368
        },
        "2007-03": {
            "month": "2007-03",
            "price": "33.00",
            "revenue": 1497290
        },
        "2007-04": {
            "month": "2007-04",
            "price": "34.39",
            "revenue": 1483648
        },
        "2007-05": {
            "month": "2007-05",
            "price": "32.63",
            "revenue": 1675085
        },
        "2007-06": {
            "month": "2007-06",
            "price": "35.02",
            "revenue": 1359055
        },
        "2007-07": {
            "month": "2007-07",
            "price": "34.47",
            "revenue": 1351432
        },
        "2007-08": {
            "month": "2007-08",
            "price": "26.82",
            "revenue": 1279111
        },
        "2007-09": {
            "month": "2007-09",
            "price": "22.71",
            "revenue": 1182406
        },
        "2007-10": {
            "month": "2007-10",
            "price": "23.08",
            "revenue": 1039215
        },
        "2007-11": {
            "month": "2007-11",
            "price": "19.06",
            "revenue": 736565
        },
        "2007-12": {
            "month": "2007-12",
            "price": "18.75",
            "revenue": 697270
        },
        "2008-01": {
            "month": "2008-01",
            "price": "17.62",
            "revenue": 949807
        },
        "2008-02": {
            "month": "2008-02",
            "price": "16.86",
            "revenue": 659454
        },
        "2008-03": {
            "month": "2008-03",
            "price": "17.80",
            "revenue": 1068398
        },
        "2008-04": {
            "month": "2008-04",
            "price": "18.85",
            "revenue": 672620
        },
        "2008-05": {
            "month": "2008-05",
            "price": "18.79",
            "revenue": 612567
        },
        "2008-06": {
            "month": "2008-06",
            "price": "21.25",
            "revenue": 567905
        },
        "2008-07": {
            "month": "2008-07",
            "price": "18.95",
            "revenue": 610980
        },
        "2008-08": {
            "month": "2008-08",
            "price": "20.16",
            "revenue": 729382
        },
        "2008-09": {
            "month": "2008-09",
            "price": "16.84",
            "revenue": 561826
        },
        "2008-10": {
            "month": "2008-10",
            "price": "9.46",
            "revenue": 639697
        },
        "2008-11": {
            "month": "2008-11",
            "price": "6.81",
            "revenue": 412358
        },
        "2008-12": {
            "month": "2008-12",
            "price": "6.89",
            "revenue": 440599
        },
        "2009-01": {
            "month": "2009-01",
            "price": "9.68",
            "revenue": 367327
        },
        "2009-02": {
            "month": "2009-02",
            "price": "13.89",
            "revenue": 388852
        },
        "2009-03": {
            "month": "2009-03",
            "price": "15.22",
            "revenue": 532894
        },
        "2009-04": {
            "month": "2009-04",
            "price": "19.25",
            "revenue": 349671
        },
        "2009-05": {
            "month": "2009-05",
            "price": "14.71",
            "revenue": 382506
        },
        "2009-06": {
            "month": "2009-06",
            "price": "14.60",
            "revenue": 415043
        },
        "2009-07": {
            "month": "2009-07",
            "price": "12.26",
            "revenue": 412011
        },
        "2009-08": {
            "month": "2009-08",
            "price": "12.57",
            "revenue": 365108
        },
        "2009-09": {
            "month": "2009-09",
            "price": "25.12",
            "revenue": 452766
        },
        "2009-10": {
            "month": "2009-10",
            "price": "22.07",
            "revenue": 428752
        },
        "2009-11": {
            "month": "2009-11",
            "price": "18.66",
            "revenue": 375698
        },
        "2009-12": {
            "month": "2009-12",
            "price": "16.85",
            "revenue": 414707
        },
        "2010-01": {
            "month": "2010-01",
            "price": "19.95",
            "revenue": 367622
        },
        "2010-02": {
            "month": "2010-02",
            "price": "17.20",
            "revenue": 340737
        },
        "2010-03": {
            "month": "2010-03",
            "price": "17.32",
            "revenue": 536326
        },
        "2010-04": {
            "month": "2010-04",
            "price": "18.11",
            "revenue": 436397
        },
        "2010-05": {
            "month": "2010-05",
            "price": "21.70",
            "revenue": 419036
        },
        "2010-06": {
            "month": "2010-06",
            "price": "26.77",
            "revenue": 439321
        },
        "2010-07": {
            "month": "2010-07",
            "price": "26.27",
            "revenue": 365340
        },
        "2010-08": {
            "month": "2010-08",
            "price": "26.95",
            "revenue": 386063
        },
        "2010-09": {
            "month": "2010-09",
            "price": "24.87",
            "revenue": 493623
        },
        "2010-10": {
            "month": "2010-10",
            "price": "25.96",
            "revenue": 445475
        },
        "2010-11": {
            "month": "2010-11",
            "price": "25.34",
            "revenue": 428434
        },
        "2010-12": {
            "month": "2010-12",
            "price": "27.54",
            "revenue": 384576
        },
        "2011-01": {
            "month": "2011-01",
            "price": "30.68",
            "revenue": 434829
        },
        "2011-02": {
            "month": "2011-02",
            "price": "30.32",
            "revenue": 329465
        },
        "2011-03": {
            "month": "2011-03",
            "price": "31.32",
            "revenue": 475701
        },
        "2011-04": {
            "month": "2011-04",
            "price": "30.22",
            "revenue": 449918
        },
        "2011-05": {
            "month": "2011-05",
            "price": "28.39",
            "revenue": 359030
        },
        "2011-06": {
            "month": "2011-06",
            "price": "34.48",
            "revenue": 336027
        },
        "2011-07": {
            "month": "2011-07",
            "price": "35.02",
            "revenue": 342879
        },
        "2011-08": {
            "month": "2011-08",
            "price": "30.25",
            "revenue": 319087
        },
        "2011-09": {
            "month": "2011-09",
            "price": "25.86",
            "revenue": 324440
        },
        "2011-10": {
            "month": "2011-10",
            "price": "23.12",
            "revenue": 266195
        },
        "2011-11": {
            "month": "2011-11",
            "price": "22.80",
            "revenue": 342987
        },
        "2011-12": {
            "month": "2011-12",
            "price": "16.83",
            "revenue": 301164
        },
        "2012-01": {
            "month": "2012-01",
            "price": "16.53",
            "revenue": 302938
        },
        "2012-02": {
            "month": "2012-02",
            "price": "22.18",
            "revenue": 307286
        },
        "2012-03": {
            "month": "2012-03",
            "price": "21.28",
            "revenue": 356734
        },
        "2012-04": {
            "month": "2012-04",
            "price": "18.08",
            "revenue": 257460
        },
        "2012-05": {
            "month": "2012-05",
            "price": "16.16",
            "revenue": 300473
        },
        "2012-06": {
            "month": "2012-06",
            "price": "13.30",
            "revenue": 250188
        },
        "2012-07": {
            "month": "2012-07",
            "price": "10.16",
            "revenue": 287740
        },
        "2012-08": {
            "month": "2012-08",
            "price": "8.61",
            "revenue": 246006
        },
        "2012-09": {
            "month": "2012-09",
            "price": "10.13",
            "revenue": 280764
        },
        "2012-10": {
            "month": "2012-10",
            "price": "16.54",
            "revenue": 257551
        },
        "2012-11": {
            "month": "2012-11",
            "price": "18.32",
            "revenue": 244418
        },
        "2012-12": {
            "month": "2012-12",
            "price": "23.07",
            "revenue": 271600
        },
        "2013-01": {
            "month": "2013-01",
            "price": "23.80",
            "revenue": 395946
        },
        "2013-02": {
            "month": "2013-02",
            "price": "22.38",
            "revenue": 249314
        },
        "2013-03": {
            "month": "2013-03",
            "price": "20.31",
            "revenue": 322747
        },
        "2013-04": {
            "month": "2013-04",
            "price": "20.12",
            "revenue": 311844
        },
        "2013-05": {
            "month": "2013-05",
            "price": "20.73",
            "revenue": 284073
        },
        "2013-06": {
            "month": "2013-06",
            "price": "20.08",
            "revenue": 851504
        },
        "2013-07": {
            "month": "2013-07",
            "price": "19.59",
            "revenue": 295147
        },
        "2013-08": {
            "month": "2013-08",
            "price": "17.79",
            "revenue": 306841
        },
        "2013-09": {
            "month": "2013-09",
            "price": "21.42",
            "revenue": 1109027
        },
        "2013-10": {
            "month": "2013-10",
            "price": "24.26",
            "revenue": 590361
        },
        "2013-11": {
            "month": "2013-11",
            "price": "26.89",
            "revenue": 698539
        },
        "2013-12": {
            "month": "2013-12",
            "price": "27.95",
            "revenue": 680630
        },
        "2014-01": {
            "month": "2014-01",
            "price": "27.99",
            "revenue": 480688
        },
        "2014-02": {
            "month": "2014-02",
            "price": "26.17",
            "revenue": 545030
        },
        "2014-03": {
            "month": "2014-03",
            "price": "25.33",
            "revenue": 650406
        },
        "2014-04": {
            "month": "2014-04",
            "price": "24.28",
            "revenue": 689175
        },
        "2014-05": {
            "month": "2014-05",
            "price": "22.59",
            "revenue": 718042
        },
        "2014-06": {
            "month": "2014-06",
            "price": "23.85",
            "revenue": 590333
        },
        "2014-07": {
            "month": "2014-07",
            "price": "23.14",
            "revenue": 484140
        },
        "2014-08": {
            "month": "2014-08",
            "price": "20.42",
            "revenue": 449042
        },
        "2014-09": {
            "month": "2014-09",
            "price": "20.85",
            "revenue": 446265
        },
        "2014-10": {
            "month": "2014-10",
            "price": "18.32",
            "revenue": 475474
        },
        "2014-11": {
            "month": "2014-11",
            "price": "15.82",
            "revenue": 447466
        },
        "2014-12": {
            "month": "2014-12",
            "price": "10.08",
            "revenue": 518905
        },
        "2015-01": {
            "month": "2015-01",
            "price": "11.38",
            "revenue": 372797
        },
        "2015-02": {
            "month": "2015-02",
            "price": "10.72",
            "revenue": 315014
        },
        "2015-03": {
            "month": "2015-03",
            "price": "9.66",
            "revenue": 439756
        },
        "2015-04": {
            "month": "2015-04",
            "price": "8.73",
            "revenue": 319807
        },
        "2015-05": {
            "month": "2015-05",
            "price": "8.25",
            "revenue": 362644
        },
        "2015-06": {
            "month": "2015-06",
            "price": "6.01",
            "revenue": 386561
        },
        "2015-07": {
            "month": "2015-07",
            "price": "5.08",
            "revenue": 379295
        },
        "2015-08": {
            "month": "2015-08",
            "price": "5.84",
            "revenue": 373198
        },
        "2015-09": {
            "month": "2015-09",
            "price": "6.07",
            "revenue": 442165
        },
        "2015-10": {
            "month": "2015-10",
            "price": "8.16",
            "revenue": 477475
        },
        "2015-11": {
            "month": "2015-11",
            "price": "7.92",
            "revenue": 369461
        },
        "2015-12": {
            "month": "2015-12",
            "price": "7.88",
            "revenue": 471203
        },
        "2016-01": {
            "month": "2016-01",
            "price": "9.07",
            "revenue": 438402
        },
        "2016-02": {
            "month": "2016-02",
            "price": "8.79",
            "revenue": 361898
        },
        "2016-03": {
            "month": "2016-03",
            "price": "9.62",
            "revenue": 383669
        },
        "2016-04": {
            "month": "2016-04",
            "price": "13.20",
            "revenue": 399180
        },
        "2016-05": {
            "month": "2016-05",
            "price": "13.15",
            "revenue": 370186
        },
        "2016-06": {
            "month": "2016-06",
            "price": "12.95",
            "revenue": 445218
        },
        "2016-07": {
            "month": "2016-07",
            "price": "12.56",
            "revenue": 371166
        },
        "2016-08": {
            "month": "2016-08",
            "price": "11.55",
            "revenue": 331782
        },
        "2016-09": {
            "month": "2016-09",
            "price": "10.84",
            "revenue": 411773
        },
        "2016-10": {
            "month": "2016-10",
            "price": "11.18",
            "revenue": 388904
        },
        "2016-11": {
            "month": "2016-11",
            "price": "10.36",
            "revenue": 422510
        },
        "2016-12": {
            "month": "2016-12",
            "price": "10.08",
            "revenue": 597287
        },
        "2017-01": {
            "month": "2017-01",
            "price": "11.07",
            "revenue": 291099
        },
        "2017-02": {
            "month": "2017-02",
            "price": "11.41",
            "revenue": 277060
        },
        "2017-03": {
            "month": "2017-03",
            "price": "11.23",
            "revenue": 493121
        },
        "2017-04": {
            "month": "2017-04",
            "price": "10.88",
            "revenue": 300585
        },
        "2017-05": {
            "month": "2017-05",
            "price": "10.21",
            "revenue": 349269
        },
        "2017-06": {
            "month": "2017-06",
            "price": "10.11",
            "revenue": 559251
        },
        "2017-07": {
            "month": "2017-07",
            "price": "10.04",
            "revenue": 346688
        },
        "2017-08": {
            "month": "2017-08",
            "price": "10.31",
            "revenue": 345535
        },
        "2017-09": {
            "month": "2017-09",
            "price": "10.76",
            "revenue": 421743
        },
        "2017-10": {
            "month": "2017-10",
            "price": "10.88",
            "revenue": 370904
        },
        "2017-11": {
            "month": "2017-11",
            "price": "10.71",
            "revenue": 351985
        },
        "2017-12": {
            "month": "2017-12",
            "price": "10.41",
            "revenue": 404550
        },
        "2018-01": {
            "month": "2018-01",
            "price": "11.41",
            "revenue": 355223
        },
        "2018-02": {
            "month": "2018-02",
            "price": "16.29",
            "revenue": 280763
        },
        "2018-03": {
            "month": "2018-03",
            "price": "31.24",
            "revenue": 398117
        },
        "2018-04": {
            "month": "2018-04",
            "price": "33.86",
            "revenue": 323197
        },
        "2018-05": {
            "month": "2018-05",
            "price": "34.16",
            "revenue": 419506
        },
        "2018-06": {
            "month": "2018-06",
            "price": "42.93",
            "revenue": 383289
        },
        "2018-07": {
            "month": "2018-07",
            "price": "47.33",
            "revenue": 363774
        },
        "2018-08": {
            "month": "2018-08",
            "price": "37.69",
            "revenue": 430119
        },
        "2018-09": {
            "month": "2018-09",
            "price": "36.77",
            "revenue": 484362
        },
        "2018-10": {
            "month": "2018-10",
            "price": "25.00",
            "revenue": 395681
        },
        "2018-11": {
            "month": "2018-11",
            "price": "24.34",
            "revenue": 472625
        },
        "2018-12": {
            "month": "2018-12",
            "price": "27.57",
            "revenue": 489177
        },
        "2019-01": {
            "month": "2019-01",
            "price": "24.88",
            "revenue": 428559
        },
        "2019-02": {
            "month": "2019-02",
            "price": "27.80",
            "revenue": 327422
        },
        "2019-03": {
            "month": "2019-03",
            "price": "34.26",
            "revenue": 499008
        },
        "2019-04": {
            "month": "2019-04",
            "price": "39.10",
            "revenue": 483971
        },
        "2019-05": {
            "month": "2019-05",
            "price": "33.83",
            "revenue": 524213
        },
        "2019-06": {
            "month": "2019-06",
            "price": "34.36",
            "revenue": 453436
        },
        "2019-07": {
            "month": "2019-07",
            "price": "35.70",
            "revenue": 431793
        },
        "2019-08": {
            "month": "2019-08",
            "price": "32.27",
            "revenue": 473256
        },
        "2019-09": {
            "month": "2019-09",
            "price": "34.05",
            "revenue": 496476
        },
        "2019-10": {
            "month": "2019-10",
            "price": "33.98",
            "revenue": 434731
        },
        "2019-11": {
            "month": "2019-11",
            "price": "32.34",
            "revenue": 479662
        },
        "2019-12": {
            "month": "2019-12",
            "price": "33.75",
            "revenue": 494549
        },
        "2020-01": {
            "month": "2020-01",
            "price": "34.65",
            "revenue": 496985
        },
        "2020-02": {
            "month": "2020-02",
            "price": "30.16",
            "revenue": 390695
        },
        "2020-03": {
            "month": "2020-03",
            "price": "22.39",
            "revenue": 628755
        },
        "2020-04": {
            "month": "2020-04",
            "price": "27.72",
            "revenue": 446621
        },
        "2020-05": {
            "month": "2020-05",
            "price": "29.68",
            "revenue": 465670
        },
        "2020-06": {
            "month": "2020-06",
            "price": "28.86",
            "revenue": 597361
        },
        "2020-07": {
            "month": "2020-07",
            "price": "37.01",
            "revenue": 520032
        },
        "2020-08": {
            "month": "2020-08",
            "price": "39.30",
            "revenue": 527631
        },
        "2020-09": {
            "month": "2020-09",
            "price": "38.58",
            "revenue": 674952
        },
        "2020-10": {
            "month": "2020-10",
            "price": "36.39",
            "revenue": 500062
        },
        "2020-11": {
            "month": "2020-11",
            "price": "40.61",
            "revenue": 619804
        },
        "2020-12": {
            "month": "2020-12",
            "price": "53.21",
            "revenue": 634172
        },
        "2021-01": {
            "month": "2021-01",
            "price": "55.92",
            "revenue": 589623
        },
        "2021-02": {
            "month": "2021-02",
            "price": "52.24",
            "revenue": 433850
        },
        "2021-03": {
            "month": "2021-03",
            "price": "49.70",
            "revenue": 545881
        },
        "2021-04": {
            "month": "2021-04",
            "price": "55.58",
            "revenue": 468545
        },
        "2021-05": {
            "month": "2021-05",
            "price": "47.11",
            "revenue": 548591
        },
        "2021-06": {
            "month": "2021-06",
            "price": "52.77",
            "revenue": 600796
        },
        "2021-07": {
            "month": "2021-07",
            "price": "59.53",
            "revenue": 644246
        },
        "2021-08": {
            "month": "2021-08",
            "price": "50.07",
            "revenue": 581592
        },
        "2021-09": {
            "month": "2021-09",
            "price": "47.06",
            "revenue": 650115
        },
        "2021-10": {
            "month": "2021-10",
            "price": "46.04",
            "revenue": 617056
        },
        "2021-11": {
            "month": "2021-11",
            "price": "84.02",
            "revenue": 615645
        },
        "2021-12": {
            "month": "2021-12",
            "price": "87.88",
            "revenue": 716680
        },
        "2022-01": {
            "month": "2022-01",
            "price": "75.14",
            "revenue": 750798
        },
        "2022-02": {
            "month": "2022-02",
            "price": "66.27",
            "revenue": 518296
        },
        "2022-03": {
            "month": "2022-03",
            "price": "63.47",
            "revenue": 938854
        },
        "2022-04": {
            "month": "2022-04",
            "price": "56.09",
            "revenue": 718349
        },
        "2022-05": {
            "month": "2022-05",
            "price": "50.08",
            "revenue": 846734
        },
        "2022-06": {
            "month": "2022-06",
            "price": "49.31",
            "revenue": 722925
        },
        "2022-07": {
            "month": "2022-07",
            "price": "58.57",
            "revenue": 585607
        },
        "2022-08": {
            "month": "2022-08",
            "price": "77.77",
            "revenue": 983557
        },
        "2022-09": {
            "month": "2022-09",
            "price": "84.64",
            "revenue": 1027509
        },
        "2022-10": {
            "month": "2022-10",
            "price": "67.10",
            "revenue": 524272
        },
        "2022-11": {
            "month": "2022-11",
            "price": "69.87",
            "revenue": 1040254
        },
        "2022-12": {
            "month": "2022-12",
            "price": "71.78",
            "revenue": 639862
        },
        "2023-01": {
            "month": "2023-01",
            "price": "68.75",
            "revenue": 548280
        },
        "2023-02": {
            "month": "2023-02",
            "price": "75.72",
            "revenue": 726952
        },
        "2023-03": {
            "month": "2023-03",
            "price": "88.87",
            "revenue": 768643
        },
        "2023-04": {
            "month": "2023-04",
            "price": "80.09",
            "revenue": 1006574
        }
    }
}
