{
    "summary": {
        "stock_name": "云辰",
        "stock_id": "2390",
        "category": "其他電子",
        "main_business": "智慧型居家安控系統產品<br>智能照明燈具產品<br>智能感應器.警報器產品",
        "website_url": "http://www.everspring.com",
        "ceo": "呂麗筑",
        "pe_ratio": -24,
        "report_year_from": 2001,
        "report_year_to": 2023,
        "age": 23,
        "eps_negative_percentage": 57,
        "eps_growth_avg": {
            "last_all": -53.33,
            "last_2y": 0,
            "last_4y": 0,
            "last_8y": -33.33,
            "last_12y": -20,
            "last_16y": -42.86,
            "last_20y": -55.56,
            "at_2006_last_3y": -100,
            "at_2007_last_3y": -100,
            "at_2008_last_3y": -100,
            "at_2009_last_3y": -100,
            "at_2010_last_3y": -100,
            "at_2011_last_3y": -100,
            "at_2012_last_3y": -100,
            "at_2013_last_3y": 100,
            "at_2014_last_3y": 0,
            "at_2015_last_3y": 0,
            "at_2016_last_3y": -33.33,
            "at_2017_last_3y": -100,
            "at_2018_last_3y": -100,
            "at_2019_last_3y": -100,
            "at_2020_last_3y": null,
            "at_2021_last_3y": 100,
            "at_2022_last_3y": 0,
            "at_2023_last_3y": 0,
            "at_2024_last_3y": 0,
            "at_2006_last_all": -77.78,
            "at_2007_last_all": -83.33,
            "at_2008_last_all": -83.33,
            "at_2009_last_all": -86.67,
            "at_2010_last_all": -86.67,
            "at_2011_last_all": -86.67,
            "at_2012_last_all": -86.67,
            "at_2013_last_all": -55.56,
            "at_2014_last_all": -61.9,
            "at_2015_last_all": -61.9,
            "at_2016_last_all": -66.67,
            "at_2017_last_all": -66.67,
            "at_2018_last_all": -66.67,
            "at_2019_last_all": -66.67,
            "at_2020_last_all": -66.67,
            "at_2021_last_all": -48.15,
            "at_2022_last_all": -53.33,
            "at_2023_last_all": -53.33,
            "at_2024_last_all": -53.33
        },
        "latest_eps": -0.59,
        "latest_price": 14.35,
        "latest_roe": -4.18,
        "latest_gross_margin": 24.5,
        "latest_equity": 2641622,
        "latest_revenue": 154062,
        "latest_gross_profit": 37739,
        "latest_net_income": 55999,
        "latest_debt_ratio": 13.45,
        "latest_current_ratio": 477.91,
        "latest_account_receivable_turnover_ratio": 1.79,
        "latest_inventory_turnover_ratio": 0.2,
        "latest_reinvestment_rate": -42.61,
        "latest_research_to_sale_ratio": 11.28
    },
    "eps_dividends": {
        "1995": {
            "cash": 0.5,
            "stock": 1,
            "eps": 0
        },
        "1996": {
            "cash": 0.5,
            "stock": 1,
            "eps": 0
        },
        "1998": {
            "cash": 0,
            "stock": 4.8,
            "eps": 0
        },
        "1999": {
            "cash": 1,
            "stock": 3.2,
            "eps": 0
        },
        "2000": {
            "cash": 4.2,
            "stock": 4.2,
            "eps": 0
        },
        "2001": {
            "cash": 0.3,
            "stock": 1.95,
            "eps": 1.11
        },
        "2002": {
            "cash": 0.15,
            "stock": 0.75,
            "eps": 0.74
        },
        "2003": {
            "cash": 0.6,
            "stock": 0,
            "eps": -1.23
        },
        "2004": {
            "cash": 0,
            "stock": 0,
            "eps": 0.18
        },
        "2005": {
            "cash": 0,
            "stock": 0.3,
            "eps": -2.29
        },
        "2006": {
            "cash": 0,
            "stock": 0,
            "eps": 0.73
        },
        "2007": {
            "cash": 0,
            "stock": 0,
            "eps": -0.18
        },
        "2008": {
            "cash": 0,
            "stock": 0,
            "eps": 0.03
        },
        "2009": {
            "cash": 0,
            "stock": 0,
            "eps": -0.23
        },
        "2010": {
            "cash": 0,
            "stock": 0,
            "eps": -0.74
        },
        "2011": {
            "cash": 0,
            "stock": 0,
            "eps": -0.6
        },
        "2012": {
            "cash": 0,
            "stock": 0,
            "eps": 0.03
        },
        "2013": {
            "cash": 0,
            "stock": 0,
            "eps": 0.23
        },
        "2014": {
            "cash": 0.5,
            "stock": 0,
            "eps": -0.35
        },
        "2015": {
            "cash": 0,
            "stock": 0,
            "eps": 0.81
        },
        "2016": {
            "cash": 0.2,
            "stock": 0,
            "eps": -0.22
        },
        "2017": {
            "cash": 0.06,
            "stock": 0,
            "eps": -0.65
        },
        "2018": {
            "cash": 0,
            "stock": 0,
            "eps": -0.8
        },
        "2019": {
            "cash": 0,
            "stock": 0,
            "eps": -0.84
        },
        "2020": {
            "cash": 0,
            "stock": 0,
            "eps": 0.91
        },
        "2021": {
            "cash": 0,
            "stock": 0,
            "eps": 6.66
        },
        "2022": {
            "cash": 1,
            "stock": 0,
            "eps": -4.1
        },
        "2023": {
            "cash": 0,
            "stock": 0,
            "eps": -0.08
        }
    },
    "dividends": {
        "1995-06-24": {
            "cash": 0.5,
            "stock": 1
        },
        "1996-06-23": {
            "cash": 0.5,
            "stock": 1
        },
        "1998-05-08": {
            "cash": 0,
            "stock": 4.8
        },
        "1999-06-09": {
            "cash": 1,
            "stock": 3.2
        },
        "2000-05-09": {
            "cash": 4.2,
            "stock": 4.2
        },
        "2001-06-14": {
            "cash": 0.3,
            "stock": 1.95
        },
        "2002-05-08": {
            "cash": 0.15,
            "stock": 0.75
        },
        "2003-03-26": {
            "cash": 0.6,
            "stock": 0
        },
        "2005-04-22": {
            "cash": 0,
            "stock": 0.3
        },
        "2014-08-08": {
            "cash": 0.5,
            "stock": 0
        },
        "2016-09-26": {
            "cash": 0.2,
            "stock": 0
        },
        "2017-09-14": {
            "cash": 0.06,
            "stock": 0
        },
        "2022-08-05": {
            "cash": 1,
            "stock": 0
        }
    },
    "prices": {
        "200101": "56.15",
        "200102": "67.21",
        "200103": "62.48",
        "200104": "58.42",
        "200105": "44.72",
        "200106": "42.38",
        "200107": "32.70",
        "200108": "28.35",
        "200109": "21.03",
        "200110": "21.28",
        "200111": "25.91",
        "200112": "31.74",
        "200201": "41.15",
        "200202": "41.60",
        "200203": "39.95",
        "200204": "37.30",
        "200205": "26.93",
        "200206": "23.35",
        "200207": "20.23",
        "200208": "18.38",
        "200209": "16.62",
        "200210": "17.10",
        "200211": "17.69",
        "200212": "15.98",
        "200301": "15.08",
        "200302": "13.04",
        "200303": "11.35",
        "200304": "11.08",
        "200305": "10.27",
        "200306": "12.47",
        "200307": "13.28",
        "200308": "12.42",
        "200309": "11.59",
        "200310": "11.43",
        "200311": "11.56",
        "200312": "11.65",
        "200401": "11.93",
        "200402": "13.25",
        "200403": "12.76",
        "200404": "12.68",
        "200405": "11.04",
        "200406": "9.97",
        "200407": "8.91",
        "200408": "8.27",
        "200409": "8.78",
        "200410": "8.30",
        "200411": "7.88",
        "200412": "7.38",
        "200501": "7.31",
        "200502": "7.37",
        "200503": "7.37",
        "200504": "6.45",
        "200505": "6.40",
        "200506": "7.54",
        "200507": "8.02",
        "200508": "6.77",
        "200509": "5.79",
        "200510": "5.31",
        "200511": "5.31",
        "200512": "6.25",
        "200601": "6.75",
        "200602": "6.29",
        "200603": "5.84",
        "200604": "6.15",
        "200605": "7.18",
        "200606": "6.44",
        "200607": "6.67",
        "200608": "6.22",
        "200609": "5.71",
        "200610": "6.93",
        "200611": "7.24",
        "200612": "7.94",
        "200701": "8.43",
        "200702": "7.88",
        "200703": "8.48",
        "200704": "9.80",
        "200705": "10.99",
        "200706": "12.37",
        "200707": "14.19",
        "200708": "11.75",
        "200709": "11.61",
        "200710": "11.10",
        "200711": "9.48",
        "200712": "9.40",
        "200801": "8.65",
        "200802": "7.75",
        "200803": "8.31",
        "200804": "8.67",
        "200805": "9.32",
        "200806": "8.14",
        "200807": "6.37",
        "200808": "6.48",
        "200809": "4.97",
        "200810": "4.69",
        "200811": "5.20",
        "200812": "5.01",
        "200901": "5.01",
        "200902": "5.06",
        "200903": "5.59",
        "200904": "6.17",
        "200905": "6.10",
        "200906": "5.92",
        "200907": "6.06",
        "200908": "5.94",
        "200909": "7.34",
        "200910": "8.35",
        "200911": "8.85",
        "200912": "13.13",
        "201001": "12.34",
        "201002": "10.07",
        "201003": "11.51",
        "201004": "12.47",
        "201005": "11.20",
        "201006": "11.22",
        "201007": "11.41",
        "201008": "11.55",
        "201009": "11.04",
        "201010": "12.50",
        "201011": "10.42",
        "201012": "10.50",
        "201101": "10.32",
        "201102": "10.05",
        "201103": "9.51",
        "201104": "9.09",
        "201105": "9.02",
        "201106": "9.12",
        "201107": "8.89",
        "201108": "8.41",
        "201109": "7.27",
        "201110": "7.17",
        "201111": "7.39",
        "201112": "7.42",
        "201201": "7.38",
        "201202": "8.90",
        "201203": "9.17",
        "201204": "8.71",
        "201205": "8.10",
        "201206": "7.98",
        "201207": "7.50",
        "201208": "7.44",
        "201209": "8.61",
        "201210": "12.28",
        "201211": "10.86",
        "201212": "13.16",
        "201301": "17.66",
        "201302": "22.77",
        "201303": "23.39",
        "201304": "21.92",
        "201305": "19.25",
        "201306": "19.23",
        "201307": "18.90",
        "201308": "18.49",
        "201309": "18.65",
        "201310": "17.82",
        "201311": "17.12",
        "201312": "16.69",
        "201401": "19.11",
        "201402": "23.41",
        "201403": "22.92",
        "201404": "31.69",
        "201405": "50.77",
        "201406": "51.99",
        "201407": "53.28",
        "201408": "30.18",
        "201409": "36.49",
        "201410": "31.23",
        "201411": "29.00",
        "201412": "36.40",
        "201501": "36.10",
        "201502": "36.19",
        "201503": "36.36",
        "201504": "32.41",
        "201505": "27.82",
        "201506": "22.95",
        "201507": "25.33",
        "201508": "21.36",
        "201509": "23.00",
        "201510": "23.15",
        "201511": "22.32",
        "201512": "22.12",
        "201601": "19.26",
        "201602": "20.47",
        "201603": "21.40",
        "201604": "20.32",
        "201605": "19.18",
        "201606": "20.55",
        "201607": "20.32",
        "201608": "19.50",
        "201609": "18.42",
        "201610": "16.82",
        "201611": "15.08",
        "201612": "17.10",
        "201701": "16.59",
        "201702": "17.13",
        "201703": "15.90",
        "201704": "14.47",
        "201705": "13.74",
        "201706": "14.42",
        "201707": "13.67",
        "201708": "12.97",
        "201709": "12.61",
        "201710": "12.04",
        "201711": "11.95",
        "201712": "11.68",
        "201801": "12.44",
        "201802": "10.78",
        "201803": "11.38",
        "201804": "10.81",
        "201805": "10.40",
        "201806": "10.57",
        "201807": "9.64",
        "201808": "8.99",
        "201809": "11.92",
        "201810": "11.61",
        "201811": "10.92",
        "201812": "10.71",
        "201901": "12.00",
        "201902": "12.36",
        "201903": "11.96",
        "201904": "13.73",
        "201905": "11.94",
        "201906": "12.02",
        "201907": "12.33",
        "201908": "11.11",
        "201909": "11.26",
        "201910": "11.02",
        "201911": "10.93",
        "201912": "11.05",
        "202001": "10.63",
        "202002": "9.96",
        "202003": "7.85",
        "202004": "7.67",
        "202005": "9.54",
        "202006": "13.86",
        "202007": "18.80",
        "202008": "18.50",
        "202009": "17.67",
        "202010": "16.21",
        "202011": "15.26",
        "202012": "14.82",
        "202101": "13.87",
        "202102": "16.26",
        "202103": "17.84",
        "202104": "18.49",
        "202105": "21.86",
        "202106": "27.03",
        "202107": "26.18",
        "202108": "25.81",
        "202109": "22.16",
        "202110": "20.16",
        "202111": "21.43",
        "202112": "22.41",
        "202201": "21.56",
        "202202": "20.70",
        "202203": "19.96",
        "202204": "21.49",
        "202205": "19.47",
        "202206": "17.83",
        "202207": "14.94",
        "202208": "14.81",
        "202209": "13.68",
        "202210": "11.88",
        "202211": "13.48",
        "202212": "13.38",
        "202301": "12.27",
        "202302": "13.04",
        "202303": "12.71",
        "202304": "12.70",
        "202305": "12.11",
        "202306": "12.66",
        "202307": "12.76",
        "202308": "12.31",
        "202309": "13.37",
        "202310": "14.26",
        "202311": "16.08",
        "202312": "15.57"
    },
    "quarters": {
        "20011": {
            "year_quarter": 20011,
            "year": 2001,
            "quarter": 1,
            "eps": 0.78,
            "eps_growth_year": -66.38,
            "eps_4q": 2.65,
            "eps_4q_growth_year": -42.14,
            "roe": 4.66,
            "roe_4q": 4.66,
            "gross_profit": 89517,
            "gross_margin": 15.96,
            "gross_margin_4q_avg": 15.96,
            "net_income": 164465,
            "net_income_4q": null,
            "revenue": 560913,
            "revenue_4q": null,
            "common_shares": 2165000,
            "book_valuer_per_share": 16.42,
            "book_valuer_per_share_4q_avg": 16.42,
            "equity": 3555400,
            "current_ratio": 64.82,
            "debt_ratio": 27.54,
            "inventory_turnover_ratio": 2.74,
            "account_receivable_turnover_ratio": null,
            "reinvestment_rate": null,
            "research_to_sale_ratio": null,
            "price_fair": 0,
            "eps_avg_yearly": 0,
            "eps_latest_yearly": 0,
            "eps_growth_yearly": 0
        },
        "20012": {
            "year_quarter": 20012,
            "year": 2001,
            "quarter": 2,
            "eps": 0.2,
            "eps_growth_year": -85.61,
            "eps_4q": 1.4,
            "eps_4q_growth_year": -64.73,
            "roe": 1.18,
            "roe_4q": 5.84,
            "gross_profit": 84185,
            "gross_margin": 17.84,
            "gross_margin_4q_avg": 16.9,
            "net_income": 43401,
            "net_income_4q": null,
            "revenue": 471817,
            "revenue_4q": null,
            "common_shares": 2165000,
            "book_valuer_per_share": 17.63,
            "book_valuer_per_share_4q_avg": 17.03,
            "equity": 3816432,
            "current_ratio": 63.37,
            "debt_ratio": 24.85,
            "inventory_turnover_ratio": 2.57,
            "account_receivable_turnover_ratio": null,
            "reinvestment_rate": null,
            "research_to_sale_ratio": null,
            "price_fair": 0,
            "eps_avg_yearly": 0,
            "eps_latest_yearly": 0,
            "eps_growth_yearly": 0
        },
        "20013": {
            "year_quarter": 20013,
            "year": 2001,
            "quarter": 3,
            "eps": 0.1,
            "eps_growth_year": -91.3,
            "eps_4q": 0.32,
            "eps_4q_growth_year": -93.22,
            "roe": 0.65,
            "roe_4q": 6.49,
            "gross_profit": 100278,
            "gross_margin": 18.88,
            "gross_margin_4q_avg": 17.56,
            "net_income": 25113,
            "net_income_4q": null,
            "revenue": 531168,
            "revenue_4q": null,
            "common_shares": 2635000,
            "book_valuer_per_share": 14.7,
            "book_valuer_per_share_4q_avg": 16.25,
            "equity": 3874515,
            "current_ratio": 68.32,
            "debt_ratio": 22.32,
            "inventory_turnover_ratio": 2.53,
            "account_receivable_turnover_ratio": null,
            "reinvestment_rate": null,
            "research_to_sale_ratio": null,
            "price_fair": 0,
            "eps_avg_yearly": 0,
            "eps_latest_yearly": 0,
            "eps_growth_yearly": 0
        },
        "20014": {
            "year_quarter": 20014,
            "year": 2001,
            "quarter": 4,
            "eps": 0.03,
            "eps_growth_year": null,
            "eps_4q": 0.93,
            "eps_4q_growth_year": -72.17,
            "roe": 0.19,
            "roe_4q": 6.68,
            "gross_profit": 94395,
            "gross_margin": 16.84,
            "gross_margin_4q_avg": 17.38,
            "net_income": 7733,
            "net_income_4q": null,
            "revenue": 560525,
            "revenue_4q": null,
            "common_shares": 2635000,
            "book_valuer_per_share": 14.84,
            "book_valuer_per_share_4q_avg": 15.9,
            "equity": 4092320,
            "current_ratio": 214.75,
            "debt_ratio": 44.2,
            "inventory_turnover_ratio": 2.12,
            "account_receivable_turnover_ratio": null,
            "reinvestment_rate": null,
            "research_to_sale_ratio": null,
            "price_fair": 0,
            "eps_avg_yearly": 0,
            "eps_latest_yearly": 0,
            "eps_growth_yearly": 0
        },
        "20021": {
            "year_quarter": 20021,
            "year": 2002,
            "quarter": 1,
            "eps": 0.78,
            "eps_growth_year": 0,
            "eps_4q": 1.06,
            "eps_4q_growth_year": -59.99,
            "roe": 4.89,
            "roe_4q": 6.91,
            "gross_profit": 71072,
            "gross_margin": 13.95,
            "gross_margin_4q_avg": 16.88,
            "net_income": 211662,
            "net_income_4q": null,
            "revenue": 509299,
            "revenue_4q": null,
            "common_shares": 2856519,
            "book_valuer_per_share": 15.95,
            "book_valuer_per_share_4q_avg": 15.78,
            "equity": 4557312,
            "current_ratio": 159.13,
            "debt_ratio": 30.49,
            "inventory_turnover_ratio": 1.94,
            "account_receivable_turnover_ratio": null,
            "reinvestment_rate": null,
            "research_to_sale_ratio": null,
            "price_fair": 109.2,
            "eps_avg_yearly": 3.12,
            "eps_latest_yearly": 3.12,
            "eps_growth_yearly": 10000
        },
        "20022": {
            "year_quarter": 20022,
            "year": 2002,
            "quarter": 2,
            "eps": -0.4,
            "eps_growth_year": -300,
            "eps_4q": 0.39,
            "eps_4q_growth_year": -72.18,
            "roe": -2.65,
            "roe_4q": 3.0799999999999996,
            "gross_profit": 93000,
            "gross_margin": 20.22,
            "gross_margin_4q_avg": 17.47,
            "net_income": -120600,
            "net_income_4q": null,
            "revenue": 459875,
            "revenue_4q": null,
            "common_shares": 3178063,
            "book_valuer_per_share": 14.29,
            "book_valuer_per_share_4q_avg": 14.95,
            "equity": 4542116,
            "current_ratio": 117.39,
            "debt_ratio": 36.33,
            "inventory_turnover_ratio": 2.03,
            "account_receivable_turnover_ratio": null,
            "reinvestment_rate": null,
            "research_to_sale_ratio": null,
            "price_fair": 109.2,
            "eps_avg_yearly": 3.12,
            "eps_latest_yearly": 3.12,
            "eps_growth_yearly": 10000
        },
        "20023": {
            "year_quarter": 20023,
            "year": 2002,
            "quarter": 3,
            "eps": 0.04,
            "eps_growth_year": -60,
            "eps_4q": 0.36,
            "eps_4q_growth_year": 11.28,
            "roe": 0.28,
            "roe_4q": 2.7099999999999995,
            "gross_profit": 120729,
            "gross_margin": 27.09,
            "gross_margin_4q_avg": 19.53,
            "net_income": 12414,
            "net_income_4q": null,
            "revenue": 445610,
            "revenue_4q": null,
            "common_shares": 3182614,
            "book_valuer_per_share": 13.73,
            "book_valuer_per_share_4q_avg": 14.7,
            "equity": 4369246,
            "current_ratio": 121.33,
            "debt_ratio": 35.59,
            "inventory_turnover_ratio": 1.9,
            "account_receivable_turnover_ratio": null,
            "reinvestment_rate": null,
            "research_to_sale_ratio": null,
            "price_fair": 109.2,
            "eps_avg_yearly": 3.12,
            "eps_latest_yearly": 3.12,
            "eps_growth_yearly": 10000
        },
        "20024": {
            "year_quarter": 20024,
            "year": 2002,
            "quarter": 4,
            "eps": 0.32,
            "eps_growth_year": 966.67,
            "eps_4q": 0.66,
            "eps_4q_growth_year": -29.55,
            "roe": 2.2,
            "roe_4q": 4.720000000000001,
            "gross_profit": 113697,
            "gross_margin": 29.23,
            "gross_margin_4q_avg": 22.62,
            "net_income": 97991,
            "net_income_4q": null,
            "revenue": 388973,
            "revenue_4q": null,
            "common_shares": 3183506,
            "book_valuer_per_share": 13.8,
            "book_valuer_per_share_4q_avg": 14.44,
            "equity": 4537193,
            "current_ratio": 222.09,
            "debt_ratio": 40,
            "inventory_turnover_ratio": 1.27,
            "account_receivable_turnover_ratio": null,
            "reinvestment_rate": 28.15,
            "research_to_sale_ratio": null,
            "price_fair": 77,
            "eps_avg_yearly": 2.2,
            "eps_latest_yearly": 1.28,
            "eps_growth_yearly": 6400
        },
        "20031": {
            "year_quarter": 20031,
            "year": 2003,
            "quarter": 1,
            "eps": -0.32,
            "eps_growth_year": -141.03,
            "eps_4q": -0.35,
            "eps_4q_growth_year": -133.39,
            "roe": -2.16,
            "roe_4q": -2.33,
            "gross_profit": 85341,
            "gross_margin": 23.69,
            "gross_margin_4q_avg": 25.06,
            "net_income": -95236,
            "net_income_4q": null,
            "revenue": 360296,
            "revenue_4q": null,
            "common_shares": 3183744,
            "book_valuer_per_share": 13.47,
            "book_valuer_per_share_4q_avg": 13.82,
            "equity": 4287053,
            "current_ratio": 189.46,
            "debt_ratio": 33.31,
            "inventory_turnover_ratio": 1.37,
            "account_receivable_turnover_ratio": null,
            "reinvestment_rate": -20.79,
            "research_to_sale_ratio": null,
            "price_fair": 77,
            "eps_avg_yearly": 2.2,
            "eps_latest_yearly": 1.28,
            "eps_growth_yearly": 6400
        },
        "20032": {
            "year_quarter": 20032,
            "year": 2003,
            "quarter": 2,
            "eps": -0.48,
            "eps_growth_year": null,
            "eps_4q": -0.41,
            "eps_4q_growth_year": -204.62,
            "roe": -3.5,
            "roe_4q": -3.1799999999999997,
            "gross_profit": 83660,
            "gross_margin": 29.86,
            "gross_margin_4q_avg": 27.47,
            "net_income": -145036,
            "net_income_4q": null,
            "revenue": 280201,
            "revenue_4q": null,
            "common_shares": 3183744,
            "book_valuer_per_share": 12.54,
            "book_valuer_per_share_4q_avg": 13.39,
            "equity": 3993712,
            "current_ratio": 129.63,
            "debt_ratio": 34.02,
            "inventory_turnover_ratio": 1.43,
            "account_receivable_turnover_ratio": null,
            "reinvestment_rate": -26.7,
            "research_to_sale_ratio": null,
            "price_fair": 77,
            "eps_avg_yearly": 2.2,
            "eps_latest_yearly": 1.28,
            "eps_growth_yearly": 6400
        },
        "20033": {
            "year_quarter": 20033,
            "year": 2003,
            "quarter": 3,
            "eps": 0.12,
            "eps_growth_year": 200,
            "eps_4q": -0.35,
            "eps_4q_growth_year": -198.17,
            "roe": 0.91,
            "roe_4q": -2.55,
            "gross_profit": 77612,
            "gross_margin": 26.39,
            "gross_margin_4q_avg": 27.29,
            "net_income": 36189,
            "net_income_4q": null,
            "revenue": 294110,
            "revenue_4q": null,
            "common_shares": 3109790,
            "book_valuer_per_share": 12.83,
            "book_valuer_per_share_4q_avg": 13.16,
            "equity": 3988537,
            "current_ratio": 73.69,
            "debt_ratio": 36.47,
            "inventory_turnover_ratio": 1.68,
            "account_receivable_turnover_ratio": null,
            "reinvestment_rate": -39.75,
            "research_to_sale_ratio": null,
            "price_fair": 77,
            "eps_avg_yearly": 2.2,
            "eps_latest_yearly": 1.28,
            "eps_growth_yearly": 6400
        },
        "20034": {
            "year_quarter": 20034,
            "year": 2003,
            "quarter": 4,
            "eps": -0.55,
            "eps_growth_year": -271.88,
            "eps_4q": -1.2,
            "eps_4q_growth_year": -282.16,
            "roe": -4.17,
            "roe_4q": -8.92,
            "gross_profit": 93790,
            "gross_margin": 25.39,
            "gross_margin_4q_avg": 26.33,
            "net_income": -163509,
            "net_income_4q": null,
            "revenue": 369372,
            "revenue_4q": null,
            "common_shares": 3059789,
            "book_valuer_per_share": 12.43,
            "book_valuer_per_share_4q_avg": 12.82,
            "equity": 3845161,
            "current_ratio": 144.42,
            "debt_ratio": 37.96,
            "inventory_turnover_ratio": 2.14,
            "account_receivable_turnover_ratio": null,
            "reinvestment_rate": 0.45,
            "research_to_sale_ratio": null,
            "price_fair": 77,
            "eps_avg_yearly": 2.2,
            "eps_latest_yearly": 1.28,
            "eps_growth_yearly": 6400
        },
        "20041": {
            "year_quarter": 20041,
            "year": 2004,
            "quarter": 1,
            "eps": 0.46,
            "eps_growth_year": null,
            "eps_4q": -0.49,
            "eps_4q_growth_year": null,
            "roe": 3.46,
            "roe_4q": -3.3,
            "gross_profit": 67530,
            "gross_margin": 19.48,
            "gross_margin_4q_avg": 25.28,
            "net_income": 131814,
            "net_income_4q": null,
            "revenue": 346738,
            "revenue_4q": null,
            "common_shares": 3059789,
            "book_valuer_per_share": 12.33,
            "book_valuer_per_share_4q_avg": 12.53,
            "equity": 3773149,
            "current_ratio": 91.81,
            "debt_ratio": 32.89,
            "inventory_turnover_ratio": 3.43,
            "account_receivable_turnover_ratio": null,
            "reinvestment_rate": -103.58,
            "research_to_sale_ratio": null,
            "price_fair": 77,
            "eps_avg_yearly": 2.2,
            "eps_latest_yearly": 1.28,
            "eps_growth_yearly": 6400
        },
        "20042": {
            "year_quarter": 20042,
            "year": 2004,
            "quarter": 2,
            "eps": 0.24,
            "eps_growth_year": null,
            "eps_4q": 0.26,
            "eps_4q_growth_year": null,
            "roe": 1.76,
            "roe_4q": 1.96,
            "gross_profit": 59034,
            "gross_margin": 17.72,
            "gross_margin_4q_avg": 22.25,
            "net_income": 66951,
            "net_income_4q": null,
            "revenue": 333117,
            "revenue_4q": null,
            "common_shares": 2959789,
            "book_valuer_per_share": 12.96,
            "book_valuer_per_share_4q_avg": 12.64,
            "equity": 3836655,
            "current_ratio": 106.44,
            "debt_ratio": 32.91,
            "inventory_turnover_ratio": 10.95,
            "account_receivable_turnover_ratio": null,
            "reinvestment_rate": -195.55,
            "research_to_sale_ratio": null,
            "price_fair": 62.53,
            "eps_avg_yearly": 1.79,
            "eps_latest_yearly": 0.96,
            "eps_growth_yearly": 4202.9
        },
        "20043": {
            "year_quarter": 20043,
            "year": 2004,
            "quarter": 3,
            "eps": -0.2,
            "eps_growth_year": -266.67,
            "eps_4q": -0.07,
            "eps_4q_growth_year": null,
            "roe": -1.44,
            "roe_4q": -0.3899999999999997,
            "gross_profit": 68631,
            "gross_margin": 24.19,
            "gross_margin_4q_avg": 21.7,
            "net_income": -54210,
            "net_income_4q": null,
            "revenue": 283663,
            "revenue_4q": null,
            "common_shares": 2864789,
            "book_valuer_per_share": 12.92,
            "book_valuer_per_share_4q_avg": 12.66,
            "equity": 3700955,
            "current_ratio": 90.37,
            "debt_ratio": 31.42,
            "inventory_turnover_ratio": 10.81,
            "account_receivable_turnover_ratio": null,
            "reinvestment_rate": -1201.37,
            "research_to_sale_ratio": null,
            "price_fair": 62.53,
            "eps_avg_yearly": 1.79,
            "eps_latest_yearly": 0.96,
            "eps_growth_yearly": 4202.9
        },
        "20044": {
            "year_quarter": 20044,
            "year": 2004,
            "quarter": 4,
            "eps": -0.32,
            "eps_growth_year": null,
            "eps_4q": 0.22,
            "eps_4q_growth_year": null,
            "roe": -2.4,
            "roe_4q": 1.38,
            "gross_profit": 58146,
            "gross_margin": 20.12,
            "gross_margin_4q_avg": 20.38,
            "net_income": -87362,
            "net_income_4q": null,
            "revenue": 289008,
            "revenue_4q": null,
            "common_shares": 2864789,
            "book_valuer_per_share": 12.39,
            "book_valuer_per_share_4q_avg": 12.65,
            "equity": 3578505,
            "current_ratio": 152.28,
            "debt_ratio": 29.38,
            "inventory_turnover_ratio": 3.96,
            "account_receivable_turnover_ratio": null,
            "reinvestment_rate": -412.72,
            "research_to_sale_ratio": null,
            "price_fair": 62.53,
            "eps_avg_yearly": 1.79,
            "eps_latest_yearly": 0.96,
            "eps_growth_yearly": 4202.9
        },
        "20051": {
            "year_quarter": 20051,
            "year": 2005,
            "quarter": 1,
            "eps": -0.64,
            "eps_growth_year": -239.13,
            "eps_4q": -0.93,
            "eps_4q_growth_year": null,
            "roe": -4.79,
            "roe_4q": -6.869999999999999,
            "gross_profit": 71087,
            "gross_margin": 24.85,
            "gross_margin_4q_avg": 21.72,
            "net_income": -165945,
            "net_income_4q": null,
            "revenue": 286077,
            "revenue_4q": null,
            "common_shares": 2779789,
            "book_valuer_per_share": 12.03,
            "book_valuer_per_share_4q_avg": 12.58,
            "equity": 3343409,
            "current_ratio": 107.61,
            "debt_ratio": 20.45,
            "inventory_turnover_ratio": 3.09,
            "account_receivable_turnover_ratio": null,
            "reinvestment_rate": null,
            "research_to_sale_ratio": null,
            "price_fair": 62.53,
            "eps_avg_yearly": 1.79,
            "eps_latest_yearly": 0.96,
            "eps_growth_yearly": 4202.9
        },
        "20052": {
            "year_quarter": 20052,
            "year": 2005,
            "quarter": 2,
            "eps": -0.3,
            "eps_growth_year": -225,
            "eps_4q": -1.39,
            "eps_4q_growth_year": -641.18,
            "roe": -2.37,
            "roe_4q": -11,
            "gross_profit": 93571,
            "gross_margin": 24.52,
            "gross_margin_4q_avg": 23.42,
            "net_income": -77763,
            "net_income_4q": null,
            "revenue": 381556,
            "revenue_4q": null,
            "common_shares": 2779789,
            "book_valuer_per_share": 11.54,
            "book_valuer_per_share_4q_avg": 12.22,
            "equity": 3207017,
            "current_ratio": 129.95,
            "debt_ratio": 17.55,
            "inventory_turnover_ratio": 6.22,
            "account_receivable_turnover_ratio": null,
            "reinvestment_rate": null,
            "research_to_sale_ratio": null,
            "price_fair": 62.53,
            "eps_avg_yearly": 1.79,
            "eps_latest_yearly": 0.96,
            "eps_growth_yearly": 4202.9
        },
        "20053": {
            "year_quarter": 20053,
            "year": 2005,
            "quarter": 3,
            "eps": -0.16,
            "eps_growth_year": null,
            "eps_4q": -1.36,
            "eps_4q_growth_year": null,
            "roe": -1.29,
            "roe_4q": -10.85,
            "gross_profit": 50375,
            "gross_margin": 14.29,
            "gross_margin_4q_avg": 20.95,
            "net_income": -41296,
            "net_income_4q": null,
            "revenue": 352415,
            "revenue_4q": null,
            "common_shares": 2734934,
            "book_valuer_per_share": 11.65,
            "book_valuer_per_share_4q_avg": 11.9,
            "equity": 3185824,
            "current_ratio": 134.1,
            "debt_ratio": 17.75,
            "inventory_turnover_ratio": 7.67,
            "account_receivable_turnover_ratio": null,
            "reinvestment_rate": null,
            "research_to_sale_ratio": null,
            "price_fair": 62.53,
            "eps_avg_yearly": 1.79,
            "eps_latest_yearly": 0.96,
            "eps_growth_yearly": 4202.9
        },
        "20054": {
            "year_quarter": 20054,
            "year": 2005,
            "quarter": 4,
            "eps": -1.19,
            "eps_growth_year": null,
            "eps_4q": -2.26,
            "eps_4q_growth_year": -1108.9,
            "roe": -10.31,
            "roe_4q": -18.76,
            "gross_profit": 61583,
            "gross_margin": 17.07,
            "gross_margin_4q_avg": 20.18,
            "net_income": -311310,
            "net_income_4q": null,
            "revenue": 360666,
            "revenue_4q": null,
            "common_shares": 2554933,
            "book_valuer_per_share": 11.1,
            "book_valuer_per_share_4q_avg": 11.58,
            "equity": 2850899,
            "current_ratio": 147.79,
            "debt_ratio": 28.31,
            "inventory_turnover_ratio": 5,
            "account_receivable_turnover_ratio": null,
            "reinvestment_rate": null,
            "research_to_sale_ratio": null,
            "price_fair": 62.53,
            "eps_avg_yearly": 1.79,
            "eps_latest_yearly": 0.96,
            "eps_growth_yearly": 4202.9
        },
        "20061": {
            "year_quarter": 20061,
            "year": 2006,
            "quarter": 1,
            "eps": 0.19,
            "eps_growth_year": null,
            "eps_4q": -1.54,
            "eps_4q_growth_year": null,
            "roe": 1.66,
            "roe_4q": -12.310000000000002,
            "gross_profit": 69239,
            "gross_margin": 23.52,
            "gross_margin_4q_avg": 19.85,
            "net_income": 47300,
            "net_income_4q": null,
            "revenue": 294409,
            "revenue_4q": null,
            "common_shares": 2554933,
            "book_valuer_per_share": 11.17,
            "book_valuer_per_share_4q_avg": 11.37,
            "equity": 2852670,
            "current_ratio": 210.23,
            "debt_ratio": 12.3,
            "inventory_turnover_ratio": 4.34,
            "account_receivable_turnover_ratio": null,
            "reinvestment_rate": null,
            "research_to_sale_ratio": null,
            "price_fair": 39.2,
            "eps_avg_yearly": 1.12,
            "eps_latest_yearly": 0.96,
            "eps_growth_yearly": 1304.35
        },
        "20062": {
            "year_quarter": 20062,
            "year": 2006,
            "quarter": 2,
            "eps": -0.11,
            "eps_growth_year": null,
            "eps_4q": -1.33,
            "eps_4q_growth_year": null,
            "roe": -0.98,
            "roe_4q": -10.920000000000002,
            "gross_profit": 50414,
            "gross_margin": 18.97,
            "gross_margin_4q_avg": 18.46,
            "net_income": -27524,
            "net_income_4q": null,
            "revenue": 265734,
            "revenue_4q": null,
            "common_shares": 2504933,
            "book_valuer_per_share": 11.06,
            "book_valuer_per_share_4q_avg": 11.25,
            "equity": 2770301,
            "current_ratio": 199.82,
            "debt_ratio": 11,
            "inventory_turnover_ratio": 15.6,
            "account_receivable_turnover_ratio": null,
            "reinvestment_rate": null,
            "research_to_sale_ratio": null,
            "price_fair": 39.2,
            "eps_avg_yearly": 1.12,
            "eps_latest_yearly": 0.96,
            "eps_growth_yearly": 1304.35
        },
        "20063": {
            "year_quarter": 20063,
            "year": 2006,
            "quarter": 3,
            "eps": 0.09,
            "eps_growth_year": null,
            "eps_4q": -1.07,
            "eps_4q_growth_year": null,
            "roe": 0.82,
            "roe_4q": -8.81,
            "gross_profit": 49275,
            "gross_margin": 18.48,
            "gross_margin_4q_avg": 19.51,
            "net_income": 22649,
            "net_income_4q": null,
            "revenue": 266597,
            "revenue_4q": null,
            "common_shares": 2504933,
            "book_valuer_per_share": 11.09,
            "book_valuer_per_share_4q_avg": 11.11,
            "equity": 2777568,
            "current_ratio": 214.73,
            "debt_ratio": 9.29,
            "inventory_turnover_ratio": 15.78,
            "account_receivable_turnover_ratio": null,
            "reinvestment_rate": null,
            "research_to_sale_ratio": null,
            "price_fair": 39.2,
            "eps_avg_yearly": 1.12,
            "eps_latest_yearly": 0.96,
            "eps_growth_yearly": 1304.35
        },
        "20064": {
            "year_quarter": 20064,
            "year": 2006,
            "quarter": 4,
            "eps": 0.56,
            "eps_growth_year": null,
            "eps_4q": 0.74,
            "eps_4q_growth_year": null,
            "roe": 4.81,
            "roe_4q": 6.3100000000000005,
            "gross_profit": 41573,
            "gross_margin": 14.08,
            "gross_margin_4q_avg": 18.76,
            "net_income": 135704,
            "net_income_4q": null,
            "revenue": 295300,
            "revenue_4q": null,
            "common_shares": 2354933,
            "book_valuer_per_share": 12.09,
            "book_valuer_per_share_4q_avg": 11.35,
            "equity": 2859229,
            "current_ratio": 181.99,
            "debt_ratio": 23.02,
            "inventory_turnover_ratio": 5.66,
            "account_receivable_turnover_ratio": null,
            "reinvestment_rate": null,
            "research_to_sale_ratio": null,
            "price_fair": 56,
            "eps_avg_yearly": 1.6,
            "eps_latest_yearly": 2.24,
            "eps_growth_yearly": 948.79
        },
        "20071": {
            "year_quarter": 20071,
            "year": 2007,
            "quarter": 1,
            "eps": 0.07,
            "eps_growth_year": -63.16,
            "eps_4q": 0.65,
            "eps_4q_growth_year": null,
            "roe": 0.55,
            "roe_4q": 5.199999999999999,
            "gross_profit": 48649,
            "gross_margin": 17.26,
            "gross_margin_4q_avg": 17.2,
            "net_income": 15679,
            "net_income_4q": null,
            "revenue": 281898,
            "revenue_4q": null,
            "common_shares": 2329933,
            "book_valuer_per_share": 12.28,
            "book_valuer_per_share_4q_avg": 11.63,
            "equity": 2860989,
            "current_ratio": 198.8,
            "debt_ratio": 9.62,
            "inventory_turnover_ratio": 4.96,
            "account_receivable_turnover_ratio": null,
            "reinvestment_rate": null,
            "research_to_sale_ratio": null,
            "price_fair": 40.6,
            "eps_avg_yearly": 1.16,
            "eps_latest_yearly": 0.28,
            "eps_growth_yearly": 515.86
        },
        "20072": {
            "year_quarter": 20072,
            "year": 2007,
            "quarter": 2,
            "eps": 0.17,
            "eps_growth_year": null,
            "eps_4q": 0.93,
            "eps_4q_growth_year": null,
            "roe": 1.35,
            "roe_4q": 7.53,
            "gross_profit": 56932,
            "gross_margin": 19.2,
            "gross_margin_4q_avg": 17.26,
            "net_income": 38805,
            "net_income_4q": null,
            "revenue": 296473,
            "revenue_4q": null,
            "common_shares": 2329933,
            "book_valuer_per_share": 12.34,
            "book_valuer_per_share_4q_avg": 11.95,
            "equity": 2874767,
            "current_ratio": 161.46,
            "debt_ratio": 10.56,
            "inventory_turnover_ratio": 18.09,
            "account_receivable_turnover_ratio": null,
            "reinvestment_rate": null,
            "research_to_sale_ratio": null,
            "price_fair": 36.4,
            "eps_avg_yearly": 1.04,
            "eps_latest_yearly": 0.68,
            "eps_growth_yearly": 529.75
        },
        "20073": {
            "year_quarter": 20073,
            "year": 2007,
            "quarter": 3,
            "eps": -0.02,
            "eps_growth_year": -122.22,
            "eps_4q": 0.81,
            "eps_4q_growth_year": null,
            "roe": -0.16,
            "roe_4q": 6.55,
            "gross_profit": 43978,
            "gross_margin": 17.4,
            "gross_margin_4q_avg": 16.99,
            "net_income": -4469,
            "net_income_4q": null,
            "revenue": 252790,
            "revenue_4q": null,
            "common_shares": 2285033,
            "book_valuer_per_share": 12.63,
            "book_valuer_per_share_4q_avg": 12.34,
            "equity": 2884982,
            "current_ratio": 177.56,
            "debt_ratio": 9.9,
            "inventory_turnover_ratio": 19.92,
            "account_receivable_turnover_ratio": null,
            "reinvestment_rate": null,
            "research_to_sale_ratio": null,
            "price_fair": 36.4,
            "eps_avg_yearly": 1.04,
            "eps_latest_yearly": 0.68,
            "eps_growth_yearly": 529.75
        },
        "20074": {
            "year_quarter": 20074,
            "year": 2007,
            "quarter": 4,
            "eps": -0.4,
            "eps_growth_year": -171.43,
            "eps_4q": -0.18,
            "eps_4q_growth_year": -123.81,
            "roe": -3.16,
            "roe_4q": -1.4200000000000002,
            "gross_profit": 37723,
            "gross_margin": 18.06,
            "gross_margin_4q_avg": 17.98,
            "net_income": -89596,
            "net_income_4q": null,
            "revenue": 208899,
            "revenue_4q": null,
            "common_shares": 2285033,
            "book_valuer_per_share": 12.07,
            "book_valuer_per_share_4q_avg": 12.33,
            "equity": 2778141,
            "current_ratio": 216.46,
            "debt_ratio": 23.89,
            "inventory_turnover_ratio": 3.28,
            "account_receivable_turnover_ratio": null,
            "reinvestment_rate": null,
            "research_to_sale_ratio": null,
            "price_fair": 36.4,
            "eps_avg_yearly": 1.04,
            "eps_latest_yearly": 0.68,
            "eps_growth_yearly": 529.75
        },
        "20081": {
            "year_quarter": 20081,
            "year": 2008,
            "quarter": 1,
            "eps": -0.04,
            "eps_growth_year": -157.14,
            "eps_4q": -0.31,
            "eps_4q_growth_year": -147.88,
            "roe": -0.3,
            "roe_4q": -2.27,
            "gross_profit": 75003,
            "gross_margin": 25.51,
            "gross_margin_4q_avg": 20.04,
            "net_income": -8210,
            "net_income_4q": null,
            "revenue": 294026,
            "revenue_4q": null,
            "common_shares": 2285033,
            "book_valuer_per_share": 12,
            "book_valuer_per_share_4q_avg": 12.26,
            "equity": 2761105,
            "current_ratio": 170.49,
            "debt_ratio": 28.38,
            "inventory_turnover_ratio": 1.99,
            "account_receivable_turnover_ratio": null,
            "reinvestment_rate": null,
            "research_to_sale_ratio": null,
            "price_fair": 36.4,
            "eps_avg_yearly": 1.04,
            "eps_latest_yearly": 0.68,
            "eps_growth_yearly": 529.75
        },
        "20082": {
            "year_quarter": 20082,
            "year": 2008,
            "quarter": 2,
            "eps": 0.09,
            "eps_growth_year": -47.06,
            "eps_4q": -0.38,
            "eps_4q_growth_year": -140.64,
            "roe": 0.72,
            "roe_4q": -2.9000000000000004,
            "gross_profit": 86402,
            "gross_margin": 21.95,
            "gross_margin_4q_avg": 20.73,
            "net_income": 19665,
            "net_income_4q": null,
            "revenue": 393580,
            "revenue_4q": null,
            "common_shares": 2245033,
            "book_valuer_per_share": 12.04,
            "book_valuer_per_share_4q_avg": 12.19,
            "equity": 2721649,
            "current_ratio": 176.21,
            "debt_ratio": 25.41,
            "inventory_turnover_ratio": 2.35,
            "account_receivable_turnover_ratio": null,
            "reinvestment_rate": null,
            "research_to_sale_ratio": null,
            "price_fair": 37.33,
            "eps_avg_yearly": 1.07,
            "eps_latest_yearly": 0.68,
            "eps_growth_yearly": 770.11
        },
        "20083": {
            "year_quarter": 20083,
            "year": 2008,
            "quarter": 3,
            "eps": 0.03,
            "eps_growth_year": null,
            "eps_4q": -0.32,
            "eps_4q_growth_year": -138.97,
            "roe": 0.25,
            "roe_4q": -2.49,
            "gross_profit": 77532,
            "gross_margin": 10.43,
            "gross_margin_4q_avg": 18.99,
            "net_income": 6781,
            "net_income_4q": null,
            "revenue": 743175,
            "revenue_4q": null,
            "common_shares": 2245033,
            "book_valuer_per_share": 11.86,
            "book_valuer_per_share_4q_avg": 11.99,
            "equity": 2682589,
            "current_ratio": 169.4,
            "debt_ratio": 25.58,
            "inventory_turnover_ratio": 5.19,
            "account_receivable_turnover_ratio": null,
            "reinvestment_rate": null,
            "research_to_sale_ratio": null,
            "price_fair": 29.05,
            "eps_avg_yearly": 0.83,
            "eps_latest_yearly": 0.12,
            "eps_growth_yearly": 510.91
        },
        "20084": {
            "year_quarter": 20084,
            "year": 2008,
            "quarter": 4,
            "eps": -0.05,
            "eps_growth_year": null,
            "eps_4q": 0.03,
            "eps_4q_growth_year": null,
            "roe": -0.42,
            "roe_4q": 0.25000000000000006,
            "gross_profit": 37201,
            "gross_margin": -23.1,
            "gross_margin_4q_avg": 8.7,
            "net_income": -11096,
            "net_income_4q": null,
            "revenue": -161013,
            "revenue_4q": null,
            "common_shares": 2245033,
            "book_valuer_per_share": 11.71,
            "book_valuer_per_share_4q_avg": 11.9,
            "equity": 2646518,
            "current_ratio": 171.72,
            "debt_ratio": 24.75,
            "inventory_turnover_ratio": -1.75,
            "account_receivable_turnover_ratio": -1.39,
            "reinvestment_rate": null,
            "research_to_sale_ratio": null,
            "price_fair": 29.05,
            "eps_avg_yearly": 0.83,
            "eps_latest_yearly": 0.12,
            "eps_growth_yearly": 510.91
        },
        "20091": {
            "year_quarter": 20091,
            "year": 2009,
            "quarter": 1,
            "eps": -0.1,
            "eps_growth_year": null,
            "eps_4q": -0.02,
            "eps_4q_growth_year": null,
            "roe": -0.85,
            "roe_4q": -0.30000000000000004,
            "gross_profit": 58890,
            "gross_margin": 24.16,
            "gross_margin_4q_avg": 8.36,
            "net_income": -22602,
            "net_income_4q": null,
            "revenue": 243784,
            "revenue_4q": null,
            "common_shares": 2185033,
            "book_valuer_per_share": 12.08,
            "book_valuer_per_share_4q_avg": 11.92,
            "equity": 2658715,
            "current_ratio": 218.11,
            "debt_ratio": 17.41,
            "inventory_turnover_ratio": 1.84,
            "account_receivable_turnover_ratio": 1.04,
            "reinvestment_rate": null,
            "research_to_sale_ratio": null,
            "price_fair": 29.05,
            "eps_avg_yearly": 0.83,
            "eps_latest_yearly": 0.12,
            "eps_growth_yearly": 510.91
        },
        "20092": {
            "year_quarter": 20092,
            "year": 2009,
            "quarter": 2,
            "eps": -0.03,
            "eps_growth_year": -133.33,
            "eps_4q": -0.15,
            "eps_4q_growth_year": null,
            "roe": -0.27,
            "roe_4q": -1.29,
            "gross_profit": 54799,
            "gross_margin": 23,
            "gross_margin_4q_avg": 8.62,
            "net_income": -7405,
            "net_income_4q": null,
            "revenue": 238261,
            "revenue_4q": null,
            "common_shares": 2167233,
            "book_valuer_per_share": 12.76,
            "book_valuer_per_share_4q_avg": 12.1,
            "equity": 2782788,
            "current_ratio": 214.73,
            "debt_ratio": 18.51,
            "inventory_turnover_ratio": 1.84,
            "account_receivable_turnover_ratio": 0.9,
            "reinvestment_rate": null,
            "research_to_sale_ratio": null,
            "price_fair": 29.05,
            "eps_avg_yearly": 0.83,
            "eps_latest_yearly": 0.12,
            "eps_growth_yearly": 510.91
        },
        "20093": {
            "year_quarter": 20093,
            "year": 2009,
            "quarter": 3,
            "eps": 0.03,
            "eps_growth_year": 0,
            "eps_4q": -0.15,
            "eps_4q_growth_year": null,
            "roe": 0.23,
            "roe_4q": -1.31,
            "gross_profit": 102302,
            "gross_margin": 36.51,
            "gross_margin_4q_avg": 15.14,
            "net_income": 6335,
            "net_income_4q": null,
            "revenue": 280231,
            "revenue_4q": null,
            "common_shares": 2167233,
            "book_valuer_per_share": 12.72,
            "book_valuer_per_share_4q_avg": 12.32,
            "equity": 2773425,
            "current_ratio": 228.05,
            "debt_ratio": 17.38,
            "inventory_turnover_ratio": 1.76,
            "account_receivable_turnover_ratio": 0.97,
            "reinvestment_rate": null,
            "research_to_sale_ratio": null,
            "price_fair": 29.05,
            "eps_avg_yearly": 0.83,
            "eps_latest_yearly": 0.12,
            "eps_growth_yearly": 510.91
        },
        "20094": {
            "year_quarter": 20094,
            "year": 2009,
            "quarter": 4,
            "eps": -0.13,
            "eps_growth_year": null,
            "eps_4q": -0.23,
            "eps_4q_growth_year": -853.25,
            "roe": -1.01,
            "roe_4q": -1.9,
            "gross_profit": 88479,
            "gross_margin": 25.13,
            "gross_margin_4q_avg": 27.2,
            "net_income": -27905,
            "net_income_4q": null,
            "revenue": 352101,
            "revenue_4q": null,
            "common_shares": 2167233,
            "book_valuer_per_share": 12.68,
            "book_valuer_per_share_4q_avg": 12.56,
            "equity": 2743366,
            "current_ratio": 198.89,
            "debt_ratio": 21.55,
            "inventory_turnover_ratio": 2.49,
            "account_receivable_turnover_ratio": 2.54,
            "reinvestment_rate": 403.13,
            "research_to_sale_ratio": null,
            "price_fair": 29.05,
            "eps_avg_yearly": 0.83,
            "eps_latest_yearly": 0.12,
            "eps_growth_yearly": 510.91
        },
        "20101": {
            "year_quarter": 20101,
            "year": 2010,
            "quarter": 1,
            "eps": -0.19,
            "eps_growth_year": null,
            "eps_4q": -0.32,
            "eps_4q_growth_year": null,
            "roe": -1.48,
            "roe_4q": -2.5300000000000002,
            "gross_profit": 74807,
            "gross_margin": 30.35,
            "gross_margin_4q_avg": 28.75,
            "net_income": -40423,
            "net_income_4q": null,
            "revenue": 246491,
            "revenue_4q": null,
            "common_shares": 2167233,
            "book_valuer_per_share": 12.39,
            "book_valuer_per_share_4q_avg": 12.64,
            "equity": 2702219,
            "current_ratio": 195.7,
            "debt_ratio": 21.73,
            "inventory_turnover_ratio": 1.4,
            "account_receivable_turnover_ratio": 0.86,
            "reinvestment_rate": 13878.36,
            "research_to_sale_ratio": 6.44,
            "price_fair": 29.05,
            "eps_avg_yearly": 0.83,
            "eps_latest_yearly": 0.12,
            "eps_growth_yearly": 510.91
        },
        "20102": {
            "year_quarter": 20102,
            "year": 2010,
            "quarter": 2,
            "eps": -0.04,
            "eps_growth_year": null,
            "eps_4q": -0.33,
            "eps_4q_growth_year": null,
            "roe": -0.31,
            "roe_4q": -2.57,
            "gross_profit": 72356,
            "gross_margin": 23.08,
            "gross_margin_4q_avg": 28.77,
            "net_income": -8461,
            "net_income_4q": null,
            "revenue": 313433,
            "revenue_4q": null,
            "common_shares": 2153033,
            "book_valuer_per_share": 12.48,
            "book_valuer_per_share_4q_avg": 12.57,
            "equity": 2699105,
            "current_ratio": 206.69,
            "debt_ratio": 19.88,
            "inventory_turnover_ratio": 1.58,
            "account_receivable_turnover_ratio": 1.12,
            "reinvestment_rate": 3686.63,
            "research_to_sale_ratio": 4.83,
            "price_fair": 29.05,
            "eps_avg_yearly": 0.83,
            "eps_latest_yearly": 0.12,
            "eps_growth_yearly": 510.91
        },
        "20103": {
            "year_quarter": 20103,
            "year": 2010,
            "quarter": 3,
            "eps": -0.11,
            "eps_growth_year": -452.14,
            "eps_4q": -0.46,
            "eps_4q_growth_year": null,
            "roe": -0.87,
            "roe_4q": -3.67,
            "gross_profit": 100779,
            "gross_margin": 24.26,
            "gross_margin_4q_avg": 25.71,
            "net_income": -23453,
            "net_income_4q": null,
            "revenue": 415473,
            "revenue_4q": null,
            "common_shares": 2153033,
            "book_valuer_per_share": 12.35,
            "book_valuer_per_share_4q_avg": 12.48,
            "equity": 2670419,
            "current_ratio": 148.57,
            "debt_ratio": 23.75,
            "inventory_turnover_ratio": 1.94,
            "account_receivable_turnover_ratio": 1.47,
            "reinvestment_rate": null,
            "research_to_sale_ratio": 3.25,
            "price_fair": 29.05,
            "eps_avg_yearly": 0.83,
            "eps_latest_yearly": 0.12,
            "eps_growth_yearly": 510.91
        },
        "20104": {
            "year_quarter": 20104,
            "year": 2010,
            "quarter": 4,
            "eps": -0.4,
            "eps_growth_year": null,
            "eps_4q": -0.73,
            "eps_4q_growth_year": null,
            "roe": -3.31,
            "roe_4q": -5.969999999999999,
            "gross_profit": 25291,
            "gross_margin": 10.67,
            "gross_margin_4q_avg": 22.09,
            "net_income": -86642,
            "net_income_4q": null,
            "revenue": 236983,
            "revenue_4q": null,
            "common_shares": 2153033,
            "book_valuer_per_share": 11.86,
            "book_valuer_per_share_4q_avg": 12.27,
            "equity": 2570180,
            "current_ratio": 199.55,
            "debt_ratio": 26,
            "inventory_turnover_ratio": 0.59,
            "account_receivable_turnover_ratio": 0.91,
            "reinvestment_rate": null,
            "research_to_sale_ratio": 7.66,
            "price_fair": 1.08,
            "eps_avg_yearly": 0.36,
            "eps_latest_yearly": 0.12,
            "eps_growth_yearly": -15.08
        },
        "20111": {
            "year_quarter": 20111,
            "year": 2011,
            "quarter": 1,
            "eps": -0.1,
            "eps_growth_year": null,
            "eps_4q": -0.65,
            "eps_4q_growth_year": null,
            "roe": -0.87,
            "roe_4q": -5.359999999999999,
            "gross_profit": 54228,
            "gross_margin": 28.15,
            "gross_margin_4q_avg": 21.54,
            "net_income": -22268,
            "net_income_4q": null,
            "revenue": 192662,
            "revenue_4q": null,
            "common_shares": 2153033,
            "book_valuer_per_share": 11.74,
            "book_valuer_per_share_4q_avg": 12.11,
            "equity": 2543655,
            "current_ratio": 188.31,
            "debt_ratio": 27.45,
            "inventory_turnover_ratio": 0.24,
            "account_receivable_turnover_ratio": 0.91,
            "reinvestment_rate": null,
            "research_to_sale_ratio": 7.45,
            "price_fair": 14,
            "eps_avg_yearly": 0.4,
            "eps_latest_yearly": 0.12,
            "eps_growth_yearly": 152.38
        },
        "20112": {
            "year_quarter": 20112,
            "year": 2011,
            "quarter": 2,
            "eps": -0.13,
            "eps_growth_year": null,
            "eps_4q": -0.74,
            "eps_4q_growth_year": null,
            "roe": -1.14,
            "roe_4q": -6.19,
            "gross_profit": 48009,
            "gross_margin": 21.64,
            "gross_margin_4q_avg": 21.18,
            "net_income": -28704,
            "net_income_4q": null,
            "revenue": 221848,
            "revenue_4q": null,
            "common_shares": 2153033,
            "book_valuer_per_share": 11.49,
            "book_valuer_per_share_4q_avg": 11.86,
            "equity": 2491632,
            "current_ratio": 209.3,
            "debt_ratio": 26.54,
            "inventory_turnover_ratio": 0.31,
            "account_receivable_turnover_ratio": 0.98,
            "reinvestment_rate": null,
            "research_to_sale_ratio": 6.65,
            "price_fair": 0.36,
            "eps_avg_yearly": 0.12,
            "eps_latest_yearly": 0.12,
            "eps_growth_yearly": -266.67
        },
        "20113": {
            "year_quarter": 20113,
            "year": 2011,
            "quarter": 3,
            "eps": -0.08,
            "eps_growth_year": null,
            "eps_4q": -0.72,
            "eps_4q_growth_year": null,
            "roe": -0.68,
            "roe_4q": -6,
            "gross_profit": 45679,
            "gross_margin": 20.07,
            "gross_margin_4q_avg": 20.13,
            "net_income": -16934,
            "net_income_4q": null,
            "revenue": 227605,
            "revenue_4q": null,
            "common_shares": 2153033,
            "book_valuer_per_share": 11.43,
            "book_valuer_per_share_4q_avg": 11.63,
            "equity": 2477172,
            "current_ratio": 189.02,
            "debt_ratio": 28.58,
            "inventory_turnover_ratio": 0.32,
            "account_receivable_turnover_ratio": 0.96,
            "reinvestment_rate": null,
            "research_to_sale_ratio": 7.91,
            "price_fair": 0.36,
            "eps_avg_yearly": 0.12,
            "eps_latest_yearly": 0.12,
            "eps_growth_yearly": -266.67
        },
        "20114": {
            "year_quarter": 20114,
            "year": 2011,
            "quarter": 4,
            "eps": -0.29,
            "eps_growth_year": null,
            "eps_4q": -0.6,
            "eps_4q_growth_year": null,
            "roe": -2.53,
            "roe_4q": -5.22,
            "gross_profit": 40557,
            "gross_margin": 18.32,
            "gross_margin_4q_avg": 22.05,
            "net_income": -62442,
            "net_income_4q": null,
            "revenue": 221415,
            "revenue_4q": null,
            "common_shares": 2153033,
            "book_valuer_per_share": 11.33,
            "book_valuer_per_share_4q_avg": 11.5,
            "equity": 2455011,
            "current_ratio": 225.68,
            "debt_ratio": 23.51,
            "inventory_turnover_ratio": 0.33,
            "account_receivable_turnover_ratio": 1.08,
            "reinvestment_rate": null,
            "research_to_sale_ratio": 7.18,
            "price_fair": 0.36,
            "eps_avg_yearly": 0.12,
            "eps_latest_yearly": 0.12,
            "eps_growth_yearly": -266.67
        },
        "20121": {
            "year_quarter": 20121,
            "year": 2012,
            "quarter": 1,
            "eps": -0.14,
            "eps_growth_year": null,
            "eps_4q": -0.64,
            "eps_4q_growth_year": null,
            "roe": -1.23,
            "roe_4q": -5.579999999999999,
            "gross_profit": 56765,
            "gross_margin": 24.52,
            "gross_margin_4q_avg": 21.14,
            "net_income": -29988,
            "net_income_4q": null,
            "revenue": 231550,
            "revenue_4q": null,
            "common_shares": 2153033,
            "book_valuer_per_share": 11.15,
            "book_valuer_per_share_4q_avg": 11.35,
            "equity": 2416139,
            "current_ratio": 200.2,
            "debt_ratio": 27.22,
            "inventory_turnover_ratio": 0.31,
            "account_receivable_turnover_ratio": 1.05,
            "reinvestment_rate": null,
            "research_to_sale_ratio": 7.79,
            "price_fair": 0.36,
            "eps_avg_yearly": 0.12,
            "eps_latest_yearly": 0.12,
            "eps_growth_yearly": -266.67
        },
        "20122": {
            "year_quarter": 20122,
            "year": 2012,
            "quarter": 2,
            "eps": -0.22,
            "eps_growth_year": null,
            "eps_4q": -0.73,
            "eps_4q_growth_year": null,
            "roe": -1.95,
            "roe_4q": -6.389999999999999,
            "gross_profit": 55029,
            "gross_margin": 28.58,
            "gross_margin_4q_avg": 22.87,
            "net_income": -46852,
            "net_income_4q": null,
            "revenue": 192546,
            "revenue_4q": null,
            "common_shares": 2153033,
            "book_valuer_per_share": 11.07,
            "book_valuer_per_share_4q_avg": 11.25,
            "equity": 2400738,
            "current_ratio": 161.39,
            "debt_ratio": 28.48,
            "inventory_turnover_ratio": 0.24,
            "account_receivable_turnover_ratio": 0.81,
            "reinvestment_rate": null,
            "research_to_sale_ratio": 8.52,
            "price_fair": 0.36,
            "eps_avg_yearly": 0.12,
            "eps_latest_yearly": 0.12,
            "eps_growth_yearly": -266.67
        },
        "20123": {
            "year_quarter": 20123,
            "year": 2012,
            "quarter": 3,
            "eps": -0.09,
            "eps_growth_year": null,
            "eps_4q": -0.73,
            "eps_4q_growth_year": null,
            "roe": -0.75,
            "roe_4q": -6.46,
            "gross_profit": 70037,
            "gross_margin": 27.64,
            "gross_margin_4q_avg": 24.77,
            "net_income": -17969,
            "net_income_4q": null,
            "revenue": 253422,
            "revenue_4q": null,
            "common_shares": 2153033,
            "book_valuer_per_share": 10.96,
            "book_valuer_per_share_4q_avg": 11.13,
            "equity": 2377234,
            "current_ratio": 155.49,
            "debt_ratio": 29.36,
            "inventory_turnover_ratio": 0.31,
            "account_receivable_turnover_ratio": 1.08,
            "reinvestment_rate": null,
            "research_to_sale_ratio": 6.97,
            "price_fair": 0,
            "eps_avg_yearly": 0,
            "eps_latest_yearly": 0,
            "eps_growth_yearly": 0
        },
        "20124": {
            "year_quarter": 20124,
            "year": 2012,
            "quarter": 4,
            "eps": 0.48,
            "eps_growth_year": null,
            "eps_4q": 0.04,
            "eps_4q_growth_year": null,
            "roe": 4.31,
            "roe_4q": 0.37999999999999967,
            "gross_profit": 68398,
            "gross_margin": 28.02,
            "gross_margin_4q_avg": 27.19,
            "net_income": 104713,
            "net_income_4q": null,
            "revenue": 244105,
            "revenue_4q": null,
            "common_shares": 2153033,
            "book_valuer_per_share": 11.45,
            "book_valuer_per_share_4q_avg": 11.16,
            "equity": 2482174,
            "current_ratio": 144.09,
            "debt_ratio": 28.3,
            "inventory_turnover_ratio": 0.29,
            "account_receivable_turnover_ratio": 0.97,
            "reinvestment_rate": null,
            "research_to_sale_ratio": 6.7,
            "price_fair": 0,
            "eps_avg_yearly": 0,
            "eps_latest_yearly": 0,
            "eps_growth_yearly": 0
        },
        "20131": {
            "year_quarter": 20131,
            "year": 2013,
            "quarter": 1,
            "eps": 0.16,
            "eps_growth_year": null,
            "eps_4q": 0.34,
            "eps_4q_growth_year": null,
            "roe": 1.36,
            "roe_4q": 2.9699999999999998,
            "gross_profit": 42416,
            "gross_margin": 22.62,
            "gross_margin_4q_avg": 26.72,
            "net_income": 33959,
            "net_income_4q": null,
            "revenue": 187500,
            "revenue_4q": null,
            "common_shares": 2153033,
            "book_valuer_per_share": 11.64,
            "book_valuer_per_share_4q_avg": 11.28,
            "equity": 2518685,
            "current_ratio": 154.1,
            "debt_ratio": 27.14,
            "inventory_turnover_ratio": 0.25,
            "account_receivable_turnover_ratio": 0.93,
            "reinvestment_rate": null,
            "research_to_sale_ratio": 9.48,
            "price_fair": 1.92,
            "eps_avg_yearly": 0.64,
            "eps_latest_yearly": 0.64,
            "eps_growth_yearly": -266.67
        },
        "20132": {
            "year_quarter": 20132,
            "year": 2013,
            "quarter": 2,
            "eps": 0.01,
            "eps_growth_year": null,
            "eps_4q": 0.57,
            "eps_4q_growth_year": null,
            "roe": 0.18,
            "roe_4q": 5.1,
            "gross_profit": 83657,
            "gross_margin": 32.49,
            "gross_margin_4q_avg": 27.69,
            "net_income": 4499,
            "net_income_4q": null,
            "revenue": 257481,
            "revenue_4q": null,
            "common_shares": 2153033,
            "book_valuer_per_share": 11.8,
            "book_valuer_per_share_4q_avg": 11.46,
            "equity": 2552991,
            "current_ratio": 166.92,
            "debt_ratio": 25.75,
            "inventory_turnover_ratio": 0.3,
            "account_receivable_turnover_ratio": 1.43,
            "reinvestment_rate": null,
            "research_to_sale_ratio": 6.77,
            "price_fair": 1.02,
            "eps_avg_yearly": 0.34,
            "eps_latest_yearly": 0.04,
            "eps_growth_yearly": -320.83
        },
        "20133": {
            "year_quarter": 20133,
            "year": 2013,
            "quarter": 3,
            "eps": -0.16,
            "eps_growth_year": null,
            "eps_4q": 0.5,
            "eps_4q_growth_year": null,
            "roe": -1.32,
            "roe_4q": 4.529999999999999,
            "gross_profit": 54887,
            "gross_margin": 26.67,
            "gross_margin_4q_avg": 27.45,
            "net_income": -33355,
            "net_income_4q": null,
            "revenue": 205782,
            "revenue_4q": null,
            "common_shares": 2153033,
            "book_valuer_per_share": 11.54,
            "book_valuer_per_share_4q_avg": 11.61,
            "equity": 2497857,
            "current_ratio": 149.86,
            "debt_ratio": 25.8,
            "inventory_turnover_ratio": 0.26,
            "account_receivable_turnover_ratio": 1.17,
            "reinvestment_rate": null,
            "research_to_sale_ratio": 11.4,
            "price_fair": 1.02,
            "eps_avg_yearly": 0.34,
            "eps_latest_yearly": 0.04,
            "eps_growth_yearly": -320.83
        },
        "20134": {
            "year_quarter": 20134,
            "year": 2013,
            "quarter": 4,
            "eps": 0.22,
            "eps_growth_year": -53.81,
            "eps_4q": 0.24,
            "eps_4q_growth_year": 485.98,
            "roe": 1.92,
            "roe_4q": 2.1399999999999997,
            "gross_profit": 56243,
            "gross_margin": 24.76,
            "gross_margin_4q_avg": 26.64,
            "net_income": 48979,
            "net_income_4q": null,
            "revenue": 227178,
            "revenue_4q": null,
            "common_shares": 2153033,
            "book_valuer_per_share": 12,
            "book_valuer_per_share_4q_avg": 11.75,
            "equity": 2598370,
            "current_ratio": 149.24,
            "debt_ratio": 24.36,
            "inventory_turnover_ratio": 0.28,
            "account_receivable_turnover_ratio": 1.47,
            "reinvestment_rate": null,
            "research_to_sale_ratio": 8.39,
            "price_fair": 1.02,
            "eps_avg_yearly": 0.34,
            "eps_latest_yearly": 0.04,
            "eps_growth_yearly": -320.83
        },
        "20141": {
            "year_quarter": 20141,
            "year": 2014,
            "quarter": 1,
            "eps": -0.1,
            "eps_growth_year": -162.5,
            "eps_4q": -0.02,
            "eps_4q_growth_year": -106.77,
            "roe": -0.82,
            "roe_4q": -0.03999999999999998,
            "gross_profit": 73086,
            "gross_margin": 29.86,
            "gross_margin_4q_avg": 28.45,
            "net_income": -21510,
            "net_income_4q": null,
            "revenue": 244744,
            "revenue_4q": null,
            "common_shares": 2153033,
            "book_valuer_per_share": 12.26,
            "book_valuer_per_share_4q_avg": 11.9,
            "equity": 2656519,
            "current_ratio": 137.74,
            "debt_ratio": 29.98,
            "inventory_turnover_ratio": 0.27,
            "account_receivable_turnover_ratio": 1.52,
            "reinvestment_rate": null,
            "research_to_sale_ratio": 7.99,
            "price_fair": 1.02,
            "eps_avg_yearly": 0.34,
            "eps_latest_yearly": 0.04,
            "eps_growth_yearly": -320.83
        },
        "20142": {
            "year_quarter": 20142,
            "year": 2014,
            "quarter": 2,
            "eps": 0.1,
            "eps_growth_year": 900,
            "eps_4q": 0.07,
            "eps_4q_growth_year": -88.38,
            "roe": 0.84,
            "roe_4q": 0.6199999999999999,
            "gross_profit": 144833,
            "gross_margin": 32.96,
            "gross_margin_4q_avg": 28.56,
            "net_income": 21996,
            "net_income_4q": null,
            "revenue": 439427,
            "revenue_4q": null,
            "common_shares": 2153033,
            "book_valuer_per_share": 11.81,
            "book_valuer_per_share_4q_avg": 11.9,
            "equity": 2558827,
            "current_ratio": 117.87,
            "debt_ratio": 32.77,
            "inventory_turnover_ratio": 0.46,
            "account_receivable_turnover_ratio": 1.75,
            "reinvestment_rate": null,
            "research_to_sale_ratio": 4.49,
            "price_fair": 1.02,
            "eps_avg_yearly": 0.34,
            "eps_latest_yearly": 0.04,
            "eps_growth_yearly": -320.83
        },
        "20143": {
            "year_quarter": 20143,
            "year": 2014,
            "quarter": 3,
            "eps": -0.23,
            "eps_growth_year": null,
            "eps_4q": -0.01,
            "eps_4q_growth_year": -101.26,
            "roe": -2.02,
            "roe_4q": -0.08000000000000007,
            "gross_profit": 82340,
            "gross_margin": 27.53,
            "gross_margin_4q_avg": 28.78,
            "net_income": -50901,
            "net_income_4q": null,
            "revenue": 299094,
            "revenue_4q": null,
            "common_shares": 2153033,
            "book_valuer_per_share": 11.59,
            "book_valuer_per_share_4q_avg": 11.92,
            "equity": 2490675,
            "current_ratio": 119.23,
            "debt_ratio": 34.59,
            "inventory_turnover_ratio": 0.34,
            "account_receivable_turnover_ratio": 1.05,
            "reinvestment_rate": null,
            "research_to_sale_ratio": 6.88,
            "price_fair": 1.02,
            "eps_avg_yearly": 0.34,
            "eps_latest_yearly": 0.04,
            "eps_growth_yearly": -320.83
        },
        "20144": {
            "year_quarter": 20144,
            "year": 2014,
            "quarter": 4,
            "eps": -0.12,
            "eps_growth_year": -153.47,
            "eps_4q": -0.35,
            "eps_4q_growth_year": -248.79,
            "roe": -1.03,
            "roe_4q": -3.03,
            "gross_profit": 61220,
            "gross_margin": 23.38,
            "gross_margin_4q_avg": 28.43,
            "net_income": -25586,
            "net_income_4q": null,
            "revenue": 261853,
            "revenue_4q": null,
            "common_shares": 2153033,
            "book_valuer_per_share": 11.53,
            "book_valuer_per_share_4q_avg": 11.8,
            "equity": 2477228,
            "current_ratio": 145.92,
            "debt_ratio": 31.67,
            "inventory_turnover_ratio": 0.32,
            "account_receivable_turnover_ratio": 1.59,
            "reinvestment_rate": null,
            "research_to_sale_ratio": 9.78,
            "price_fair": 1.02,
            "eps_avg_yearly": 0.34,
            "eps_latest_yearly": 0.04,
            "eps_growth_yearly": -320.83
        },
        "20151": {
            "year_quarter": 20151,
            "year": 2015,
            "quarter": 1,
            "eps": 0.04,
            "eps_growth_year": null,
            "eps_4q": -0.21,
            "eps_4q_growth_year": null,
            "roe": 0.32,
            "roe_4q": -1.8900000000000001,
            "gross_profit": 50689,
            "gross_margin": 23.55,
            "gross_margin_4q_avg": 26.86,
            "net_income": 8063,
            "net_income_4q": null,
            "revenue": 215195,
            "revenue_4q": null,
            "common_shares": 2153033,
            "book_valuer_per_share": 11.57,
            "book_valuer_per_share_4q_avg": 11.63,
            "equity": 2486036,
            "current_ratio": 154.8,
            "debt_ratio": 29.77,
            "inventory_turnover_ratio": 0.27,
            "account_receivable_turnover_ratio": 1.71,
            "reinvestment_rate": null,
            "research_to_sale_ratio": 10.74,
            "price_fair": 1.02,
            "eps_avg_yearly": 0.34,
            "eps_latest_yearly": 0.04,
            "eps_growth_yearly": -320.83
        },
        "20152": {
            "year_quarter": 20152,
            "year": 2015,
            "quarter": 2,
            "eps": 0.06,
            "eps_growth_year": -40,
            "eps_4q": -0.26,
            "eps_4q_growth_year": -491.56,
            "roe": 0.49,
            "roe_4q": -2.24,
            "gross_profit": 27133,
            "gross_margin": 15.04,
            "gross_margin_4q_avg": 22.38,
            "net_income": 12260,
            "net_income_4q": null,
            "revenue": 180375,
            "revenue_4q": null,
            "common_shares": 2153033,
            "book_valuer_per_share": 11.62,
            "book_valuer_per_share_4q_avg": 11.58,
            "equity": 2495903,
            "current_ratio": 172.71,
            "debt_ratio": 29.1,
            "inventory_turnover_ratio": 0.25,
            "account_receivable_turnover_ratio": 1.42,
            "reinvestment_rate": null,
            "research_to_sale_ratio": 14.91,
            "price_fair": 0.92,
            "eps_avg_yearly": 0.31,
            "eps_latest_yearly": 0.24,
            "eps_growth_yearly": -147.22
        },
        "20153": {
            "year_quarter": 20153,
            "year": 2015,
            "quarter": 3,
            "eps": 0.4,
            "eps_growth_year": null,
            "eps_4q": 0.38,
            "eps_4q_growth_year": null,
            "roe": 3.33,
            "roe_4q": 3.1100000000000003,
            "gross_profit": 32359,
            "gross_margin": 14.29,
            "gross_margin_4q_avg": 19.07,
            "net_income": 84756,
            "net_income_4q": null,
            "revenue": 226505,
            "revenue_4q": null,
            "common_shares": 2153033,
            "book_valuer_per_share": 12.08,
            "book_valuer_per_share_4q_avg": 11.7,
            "equity": 2593747,
            "current_ratio": 211.64,
            "debt_ratio": 24.51,
            "inventory_turnover_ratio": 0.32,
            "account_receivable_turnover_ratio": 1.73,
            "reinvestment_rate": 756.2,
            "research_to_sale_ratio": 11.18,
            "price_fair": 22.05,
            "eps_avg_yearly": 0.63,
            "eps_latest_yearly": 1.6,
            "eps_growth_yearly": 456.25
        },
        "20154": {
            "year_quarter": 20154,
            "year": 2015,
            "quarter": 4,
            "eps": 0.31,
            "eps_growth_year": null,
            "eps_4q": 0.81,
            "eps_4q_growth_year": null,
            "roe": 2.52,
            "roe_4q": 6.66,
            "gross_profit": 23022,
            "gross_margin": 9.33,
            "gross_margin_4q_avg": 15.55,
            "net_income": 66134,
            "net_income_4q": null,
            "revenue": 246829,
            "revenue_4q": null,
            "common_shares": 2153033,
            "book_valuer_per_share": 12.38,
            "book_valuer_per_share_4q_avg": 11.91,
            "equity": 2658812,
            "current_ratio": 200.66,
            "debt_ratio": 23.72,
            "inventory_turnover_ratio": 0.36,
            "account_receivable_turnover_ratio": 1.72,
            "reinvestment_rate": 91.96,
            "research_to_sale_ratio": 14.08,
            "price_fair": 26.32,
            "eps_avg_yearly": 0.75,
            "eps_latest_yearly": 1.24,
            "eps_growth_yearly": 347
        },
        "20161": {
            "year_quarter": 20161,
            "year": 2016,
            "quarter": 1,
            "eps": 0.15,
            "eps_growth_year": 275,
            "eps_4q": 0.92,
            "eps_4q_growth_year": null,
            "roe": 1.16,
            "roe_4q": 7.5,
            "gross_profit": 43392,
            "gross_margin": 18.79,
            "gross_margin_4q_avg": 14.36,
            "net_income": 31122,
            "net_income_4q": null,
            "revenue": 230986,
            "revenue_4q": null,
            "common_shares": 2153033,
            "book_valuer_per_share": 12.63,
            "book_valuer_per_share_4q_avg": 12.18,
            "equity": 2709911,
            "current_ratio": 242.56,
            "debt_ratio": 18.66,
            "inventory_turnover_ratio": 0.3,
            "account_receivable_turnover_ratio": 1.65,
            "reinvestment_rate": 137.65,
            "research_to_sale_ratio": 10.19,
            "price_fair": 25.43,
            "eps_avg_yearly": 0.73,
            "eps_latest_yearly": 0.6,
            "eps_growth_yearly": 254.76
        },
        "20162": {
            "year_quarter": 20162,
            "year": 2016,
            "quarter": 2,
            "eps": -0.12,
            "eps_growth_year": -300,
            "eps_4q": 0.74,
            "eps_4q_growth_year": null,
            "roe": -1.02,
            "roe_4q": 5.99,
            "gross_profit": 33058,
            "gross_margin": 16.61,
            "gross_margin_4q_avg": 14.76,
            "net_income": -27265,
            "net_income_4q": null,
            "revenue": 199006,
            "revenue_4q": null,
            "common_shares": 2153033,
            "book_valuer_per_share": 12.28,
            "book_valuer_per_share_4q_avg": 12.34,
            "equity": 2635474,
            "current_ratio": 230.06,
            "debt_ratio": 19.88,
            "inventory_turnover_ratio": 0.27,
            "account_receivable_turnover_ratio": 1.3,
            "reinvestment_rate": -2.46,
            "research_to_sale_ratio": 12.16,
            "price_fair": 25.43,
            "eps_avg_yearly": 0.73,
            "eps_latest_yearly": 0.6,
            "eps_growth_yearly": 254.76
        },
        "20163": {
            "year_quarter": 20163,
            "year": 2016,
            "quarter": 3,
            "eps": -0.26,
            "eps_growth_year": -165,
            "eps_4q": 0.07,
            "eps_4q_growth_year": -80.19,
            "roe": -2.14,
            "roe_4q": 0.52,
            "gross_profit": 30495,
            "gross_margin": 13.99,
            "gross_margin_4q_avg": 14.68,
            "net_income": -55646,
            "net_income_4q": null,
            "revenue": 217972,
            "revenue_4q": null,
            "common_shares": 2153033,
            "book_valuer_per_share": 12.03,
            "book_valuer_per_share_4q_avg": 12.33,
            "equity": 2569251,
            "current_ratio": 241.04,
            "debt_ratio": 20.14,
            "inventory_turnover_ratio": 0.31,
            "account_receivable_turnover_ratio": 1.42,
            "reinvestment_rate": 19.76,
            "research_to_sale_ratio": 10.99,
            "price_fair": 25.43,
            "eps_avg_yearly": 0.73,
            "eps_latest_yearly": 0.6,
            "eps_growth_yearly": 254.76
        },
        "20164": {
            "year_quarter": 20164,
            "year": 2016,
            "quarter": 4,
            "eps": 0.01,
            "eps_growth_year": -97.36,
            "eps_4q": -0.23,
            "eps_4q_growth_year": -128.27,
            "roe": 0.02,
            "roe_4q": -1.9800000000000002,
            "gross_profit": 5055,
            "gross_margin": 3.11,
            "gross_margin_4q_avg": 13.13,
            "net_income": 573,
            "net_income_4q": null,
            "revenue": 162791,
            "revenue_4q": null,
            "common_shares": 2153033,
            "book_valuer_per_share": 11.99,
            "book_valuer_per_share_4q_avg": 12.23,
            "equity": 2559971,
            "current_ratio": 271.62,
            "debt_ratio": 18.71,
            "inventory_turnover_ratio": 0.27,
            "account_receivable_turnover_ratio": 1.31,
            "reinvestment_rate": -81.39,
            "research_to_sale_ratio": 16.78,
            "price_fair": 25.43,
            "eps_avg_yearly": 0.73,
            "eps_latest_yearly": 0.6,
            "eps_growth_yearly": 254.76
        },
        "20171": {
            "year_quarter": 20171,
            "year": 2017,
            "quarter": 1,
            "eps": -0.41,
            "eps_growth_year": -373.33,
            "eps_4q": -0.79,
            "eps_4q_growth_year": -185.69,
            "roe": -3.49,
            "roe_4q": -6.630000000000001,
            "gross_profit": 18232,
            "gross_margin": 10.09,
            "gross_margin_4q_avg": 10.95,
            "net_income": -87849,
            "net_income_4q": null,
            "revenue": 180642,
            "revenue_4q": null,
            "common_shares": 2153033,
            "book_valuer_per_share": 11.58,
            "book_valuer_per_share_4q_avg": 11.97,
            "equity": 2478226,
            "current_ratio": 284.7,
            "debt_ratio": 17.12,
            "inventory_turnover_ratio": 0.28,
            "account_receivable_turnover_ratio": 1.72,
            "reinvestment_rate": null,
            "research_to_sale_ratio": 12.89,
            "price_fair": 26.04,
            "eps_avg_yearly": 0.74,
            "eps_latest_yearly": 0.6,
            "eps_growth_yearly": 359.04
        },
        "20172": {
            "year_quarter": 20172,
            "year": 2017,
            "quarter": 2,
            "eps": -0.3,
            "eps_growth_year": null,
            "eps_4q": -0.96,
            "eps_4q_growth_year": -230.56,
            "roe": -2.62,
            "roe_4q": -8.23,
            "gross_profit": 29014,
            "gross_margin": 16.53,
            "gross_margin_4q_avg": 10.93,
            "net_income": -64011,
            "net_income_4q": null,
            "revenue": 175575,
            "revenue_4q": null,
            "common_shares": 2153033,
            "book_valuer_per_share": 11.23,
            "book_valuer_per_share_4q_avg": 11.71,
            "equity": 2404557,
            "current_ratio": 248.3,
            "debt_ratio": 19.05,
            "inventory_turnover_ratio": 0.26,
            "account_receivable_turnover_ratio": 1.59,
            "reinvestment_rate": null,
            "research_to_sale_ratio": 14.9,
            "price_fair": 32.2,
            "eps_avg_yearly": 0.92,
            "eps_latest_yearly": 0.6,
            "eps_growth_yearly": 542.55
        },
        "20173": {
            "year_quarter": 20173,
            "year": 2017,
            "quarter": 3,
            "eps": -0.07,
            "eps_growth_year": null,
            "eps_4q": -0.77,
            "eps_4q_growth_year": -1137.05,
            "roe": -0.64,
            "roe_4q": -6.73,
            "gross_profit": 21347,
            "gross_margin": 12.07,
            "gross_margin_4q_avg": 10.45,
            "net_income": -15459,
            "net_income_4q": null,
            "revenue": 176877,
            "revenue_4q": null,
            "common_shares": 2140216,
            "book_valuer_per_share": 11.23,
            "book_valuer_per_share_4q_avg": 11.51,
            "equity": 2403359,
            "current_ratio": 258.81,
            "debt_ratio": 19.47,
            "inventory_turnover_ratio": 0.28,
            "account_receivable_turnover_ratio": 1.6,
            "reinvestment_rate": null,
            "research_to_sale_ratio": 11.79,
            "price_fair": 32.2,
            "eps_avg_yearly": 0.92,
            "eps_latest_yearly": 0.6,
            "eps_growth_yearly": 542.55
        },
        "20174": {
            "year_quarter": 20174,
            "year": 2017,
            "quarter": 4,
            "eps": 0.13,
            "eps_growth_year": 1522.67,
            "eps_4q": -0.65,
            "eps_4q_growth_year": null,
            "roe": 1.18,
            "roe_4q": -5.57,
            "gross_profit": 22666,
            "gross_margin": 13.15,
            "gross_margin_4q_avg": 12.96,
            "net_income": 28434,
            "net_income_4q": null,
            "revenue": 172417,
            "revenue_4q": null,
            "common_shares": 2140216,
            "book_valuer_per_share": 11.37,
            "book_valuer_per_share_4q_avg": 11.35,
            "equity": 2433539,
            "current_ratio": 261.09,
            "debt_ratio": 19.69,
            "inventory_turnover_ratio": 0.27,
            "account_receivable_turnover_ratio": 1.63,
            "reinvestment_rate": null,
            "research_to_sale_ratio": 13.72,
            "price_fair": 32.2,
            "eps_avg_yearly": 0.92,
            "eps_latest_yearly": 0.6,
            "eps_growth_yearly": 542.55
        },
        "20181": {
            "year_quarter": 20181,
            "year": 2018,
            "quarter": 1,
            "eps": -0.1,
            "eps_growth_year": null,
            "eps_4q": -0.34,
            "eps_4q_growth_year": null,
            "roe": -0.89,
            "roe_4q": -2.97,
            "gross_profit": 26596,
            "gross_margin": 15.98,
            "gross_margin_4q_avg": 14.43,
            "net_income": -21665,
            "net_income_4q": null,
            "revenue": 166447,
            "revenue_4q": null,
            "common_shares": 2140216,
            "book_valuer_per_share": 11.29,
            "book_valuer_per_share_4q_avg": 11.28,
            "equity": 2415972,
            "current_ratio": 278.42,
            "debt_ratio": 17.92,
            "inventory_turnover_ratio": 0.25,
            "account_receivable_turnover_ratio": 1.77,
            "reinvestment_rate": null,
            "research_to_sale_ratio": 10.51,
            "price_fair": 32.2,
            "eps_avg_yearly": 0.92,
            "eps_latest_yearly": 0.6,
            "eps_growth_yearly": 542.55
        },
        "20182": {
            "year_quarter": 20182,
            "year": 2018,
            "quarter": 2,
            "eps": -0.13,
            "eps_growth_year": null,
            "eps_4q": -0.17,
            "eps_4q_growth_year": null,
            "roe": -1.11,
            "roe_4q": -1.46,
            "gross_profit": 34484,
            "gross_margin": 18.77,
            "gross_margin_4q_avg": 14.99,
            "net_income": -26814,
            "net_income_4q": null,
            "revenue": 183766,
            "revenue_4q": null,
            "common_shares": 2140216,
            "book_valuer_per_share": 11.26,
            "book_valuer_per_share_4q_avg": 11.29,
            "equity": 2409653,
            "current_ratio": 290.96,
            "debt_ratio": 16.86,
            "inventory_turnover_ratio": 0.26,
            "account_receivable_turnover_ratio": 1.9,
            "reinvestment_rate": null,
            "research_to_sale_ratio": 8.75,
            "price_fair": 32.2,
            "eps_avg_yearly": 0.92,
            "eps_latest_yearly": 0.6,
            "eps_growth_yearly": 542.55
        },
        "20183": {
            "year_quarter": 20183,
            "year": 2018,
            "quarter": 3,
            "eps": -0.25,
            "eps_growth_year": null,
            "eps_4q": -0.35,
            "eps_4q_growth_year": null,
            "roe": -2.31,
            "roe_4q": -3.13,
            "gross_profit": 29042,
            "gross_margin": 17.45,
            "gross_margin_4q_avg": 16.34,
            "net_income": -55022,
            "net_income_4q": null,
            "revenue": 166452,
            "revenue_4q": null,
            "common_shares": 2140216,
            "book_valuer_per_share": 10.96,
            "book_valuer_per_share_4q_avg": 11.22,
            "equity": 2345972,
            "current_ratio": 289.51,
            "debt_ratio": 16.42,
            "inventory_turnover_ratio": 0.25,
            "account_receivable_turnover_ratio": 1.67,
            "reinvestment_rate": null,
            "research_to_sale_ratio": 8.92,
            "price_fair": 32.2,
            "eps_avg_yearly": 0.92,
            "eps_latest_yearly": 0.6,
            "eps_growth_yearly": 542.55
        },
        "20184": {
            "year_quarter": 20184,
            "year": 2018,
            "quarter": 4,
            "eps": -0.32,
            "eps_growth_year": -344.28,
            "eps_4q": -0.81,
            "eps_4q_growth_year": null,
            "roe": -3.01,
            "roe_4q": -7.32,
            "gross_profit": 29192,
            "gross_margin": 18.75,
            "gross_margin_4q_avg": 17.74,
            "net_income": -69590,
            "net_income_4q": null,
            "revenue": 155691,
            "revenue_4q": null,
            "common_shares": 2140216,
            "book_valuer_per_share": 10.63,
            "book_valuer_per_share_4q_avg": 11.04,
            "equity": 2275163,
            "current_ratio": 283.43,
            "debt_ratio": 16.6,
            "inventory_turnover_ratio": 0.23,
            "account_receivable_turnover_ratio": 1.77,
            "reinvestment_rate": null,
            "research_to_sale_ratio": 10.49,
            "price_fair": 32.2,
            "eps_avg_yearly": 0.92,
            "eps_latest_yearly": 0.6,
            "eps_growth_yearly": 542.55
        },
        "20191": {
            "year_quarter": 20191,
            "year": 2019,
            "quarter": 1,
            "eps": -0.16,
            "eps_growth_year": null,
            "eps_4q": -0.87,
            "eps_4q_growth_year": null,
            "roe": -1.54,
            "roe_4q": -7.97,
            "gross_profit": 35600,
            "gross_margin": 20.54,
            "gross_margin_4q_avg": 18.88,
            "net_income": -34959,
            "net_income_4q": null,
            "revenue": 173293,
            "revenue_4q": null,
            "common_shares": 2140216,
            "book_valuer_per_share": 10.55,
            "book_valuer_per_share_4q_avg": 10.85,
            "equity": 2258429,
            "current_ratio": 267.18,
            "debt_ratio": 18.07,
            "inventory_turnover_ratio": 0.24,
            "account_receivable_turnover_ratio": 2.01,
            "reinvestment_rate": null,
            "research_to_sale_ratio": 9.12,
            "price_fair": 32.2,
            "eps_avg_yearly": 0.92,
            "eps_latest_yearly": 0.6,
            "eps_growth_yearly": 542.55
        },
        "20192": {
            "year_quarter": 20192,
            "year": 2019,
            "quarter": 2,
            "eps": -0.22,
            "eps_growth_year": null,
            "eps_4q": -0.96,
            "eps_4q_growth_year": null,
            "roe": -2.05,
            "roe_4q": -8.91,
            "gross_profit": 27695,
            "gross_margin": 19.47,
            "gross_margin_4q_avg": 19.05,
            "net_income": -45756,
            "net_income_4q": null,
            "revenue": 142259,
            "revenue_4q": null,
            "common_shares": 2140216,
            "book_valuer_per_share": 10.3,
            "book_valuer_per_share_4q_avg": 10.61,
            "equity": 2205196,
            "current_ratio": 245.9,
            "debt_ratio": 18.89,
            "inventory_turnover_ratio": 0.21,
            "account_receivable_turnover_ratio": 1.65,
            "reinvestment_rate": null,
            "research_to_sale_ratio": 9.45,
            "price_fair": 40.13,
            "eps_avg_yearly": 1.15,
            "eps_latest_yearly": 0.6,
            "eps_growth_yearly": 656.74
        },
        "20193": {
            "year_quarter": 20193,
            "year": 2019,
            "quarter": 3,
            "eps": -0.17,
            "eps_growth_year": null,
            "eps_4q": -0.87,
            "eps_4q_growth_year": null,
            "roe": -1.69,
            "roe_4q": -8.29,
            "gross_profit": 33066,
            "gross_margin": 21.01,
            "gross_margin_4q_avg": 19.94,
            "net_income": -36905,
            "net_income_4q": null,
            "revenue": 157410,
            "revenue_4q": null,
            "common_shares": 2140216,
            "book_valuer_per_share": 10.06,
            "book_valuer_per_share_4q_avg": 10.39,
            "equity": 2152641,
            "current_ratio": 245.93,
            "debt_ratio": 18.73,
            "inventory_turnover_ratio": 0.22,
            "account_receivable_turnover_ratio": 1.78,
            "reinvestment_rate": null,
            "research_to_sale_ratio": 7.72,
            "price_fair": 2.76,
            "eps_avg_yearly": 0.92,
            "eps_latest_yearly": 0.6,
            "eps_growth_yearly": -148.23
        },
        "20194": {
            "year_quarter": 20194,
            "year": 2019,
            "quarter": 4,
            "eps": -0.29,
            "eps_growth_year": null,
            "eps_4q": -0.84,
            "eps_4q_growth_year": null,
            "roe": -2.97,
            "roe_4q": -8.25,
            "gross_profit": 20649,
            "gross_margin": 13.92,
            "gross_margin_4q_avg": 18.74,
            "net_income": -62985,
            "net_income_4q": null,
            "revenue": 148321,
            "revenue_4q": null,
            "common_shares": 2140216,
            "book_valuer_per_share": 9.73,
            "book_valuer_per_share_4q_avg": 10.16,
            "equity": 2082959,
            "current_ratio": 293.38,
            "debt_ratio": 21.19,
            "inventory_turnover_ratio": 0.23,
            "account_receivable_turnover_ratio": 1.68,
            "reinvestment_rate": null,
            "research_to_sale_ratio": 7.28,
            "price_fair": 1.8,
            "eps_avg_yearly": 0.6,
            "eps_latest_yearly": 0.6,
            "eps_growth_yearly": -206.45
        },
        "20201": {
            "year_quarter": 20201,
            "year": 2020,
            "quarter": 1,
            "eps": 0.37,
            "eps_growth_year": null,
            "eps_4q": -0.31,
            "eps_4q_growth_year": null,
            "roe": 3.74,
            "roe_4q": -2.9699999999999998,
            "gross_profit": 22510,
            "gross_margin": 16.89,
            "gross_margin_4q_avg": 17.82,
            "net_income": 79287,
            "net_income_4q": null,
            "revenue": 133276,
            "revenue_4q": null,
            "common_shares": 2140216,
            "book_valuer_per_share": 10.06,
            "book_valuer_per_share_4q_avg": 10.04,
            "equity": 2154149,
            "current_ratio": 341.87,
            "debt_ratio": 19.39,
            "inventory_turnover_ratio": 0.2,
            "account_receivable_turnover_ratio": 1.78,
            "reinvestment_rate": null,
            "research_to_sale_ratio": 8.58,
            "price_fair": 0,
            "eps_avg_yearly": 0,
            "eps_latest_yearly": 0,
            "eps_growth_yearly": 0
        },
        "20202": {
            "year_quarter": 20202,
            "year": 2020,
            "quarter": 2,
            "eps": 0.89,
            "eps_growth_year": null,
            "eps_4q": 0.79,
            "eps_4q_growth_year": null,
            "roe": 8.47,
            "roe_4q": 7.550000000000001,
            "gross_profit": 25523,
            "gross_margin": 19.17,
            "gross_margin_4q_avg": 17.75,
            "net_income": 190643,
            "net_income_4q": null,
            "revenue": 133116,
            "revenue_4q": null,
            "common_shares": 2140216,
            "book_valuer_per_share": 10.98,
            "book_valuer_per_share_4q_avg": 10.21,
            "equity": 2349601,
            "current_ratio": 378.2,
            "debt_ratio": 19.69,
            "inventory_turnover_ratio": 0.2,
            "account_receivable_turnover_ratio": 1.74,
            "reinvestment_rate": null,
            "research_to_sale_ratio": 8.12,
            "price_fair": 124.6,
            "eps_avg_yearly": 3.56,
            "eps_latest_yearly": 3.56,
            "eps_growth_yearly": 562.16
        },
        "20203": {
            "year_quarter": 20203,
            "year": 2020,
            "quarter": 3,
            "eps": -0.38,
            "eps_growth_year": null,
            "eps_4q": 0.58,
            "eps_4q_growth_year": null,
            "roe": -3.52,
            "roe_4q": 5.720000000000001,
            "gross_profit": 25064,
            "gross_margin": 19.38,
            "gross_margin_4q_avg": 17.34,
            "net_income": -81711,
            "net_income_4q": null,
            "revenue": 129311,
            "revenue_4q": null,
            "common_shares": 2140216,
            "book_valuer_per_share": 10.73,
            "book_valuer_per_share_4q_avg": 10.38,
            "equity": 2296124,
            "current_ratio": 354.89,
            "debt_ratio": 19.81,
            "inventory_turnover_ratio": 0.2,
            "account_receivable_turnover_ratio": 1.63,
            "reinvestment_rate": null,
            "research_to_sale_ratio": 7.99,
            "price_fair": 124.6,
            "eps_avg_yearly": 3.56,
            "eps_latest_yearly": 3.56,
            "eps_growth_yearly": 562.16
        },
        "20204": {
            "year_quarter": 20204,
            "year": 2020,
            "quarter": 4,
            "eps": 0.03,
            "eps_growth_year": null,
            "eps_4q": 0.91,
            "eps_4q_growth_year": null,
            "roe": 0.31,
            "roe_4q": 9,
            "gross_profit": 20430,
            "gross_margin": 15.09,
            "gross_margin_4q_avg": 17.63,
            "net_income": 7104,
            "net_income_4q": null,
            "revenue": 135396,
            "revenue_4q": null,
            "common_shares": 2140216,
            "book_valuer_per_share": 10.98,
            "book_valuer_per_share_4q_avg": 10.69,
            "equity": 2351289,
            "current_ratio": 421.91,
            "debt_ratio": 19.71,
            "inventory_turnover_ratio": 0.22,
            "account_receivable_turnover_ratio": 2,
            "reinvestment_rate": null,
            "research_to_sale_ratio": 7.52,
            "price_fair": 124.6,
            "eps_avg_yearly": 3.56,
            "eps_latest_yearly": 3.56,
            "eps_growth_yearly": 562.16
        },
        "20211": {
            "year_quarter": 20211,
            "year": 2021,
            "quarter": 1,
            "eps": 6.27,
            "eps_growth_year": 1594.59,
            "eps_4q": 6.81,
            "eps_4q_growth_year": null,
            "roe": 43.88,
            "roe_4q": 49.14,
            "gross_profit": 27323,
            "gross_margin": 19.7,
            "gross_margin_4q_avg": 18.34,
            "net_income": 1341789,
            "net_income_4q": null,
            "revenue": 138673,
            "revenue_4q": null,
            "common_shares": 2140216,
            "book_valuer_per_share": 17.58,
            "book_valuer_per_share_4q_avg": 12.57,
            "equity": 3763739,
            "current_ratio": 950.76,
            "debt_ratio": 11.91,
            "inventory_turnover_ratio": 0.24,
            "account_receivable_turnover_ratio": 2.15,
            "reinvestment_rate": -41.59,
            "research_to_sale_ratio": 27.7,
            "price_fair": 501.2,
            "eps_avg_yearly": 14.32,
            "eps_latest_yearly": 25.08,
            "eps_growth_yearly": 41881.08
        },
        "20212": {
            "year_quarter": 20212,
            "year": 2021,
            "quarter": 2,
            "eps": -0.45,
            "eps_growth_year": -150.56,
            "eps_4q": 5.47,
            "eps_4q_growth_year": 588.88,
            "roe": -2.59,
            "roe_4q": 38.080000000000005,
            "gross_profit": 26536,
            "gross_margin": 16.23,
            "gross_margin_4q_avg": 17.6,
            "net_income": -96272,
            "net_income_4q": null,
            "revenue": 163468,
            "revenue_4q": null,
            "common_shares": 2140216,
            "book_valuer_per_share": 17.19,
            "book_valuer_per_share_4q_avg": 14.12,
            "equity": 3678727,
            "current_ratio": 728.5,
            "debt_ratio": 10.91,
            "inventory_turnover_ratio": 0.35,
            "account_receivable_turnover_ratio": 2.19,
            "reinvestment_rate": -42.83,
            "research_to_sale_ratio": 4.77,
            "price_fair": 501.2,
            "eps_avg_yearly": 14.32,
            "eps_latest_yearly": 25.08,
            "eps_growth_yearly": 41881.08
        },
        "20213": {
            "year_quarter": 20213,
            "year": 2021,
            "quarter": 3,
            "eps": 0.52,
            "eps_growth_year": null,
            "eps_4q": 6.38,
            "eps_4q_growth_year": 990.21,
            "roe": 2.99,
            "roe_4q": 44.59,
            "gross_profit": 21372,
            "gross_margin": 15.17,
            "gross_margin_4q_avg": 16.55,
            "net_income": 112017,
            "net_income_4q": null,
            "revenue": 140863,
            "revenue_4q": null,
            "common_shares": 2140216,
            "book_valuer_per_share": 17.78,
            "book_valuer_per_share_4q_avg": 15.88,
            "equity": 3806574,
            "current_ratio": 956.1,
            "debt_ratio": 8.45,
            "inventory_turnover_ratio": 0.25,
            "account_receivable_turnover_ratio": 1.71,
            "reinvestment_rate": -35.41,
            "research_to_sale_ratio": 13.6,
            "price_fair": 501.2,
            "eps_avg_yearly": 14.32,
            "eps_latest_yearly": 25.08,
            "eps_growth_yearly": 41881.08
        },
        "20214": {
            "year_quarter": 20214,
            "year": 2021,
            "quarter": 4,
            "eps": 0.32,
            "eps_growth_year": 872.79,
            "eps_4q": 6.67,
            "eps_4q_growth_year": 630.57,
            "roe": 1.79,
            "roe_4q": 46.07,
            "gross_profit": 30866,
            "gross_margin": 20.79,
            "gross_margin_4q_avg": 17.97,
            "net_income": 69055,
            "net_income_4q": null,
            "revenue": 148466,
            "revenue_4q": null,
            "common_shares": 2140216,
            "book_valuer_per_share": 18.27,
            "book_valuer_per_share_4q_avg": 17.71,
            "equity": 3911212,
            "current_ratio": 822.72,
            "debt_ratio": 9.62,
            "inventory_turnover_ratio": 0.21,
            "account_receivable_turnover_ratio": 1.74,
            "reinvestment_rate": -30.39,
            "research_to_sale_ratio": 13.51,
            "price_fair": 349.07,
            "eps_avg_yearly": 9.97,
            "eps_latest_yearly": 1.28,
            "eps_growth_yearly": 27869.44
        },
        "20221": {
            "year_quarter": 20221,
            "year": 2022,
            "quarter": 1,
            "eps": -0.45,
            "eps_growth_year": -107.18,
            "eps_4q": -0.05,
            "eps_4q_growth_year": -100.78,
            "roe": -2.48,
            "roe_4q": -0.2899999999999996,
            "gross_profit": 28772,
            "gross_margin": 20.94,
            "gross_margin_4q_avg": 18.28,
            "net_income": -96156,
            "net_income_4q": null,
            "revenue": 137415,
            "revenue_4q": null,
            "common_shares": 2140216,
            "book_valuer_per_share": 17.94,
            "book_valuer_per_share_4q_avg": 17.8,
            "equity": 3839562,
            "current_ratio": 963.96,
            "debt_ratio": 8.12,
            "inventory_turnover_ratio": 0.19,
            "account_receivable_turnover_ratio": 1.53,
            "reinvestment_rate": -26.07,
            "research_to_sale_ratio": 7.99,
            "price_fair": 349.07,
            "eps_avg_yearly": 9.97,
            "eps_latest_yearly": 1.28,
            "eps_growth_yearly": 27869.44
        },
        "20222": {
            "year_quarter": 20222,
            "year": 2022,
            "quarter": 2,
            "eps": -1.17,
            "eps_growth_year": null,
            "eps_4q": -0.77,
            "eps_4q_growth_year": -114.12,
            "roe": -6.93,
            "roe_4q": -4.63,
            "gross_profit": 28402,
            "gross_margin": 19.99,
            "gross_margin_4q_avg": 19.22,
            "net_income": -250296,
            "net_income_4q": null,
            "revenue": 142107,
            "revenue_4q": null,
            "common_shares": 2140216,
            "book_valuer_per_share": 15.82,
            "book_valuer_per_share_4q_avg": 17.45,
            "equity": 3386431,
            "current_ratio": 419.09,
            "debt_ratio": 17.19,
            "inventory_turnover_ratio": 0.19,
            "account_receivable_turnover_ratio": 1.56,
            "reinvestment_rate": -31.18,
            "research_to_sale_ratio": 8.35,
            "price_fair": 349.07,
            "eps_avg_yearly": 9.97,
            "eps_latest_yearly": 1.28,
            "eps_growth_yearly": 27869.44
        },
        "20223": {
            "year_quarter": 20223,
            "year": 2022,
            "quarter": 3,
            "eps": -1.97,
            "eps_growth_year": -478.85,
            "eps_4q": -3.63,
            "eps_4q_growth_year": -156.86,
            "roe": -13.67,
            "roe_4q": -21.290000000000003,
            "gross_profit": 26840,
            "gross_margin": 19.35,
            "gross_margin_4q_avg": 20.27,
            "net_income": -420896,
            "net_income_4q": null,
            "revenue": 138723,
            "revenue_4q": null,
            "common_shares": 2140216,
            "book_valuer_per_share": 12.95,
            "book_valuer_per_share_4q_avg": 16.25,
            "equity": 2772148,
            "current_ratio": 332.04,
            "debt_ratio": 19.84,
            "inventory_turnover_ratio": 0.19,
            "account_receivable_turnover_ratio": 1.64,
            "reinvestment_rate": -44.81,
            "research_to_sale_ratio": 6.95,
            "price_fair": 349.07,
            "eps_avg_yearly": 9.97,
            "eps_latest_yearly": 1.28,
            "eps_growth_yearly": 27869.44
        },
        "20224": {
            "year_quarter": 20224,
            "year": 2022,
            "quarter": 4,
            "eps": -0.51,
            "eps_growth_year": -258.19,
            "eps_4q": -4.49,
            "eps_4q_growth_year": -167.42,
            "roe": -3.61,
            "roe_4q": -26.69,
            "gross_profit": 39868,
            "gross_margin": 23.06,
            "gross_margin_4q_avg": 20.84,
            "net_income": -98335,
            "net_income_4q": null,
            "revenue": 172880,
            "revenue_4q": null,
            "common_shares": 1926194,
            "book_valuer_per_share": 13.85,
            "book_valuer_per_share_4q_avg": 15.14,
            "equity": 2668847,
            "current_ratio": 381.85,
            "debt_ratio": 17.06,
            "inventory_turnover_ratio": 0.23,
            "account_receivable_turnover_ratio": 2.25,
            "reinvestment_rate": -49.75,
            "research_to_sale_ratio": 4.38,
            "price_fair": 349.07,
            "eps_avg_yearly": 9.97,
            "eps_latest_yearly": 1.28,
            "eps_growth_yearly": 27869.44
        },
        "20231": {
            "year_quarter": 20231,
            "year": 2023,
            "quarter": 1,
            "eps": -0.45,
            "eps_growth_year": null,
            "eps_4q": -4.44,
            "eps_4q_growth_year": null,
            "roe": -3.28,
            "roe_4q": -27.49,
            "gross_profit": 38933,
            "gross_margin": 25.45,
            "gross_margin_4q_avg": 21.96,
            "net_income": -85721,
            "net_income_4q": null,
            "revenue": 152991,
            "revenue_4q": null,
            "common_shares": 1926194,
            "book_valuer_per_share": 13.31,
            "book_valuer_per_share_4q_avg": 13.98,
            "equity": 2564663,
            "current_ratio": 451.09,
            "debt_ratio": 14.16,
            "inventory_turnover_ratio": 0.19,
            "account_receivable_turnover_ratio": 1.91,
            "reinvestment_rate": -59.26,
            "research_to_sale_ratio": 6.36,
            "price_fair": 349.07,
            "eps_avg_yearly": 9.97,
            "eps_latest_yearly": 1.28,
            "eps_growth_yearly": 27869.44
        },
        "20232": {
            "year_quarter": 20232,
            "year": 2023,
            "quarter": 2,
            "eps": 0.08,
            "eps_growth_year": null,
            "eps_4q": -3.06,
            "eps_4q_growth_year": null,
            "roe": 0.58,
            "roe_4q": -19.98,
            "gross_profit": 41927,
            "gross_margin": 25.02,
            "gross_margin_4q_avg": 23.22,
            "net_income": 14836,
            "net_income_4q": null,
            "revenue": 167604,
            "revenue_4q": null,
            "common_shares": 1926194,
            "book_valuer_per_share": 13.41,
            "book_valuer_per_share_4q_avg": 13.38,
            "equity": 2583122,
            "current_ratio": 463.05,
            "debt_ratio": 13.73,
            "inventory_turnover_ratio": 0.21,
            "account_receivable_turnover_ratio": 2.03,
            "reinvestment_rate": -54.64,
            "research_to_sale_ratio": 5.9,
            "price_fair": 349.07,
            "eps_avg_yearly": 9.97,
            "eps_latest_yearly": 1.28,
            "eps_growth_yearly": 27869.44
        },
        "20233": {
            "year_quarter": 20233,
            "year": 2023,
            "quarter": 3,
            "eps": 0.29,
            "eps_growth_year": null,
            "eps_4q": -0.59,
            "eps_4q_growth_year": null,
            "roe": 2.14,
            "roe_4q": -4.17,
            "gross_profit": 37739,
            "gross_margin": 24.5,
            "gross_margin_4q_avg": 24.51,
            "net_income": 55999,
            "net_income_4q": null,
            "revenue": 154062,
            "revenue_4q": null,
            "common_shares": 1926194,
            "book_valuer_per_share": 13.71,
            "book_valuer_per_share_4q_avg": 13.57,
            "equity": 2641622,
            "current_ratio": 477.91,
            "debt_ratio": 13.45,
            "inventory_turnover_ratio": 0.2,
            "account_receivable_turnover_ratio": 1.79,
            "reinvestment_rate": -42.61,
            "research_to_sale_ratio": 11.28,
            "price_fair": 271.95,
            "eps_avg_yearly": 7.77,
            "eps_latest_yearly": 1.16,
            "eps_growth_yearly": 21164.58
        }
    },
    "months": {
        "2001-06": {
            "month": "2001-06",
            "price": "42.38",
            "revenue": 171733
        },
        "2001-07": {
            "month": "2001-07",
            "price": "32.70",
            "revenue": 158077
        },
        "2001-08": {
            "month": "2001-08",
            "price": "28.35",
            "revenue": 181169
        },
        "2001-09": {
            "month": "2001-09",
            "price": "21.03",
            "revenue": 191921
        },
        "2001-10": {
            "month": "2001-10",
            "price": "21.28",
            "revenue": 191941
        },
        "2001-11": {
            "month": "2001-11",
            "price": "25.91",
            "revenue": 182749
        },
        "2001-12": {
            "month": "2001-12",
            "price": "31.74",
            "revenue": 191061
        },
        "2002-01": {
            "month": "2002-01",
            "price": "41.15",
            "revenue": 203022
        },
        "2002-02": {
            "month": "2002-02",
            "price": "41.60",
            "revenue": 121837
        },
        "2002-03": {
            "month": "2002-03",
            "price": "39.95",
            "revenue": 184439
        },
        "2002-04": {
            "month": "2002-04",
            "price": "37.30",
            "revenue": 163653
        },
        "2002-05": {
            "month": "2002-05",
            "price": "26.93",
            "revenue": 139054
        },
        "2002-06": {
            "month": "2002-06",
            "price": "23.35",
            "revenue": 156218
        },
        "2002-07": {
            "month": "2002-07",
            "price": "20.23",
            "revenue": 144794
        },
        "2002-08": {
            "month": "2002-08",
            "price": "18.38",
            "revenue": 149994
        },
        "2002-09": {
            "month": "2002-09",
            "price": "16.62",
            "revenue": 150821
        },
        "2002-10": {
            "month": "2002-10",
            "price": "17.10",
            "revenue": 101411
        },
        "2002-11": {
            "month": "2002-11",
            "price": "17.69",
            "revenue": 157488
        },
        "2002-12": {
            "month": "2002-12",
            "price": "15.98",
            "revenue": 129123
        },
        "2003-01": {
            "month": "2003-01",
            "price": "15.08",
            "revenue": 92654
        },
        "2003-02": {
            "month": "2003-02",
            "price": "13.04",
            "revenue": 119538
        },
        "2003-03": {
            "month": "2003-03",
            "price": "11.35",
            "revenue": 148104
        },
        "2003-04": {
            "month": "2003-04",
            "price": "11.08",
            "revenue": 92297
        },
        "2003-05": {
            "month": "2003-05",
            "price": "10.27",
            "revenue": 92547
        },
        "2003-06": {
            "month": "2003-06",
            "price": "12.47",
            "revenue": 92031
        },
        "2003-07": {
            "month": "2003-07",
            "price": "13.28",
            "revenue": 91494
        },
        "2003-08": {
            "month": "2003-08",
            "price": "12.42",
            "revenue": 97679
        },
        "2003-09": {
            "month": "2003-09",
            "price": "11.59",
            "revenue": 104937
        },
        "2003-10": {
            "month": "2003-10",
            "price": "11.43",
            "revenue": 111638
        },
        "2003-11": {
            "month": "2003-11",
            "price": "11.56",
            "revenue": 131074
        },
        "2003-12": {
            "month": "2003-12",
            "price": "11.65",
            "revenue": 127266
        },
        "2004-01": {
            "month": "2004-01",
            "price": "11.93",
            "revenue": 106967
        },
        "2004-02": {
            "month": "2004-02",
            "price": "13.25",
            "revenue": 103977
        },
        "2004-03": {
            "month": "2004-03",
            "price": "12.76",
            "revenue": 135794
        },
        "2004-04": {
            "month": "2004-04",
            "price": "12.68",
            "revenue": 122332
        },
        "2004-05": {
            "month": "2004-05",
            "price": "11.04",
            "revenue": 107471
        },
        "2004-06": {
            "month": "2004-06",
            "price": "9.97",
            "revenue": 103314
        },
        "2004-07": {
            "month": "2004-07",
            "price": "8.91",
            "revenue": 83184
        },
        "2004-08": {
            "month": "2004-08",
            "price": "8.27",
            "revenue": 99433
        },
        "2004-09": {
            "month": "2004-09",
            "price": "8.78",
            "revenue": 101046
        },
        "2004-10": {
            "month": "2004-10",
            "price": "8.30",
            "revenue": 93223
        },
        "2004-11": {
            "month": "2004-11",
            "price": "7.88",
            "revenue": 95317
        },
        "2004-12": {
            "month": "2004-12",
            "price": "7.38",
            "revenue": 100478
        },
        "2005-01": {
            "month": "2005-01",
            "price": "7.31",
            "revenue": 95611
        },
        "2005-02": {
            "month": "2005-02",
            "price": "7.37",
            "revenue": 84099
        },
        "2005-03": {
            "month": "2005-03",
            "price": "7.37",
            "revenue": 106593
        },
        "2005-04": {
            "month": "2005-04",
            "price": "6.45",
            "revenue": 131459
        },
        "2005-05": {
            "month": "2005-05",
            "price": "6.40",
            "revenue": 136656
        },
        "2005-06": {
            "month": "2005-06",
            "price": "7.54",
            "revenue": 113453
        },
        "2005-07": {
            "month": "2005-07",
            "price": "8.02",
            "revenue": 115607
        },
        "2005-08": {
            "month": "2005-08",
            "price": "6.77",
            "revenue": 120789
        },
        "2005-09": {
            "month": "2005-09",
            "price": "5.79",
            "revenue": 116019
        },
        "2005-10": {
            "month": "2005-10",
            "price": "5.31",
            "revenue": 122155
        },
        "2005-11": {
            "month": "2005-11",
            "price": "5.31",
            "revenue": 129870
        },
        "2005-12": {
            "month": "2005-12",
            "price": "6.25",
            "revenue": 108657
        },
        "2006-01": {
            "month": "2006-01",
            "price": "6.75",
            "revenue": 105756
        },
        "2006-02": {
            "month": "2006-02",
            "price": "6.29",
            "revenue": 82293
        },
        "2006-03": {
            "month": "2006-03",
            "price": "5.84",
            "revenue": 106359
        },
        "2006-04": {
            "month": "2006-04",
            "price": "6.15",
            "revenue": 83905
        },
        "2006-05": {
            "month": "2006-05",
            "price": "7.18",
            "revenue": 90779
        },
        "2006-06": {
            "month": "2006-06",
            "price": "6.44",
            "revenue": 91051
        },
        "2006-07": {
            "month": "2006-07",
            "price": "6.67",
            "revenue": 92709
        },
        "2006-08": {
            "month": "2006-08",
            "price": "6.22",
            "revenue": 85656
        },
        "2006-09": {
            "month": "2006-09",
            "price": "5.71",
            "revenue": 88232
        },
        "2006-10": {
            "month": "2006-10",
            "price": "6.93",
            "revenue": 96299
        },
        "2006-11": {
            "month": "2006-11",
            "price": "7.24",
            "revenue": 106216
        },
        "2006-12": {
            "month": "2006-12",
            "price": "7.94",
            "revenue": 96389
        },
        "2007-01": {
            "month": "2007-01",
            "price": "8.43",
            "revenue": 121684
        },
        "2007-02": {
            "month": "2007-02",
            "price": "7.88",
            "revenue": 46150
        },
        "2007-03": {
            "month": "2007-03",
            "price": "8.48",
            "revenue": 114064
        },
        "2007-04": {
            "month": "2007-04",
            "price": "9.80",
            "revenue": 106467
        },
        "2007-05": {
            "month": "2007-05",
            "price": "10.99",
            "revenue": 95029
        },
        "2007-06": {
            "month": "2007-06",
            "price": "12.37",
            "revenue": 94977
        },
        "2007-07": {
            "month": "2007-07",
            "price": "14.19",
            "revenue": 82303
        },
        "2007-08": {
            "month": "2007-08",
            "price": "11.75",
            "revenue": 82162
        },
        "2007-09": {
            "month": "2007-09",
            "price": "11.61",
            "revenue": 88324
        },
        "2007-10": {
            "month": "2007-10",
            "price": "11.10",
            "revenue": 71251
        },
        "2007-11": {
            "month": "2007-11",
            "price": "9.48",
            "revenue": 67941
        },
        "2007-12": {
            "month": "2007-12",
            "price": "9.40",
            "revenue": 70182
        },
        "2008-01": {
            "month": "2008-01",
            "price": "8.65",
            "revenue": 71188
        },
        "2008-02": {
            "month": "2008-02",
            "price": "7.75",
            "revenue": 55551
        },
        "2008-03": {
            "month": "2008-03",
            "price": "8.31",
            "revenue": 93329
        },
        "2008-04": {
            "month": "2008-04",
            "price": "8.67",
            "revenue": 101669
        },
        "2008-05": {
            "month": "2008-05",
            "price": "9.32",
            "revenue": 95492
        },
        "2008-06": {
            "month": "2008-06",
            "price": "8.14",
            "revenue": 124289
        },
        "2008-07": {
            "month": "2008-07",
            "price": "6.37",
            "revenue": 103272
        },
        "2008-08": {
            "month": "2008-08",
            "price": "6.48",
            "revenue": 72444
        },
        "2008-09": {
            "month": "2008-09",
            "price": "4.97",
            "revenue": 71813
        },
        "2008-10": {
            "month": "2008-10",
            "price": "4.69",
            "revenue": 71941
        },
        "2008-11": {
            "month": "2008-11",
            "price": "5.20",
            "revenue": 66588
        },
        "2008-12": {
            "month": "2008-12",
            "price": "5.01",
            "revenue": 82640
        },
        "2009-01": {
            "month": "2009-01",
            "price": "5.01",
            "revenue": 62924
        },
        "2009-02": {
            "month": "2009-02",
            "price": "5.06",
            "revenue": 43561
        },
        "2009-03": {
            "month": "2009-03",
            "price": "5.59",
            "revenue": 67819
        },
        "2009-04": {
            "month": "2009-04",
            "price": "6.17",
            "revenue": 48522
        },
        "2009-05": {
            "month": "2009-05",
            "price": "6.10",
            "revenue": 45166
        },
        "2009-06": {
            "month": "2009-06",
            "price": "5.92",
            "revenue": 73207
        },
        "2009-07": {
            "month": "2009-07",
            "price": "6.06",
            "revenue": 81584
        },
        "2009-08": {
            "month": "2009-08",
            "price": "5.94",
            "revenue": 86829
        },
        "2009-09": {
            "month": "2009-09",
            "price": "7.34",
            "revenue": 73125
        },
        "2009-10": {
            "month": "2009-10",
            "price": "8.35",
            "revenue": 67997
        },
        "2009-11": {
            "month": "2009-11",
            "price": "8.85",
            "revenue": 63905
        },
        "2009-12": {
            "month": "2009-12",
            "price": "13.13",
            "revenue": 78971
        },
        "2010-01": {
            "month": "2010-01",
            "price": "12.34",
            "revenue": 58433
        },
        "2010-02": {
            "month": "2010-02",
            "price": "10.07",
            "revenue": 45205
        },
        "2010-03": {
            "month": "2010-03",
            "price": "11.51",
            "revenue": 71343
        },
        "2010-04": {
            "month": "2010-04",
            "price": "12.47",
            "revenue": 66117
        },
        "2010-05": {
            "month": "2010-05",
            "price": "11.20",
            "revenue": 89690
        },
        "2010-06": {
            "month": "2010-06",
            "price": "11.22",
            "revenue": 65139
        },
        "2010-07": {
            "month": "2010-07",
            "price": "11.41",
            "revenue": 102197
        },
        "2010-08": {
            "month": "2010-08",
            "price": "11.55",
            "revenue": 140618
        },
        "2010-09": {
            "month": "2010-09",
            "price": "11.04",
            "revenue": 117520
        },
        "2010-10": {
            "month": "2010-10",
            "price": "12.50",
            "revenue": 92927
        },
        "2010-11": {
            "month": "2010-11",
            "price": "10.42",
            "revenue": 37453
        },
        "2010-12": {
            "month": "2010-12",
            "price": "10.50",
            "revenue": 40728
        },
        "2011-01": {
            "month": "2011-01",
            "price": "10.32",
            "revenue": 36647
        },
        "2011-02": {
            "month": "2011-02",
            "price": "10.05",
            "revenue": 33777
        },
        "2011-03": {
            "month": "2011-03",
            "price": "9.51",
            "revenue": 54610
        },
        "2011-04": {
            "month": "2011-04",
            "price": "9.09",
            "revenue": 54081
        },
        "2011-05": {
            "month": "2011-05",
            "price": "9.02",
            "revenue": 46204
        },
        "2011-06": {
            "month": "2011-06",
            "price": "9.12",
            "revenue": 44713
        },
        "2011-07": {
            "month": "2011-07",
            "price": "8.89",
            "revenue": 70624
        },
        "2011-08": {
            "month": "2011-08",
            "price": "8.41",
            "revenue": 62612
        },
        "2011-09": {
            "month": "2011-09",
            "price": "7.27",
            "revenue": 36052
        },
        "2011-10": {
            "month": "2011-10",
            "price": "7.17",
            "revenue": 43382
        },
        "2011-11": {
            "month": "2011-11",
            "price": "7.39",
            "revenue": 59733
        },
        "2011-12": {
            "month": "2011-12",
            "price": "7.42",
            "revenue": 67798
        },
        "2012-01": {
            "month": "2012-01",
            "price": "7.38",
            "revenue": 50075
        },
        "2012-02": {
            "month": "2012-02",
            "price": "8.90",
            "revenue": 46977
        },
        "2012-03": {
            "month": "2012-03",
            "price": "9.17",
            "revenue": 79265
        },
        "2012-04": {
            "month": "2012-04",
            "price": "8.71",
            "revenue": 35677
        },
        "2012-05": {
            "month": "2012-05",
            "price": "8.10",
            "revenue": 63539
        },
        "2012-06": {
            "month": "2012-06",
            "price": "7.98",
            "revenue": 39965
        },
        "2012-07": {
            "month": "2012-07",
            "price": "7.50",
            "revenue": 51355
        },
        "2012-08": {
            "month": "2012-08",
            "price": "7.44",
            "revenue": 57277
        },
        "2012-09": {
            "month": "2012-09",
            "price": "8.61",
            "revenue": 69420
        },
        "2012-10": {
            "month": "2012-10",
            "price": "12.28",
            "revenue": 66775
        },
        "2012-11": {
            "month": "2012-11",
            "price": "10.86",
            "revenue": 48674
        },
        "2012-12": {
            "month": "2012-12",
            "price": "13.16",
            "revenue": 87959
        },
        "2013-01": {
            "month": "2013-01",
            "price": "17.66",
            "revenue": 69553
        },
        "2013-02": {
            "month": "2013-02",
            "price": "22.77",
            "revenue": 54634
        },
        "2013-03": {
            "month": "2013-03",
            "price": "23.39",
            "revenue": 63079
        },
        "2013-04": {
            "month": "2013-04",
            "price": "21.92",
            "revenue": 72848
        },
        "2013-05": {
            "month": "2013-05",
            "price": "19.25",
            "revenue": 108705
        },
        "2013-06": {
            "month": "2013-06",
            "price": "19.23",
            "revenue": 73573
        },
        "2013-07": {
            "month": "2013-07",
            "price": "18.90",
            "revenue": 63554
        },
        "2013-08": {
            "month": "2013-08",
            "price": "18.49",
            "revenue": 77289
        },
        "2013-09": {
            "month": "2013-09",
            "price": "18.65",
            "revenue": 66524
        },
        "2013-10": {
            "month": "2013-10",
            "price": "17.82",
            "revenue": 63267
        },
        "2013-11": {
            "month": "2013-11",
            "price": "17.12",
            "revenue": 52369
        },
        "2013-12": {
            "month": "2013-12",
            "price": "16.69",
            "revenue": 111083
        },
        "2014-01": {
            "month": "2014-01",
            "price": "19.11",
            "revenue": 87935
        },
        "2014-02": {
            "month": "2014-02",
            "price": "23.41",
            "revenue": 72235
        },
        "2014-03": {
            "month": "2014-03",
            "price": "22.92",
            "revenue": 92134
        },
        "2014-04": {
            "month": "2014-04",
            "price": "31.69",
            "revenue": 132637
        },
        "2014-05": {
            "month": "2014-05",
            "price": "50.77",
            "revenue": 121831
        },
        "2014-06": {
            "month": "2014-06",
            "price": "51.99",
            "revenue": 174396
        },
        "2014-07": {
            "month": "2014-07",
            "price": "53.28",
            "revenue": 88697
        },
        "2014-08": {
            "month": "2014-08",
            "price": "30.18",
            "revenue": 86761
        },
        "2014-09": {
            "month": "2014-09",
            "price": "36.49",
            "revenue": 125375
        },
        "2014-10": {
            "month": "2014-10",
            "price": "31.23",
            "revenue": 113392
        },
        "2014-11": {
            "month": "2014-11",
            "price": "29.00",
            "revenue": 81263
        },
        "2014-12": {
            "month": "2014-12",
            "price": "36.40",
            "revenue": 52837
        },
        "2015-01": {
            "month": "2015-01",
            "price": "36.10",
            "revenue": 73098
        },
        "2015-02": {
            "month": "2015-02",
            "price": "36.19",
            "revenue": 69026
        },
        "2015-03": {
            "month": "2015-03",
            "price": "36.36",
            "revenue": 73444
        },
        "2015-04": {
            "month": "2015-04",
            "price": "32.41",
            "revenue": 60453
        },
        "2015-05": {
            "month": "2015-05",
            "price": "27.82",
            "revenue": 66314
        },
        "2015-06": {
            "month": "2015-06",
            "price": "22.95",
            "revenue": 53116
        },
        "2015-07": {
            "month": "2015-07",
            "price": "25.33",
            "revenue": 59479
        },
        "2015-08": {
            "month": "2015-08",
            "price": "21.36",
            "revenue": 79335
        },
        "2015-09": {
            "month": "2015-09",
            "price": "23.00",
            "revenue": 85452
        },
        "2015-10": {
            "month": "2015-10",
            "price": "23.15",
            "revenue": 73308
        },
        "2015-11": {
            "month": "2015-11",
            "price": "22.32",
            "revenue": 77139
        },
        "2015-12": {
            "month": "2015-12",
            "price": "22.12",
            "revenue": 95767
        },
        "2016-01": {
            "month": "2016-01",
            "price": "19.26",
            "revenue": 73933
        },
        "2016-02": {
            "month": "2016-02",
            "price": "20.47",
            "revenue": 82333
        },
        "2016-03": {
            "month": "2016-03",
            "price": "21.40",
            "revenue": 76155
        },
        "2016-04": {
            "month": "2016-04",
            "price": "20.32",
            "revenue": 73478
        },
        "2016-05": {
            "month": "2016-05",
            "price": "19.18",
            "revenue": 64096
        },
        "2016-06": {
            "month": "2016-06",
            "price": "20.55",
            "revenue": 62616
        },
        "2016-07": {
            "month": "2016-07",
            "price": "20.32",
            "revenue": 69561
        },
        "2016-08": {
            "month": "2016-08",
            "price": "19.50",
            "revenue": 68424
        },
        "2016-09": {
            "month": "2016-09",
            "price": "18.42",
            "revenue": 77368
        },
        "2016-10": {
            "month": "2016-10",
            "price": "16.82",
            "revenue": 58870
        },
        "2016-11": {
            "month": "2016-11",
            "price": "15.08",
            "revenue": 52925
        },
        "2016-12": {
            "month": "2016-12",
            "price": "17.10",
            "revenue": 50995
        },
        "2017-01": {
            "month": "2017-01",
            "price": "16.59",
            "revenue": 54957
        },
        "2017-02": {
            "month": "2017-02",
            "price": "17.13",
            "revenue": 52187
        },
        "2017-03": {
            "month": "2017-03",
            "price": "15.90",
            "revenue": 73498
        },
        "2017-04": {
            "month": "2017-04",
            "price": "14.47",
            "revenue": 60595
        },
        "2017-05": {
            "month": "2017-05",
            "price": "13.74",
            "revenue": 55872
        },
        "2017-06": {
            "month": "2017-06",
            "price": "14.42",
            "revenue": 59108
        },
        "2017-07": {
            "month": "2017-07",
            "price": "13.67",
            "revenue": 55912
        },
        "2017-08": {
            "month": "2017-08",
            "price": "12.97",
            "revenue": 59454
        },
        "2017-09": {
            "month": "2017-09",
            "price": "12.61",
            "revenue": 61511
        },
        "2017-10": {
            "month": "2017-10",
            "price": "12.04",
            "revenue": 54783
        },
        "2017-11": {
            "month": "2017-11",
            "price": "11.95",
            "revenue": 58504
        },
        "2017-12": {
            "month": "2017-12",
            "price": "11.68",
            "revenue": 59130
        },
        "2018-01": {
            "month": "2018-01",
            "price": "12.44",
            "revenue": 64233
        },
        "2018-02": {
            "month": "2018-02",
            "price": "10.78",
            "revenue": 53450
        },
        "2018-03": {
            "month": "2018-03",
            "price": "11.38",
            "revenue": 48764
        },
        "2018-04": {
            "month": "2018-04",
            "price": "10.81",
            "revenue": 59816
        },
        "2018-05": {
            "month": "2018-05",
            "price": "10.40",
            "revenue": 63683
        },
        "2018-06": {
            "month": "2018-06",
            "price": "10.57",
            "revenue": 60267
        },
        "2018-07": {
            "month": "2018-07",
            "price": "9.64",
            "revenue": 53177
        },
        "2018-08": {
            "month": "2018-08",
            "price": "8.99",
            "revenue": 51560
        },
        "2018-09": {
            "month": "2018-09",
            "price": "11.92",
            "revenue": 61715
        },
        "2018-10": {
            "month": "2018-10",
            "price": "11.61",
            "revenue": 50262
        },
        "2018-11": {
            "month": "2018-11",
            "price": "10.92",
            "revenue": 56473
        },
        "2018-12": {
            "month": "2018-12",
            "price": "10.71",
            "revenue": 48360
        },
        "2019-01": {
            "month": "2019-01",
            "price": "12.00",
            "revenue": 69752
        },
        "2019-02": {
            "month": "2019-02",
            "price": "12.36",
            "revenue": 51853
        },
        "2019-03": {
            "month": "2019-03",
            "price": "11.96",
            "revenue": 51688
        },
        "2019-04": {
            "month": "2019-04",
            "price": "13.73",
            "revenue": 49395
        },
        "2019-05": {
            "month": "2019-05",
            "price": "11.94",
            "revenue": 45948
        },
        "2019-06": {
            "month": "2019-06",
            "price": "12.02",
            "revenue": 46916
        },
        "2019-07": {
            "month": "2019-07",
            "price": "12.33",
            "revenue": 54822
        },
        "2019-08": {
            "month": "2019-08",
            "price": "11.11",
            "revenue": 54344
        },
        "2019-09": {
            "month": "2019-09",
            "price": "11.26",
            "revenue": 48243
        },
        "2019-10": {
            "month": "2019-10",
            "price": "11.02",
            "revenue": 46582
        },
        "2019-11": {
            "month": "2019-11",
            "price": "10.93",
            "revenue": 47371
        },
        "2019-12": {
            "month": "2019-12",
            "price": "11.05",
            "revenue": 54369
        },
        "2020-01": {
            "month": "2020-01",
            "price": "10.63",
            "revenue": 46281
        },
        "2020-02": {
            "month": "2020-02",
            "price": "9.96",
            "revenue": 41969
        },
        "2020-03": {
            "month": "2020-03",
            "price": "7.85",
            "revenue": 45027
        },
        "2020-04": {
            "month": "2020-04",
            "price": "7.67",
            "revenue": 45504
        },
        "2020-05": {
            "month": "2020-05",
            "price": "9.54",
            "revenue": 45625
        },
        "2020-06": {
            "month": "2020-06",
            "price": "13.86",
            "revenue": 41986
        },
        "2020-07": {
            "month": "2020-07",
            "price": "18.80",
            "revenue": 41750
        },
        "2020-08": {
            "month": "2020-08",
            "price": "18.50",
            "revenue": 41955
        },
        "2020-09": {
            "month": "2020-09",
            "price": "17.67",
            "revenue": 45606
        },
        "2020-10": {
            "month": "2020-10",
            "price": "16.21",
            "revenue": 41241
        },
        "2020-11": {
            "month": "2020-11",
            "price": "15.26",
            "revenue": 47919
        },
        "2020-12": {
            "month": "2020-12",
            "price": "14.82",
            "revenue": 46236
        },
        "2021-01": {
            "month": "2021-01",
            "price": "13.87",
            "revenue": 50973
        },
        "2021-02": {
            "month": "2021-02",
            "price": "16.26",
            "revenue": 45780
        },
        "2021-03": {
            "month": "2021-03",
            "price": "17.84",
            "revenue": 41920
        },
        "2021-04": {
            "month": "2021-04",
            "price": "18.49",
            "revenue": 72128
        },
        "2021-05": {
            "month": "2021-05",
            "price": "21.86",
            "revenue": 44599
        },
        "2021-06": {
            "month": "2021-06",
            "price": "27.03",
            "revenue": 46741
        },
        "2021-07": {
            "month": "2021-07",
            "price": "26.18",
            "revenue": 41789
        },
        "2021-08": {
            "month": "2021-08",
            "price": "25.81",
            "revenue": 47080
        },
        "2021-09": {
            "month": "2021-09",
            "price": "22.16",
            "revenue": 51994
        },
        "2021-10": {
            "month": "2021-10",
            "price": "20.16",
            "revenue": 47365
        },
        "2021-11": {
            "month": "2021-11",
            "price": "21.43",
            "revenue": 50985
        },
        "2021-12": {
            "month": "2021-12",
            "price": "22.41",
            "revenue": 50116
        },
        "2022-01": {
            "month": "2022-01",
            "price": "21.56",
            "revenue": 39198
        },
        "2022-02": {
            "month": "2022-02",
            "price": "20.70",
            "revenue": 41771
        },
        "2022-03": {
            "month": "2022-03",
            "price": "19.96",
            "revenue": 56445
        },
        "2022-04": {
            "month": "2022-04",
            "price": "21.49",
            "revenue": 50634
        },
        "2022-05": {
            "month": "2022-05",
            "price": "19.47",
            "revenue": 45825
        },
        "2022-06": {
            "month": "2022-06",
            "price": "17.83",
            "revenue": 45649
        },
        "2022-07": {
            "month": "2022-07",
            "price": "14.94",
            "revenue": 43708
        },
        "2022-08": {
            "month": "2022-08",
            "price": "14.81",
            "revenue": 44727
        },
        "2022-09": {
            "month": "2022-09",
            "price": "13.68",
            "revenue": 50288
        },
        "2022-10": {
            "month": "2022-10",
            "price": "11.88",
            "revenue": 54475
        },
        "2022-11": {
            "month": "2022-11",
            "price": "13.48",
            "revenue": 47279
        },
        "2022-12": {
            "month": "2022-12",
            "price": "13.38",
            "revenue": 71126
        },
        "2023-01": {
            "month": "2023-01",
            "price": "12.27",
            "revenue": 44739
        },
        "2023-02": {
            "month": "2023-02",
            "price": "13.04",
            "revenue": 54655
        },
        "2023-03": {
            "month": "2023-03",
            "price": "12.71",
            "revenue": 53597
        },
        "2023-04": {
            "month": "2023-04",
            "price": "12.70",
            "revenue": 55486
        },
        "2023-05": {
            "month": "2023-05",
            "price": "12.11",
            "revenue": 54853
        },
        "2023-06": {
            "month": "2023-06",
            "price": "12.66",
            "revenue": 57265
        },
        "2023-07": {
            "month": "2023-07",
            "price": "12.76",
            "revenue": 55058
        },
        "2023-08": {
            "month": "2023-08",
            "price": "12.31",
            "revenue": 46336
        },
        "2023-09": {
            "month": "2023-09",
            "price": "13.37",
            "revenue": 52667
        },
        "2023-10": {
            "month": "2023-10",
            "price": "14.26",
            "revenue": 49157
        },
        "2023-11": {
            "month": "2023-11",
            "price": "16.08",
            "revenue": 54708
        },
        "2023-12": {
            "month": "2023-12",
            "price": "15.57",
            "revenue": 69801
        }
    }
}
