{
    "summary": {
        "stock_name": "正崴",
        "stock_id": "2392",
        "category": "電子零組件",
        "main_business": "連接器之研發、製造與銷售<br>電池模組之研發、製造與銷售<br>電源管理模組之研發、製造與銷售",
        "website_url": "http://www.foxlink.com",
        "ceo": "郭台強",
        "pe_ratio": 16,
        "report_year_from": 2001,
        "report_year_to": 2023,
        "age": 22,
        "eps_negative_percentage": 0,
        "eps_growth_avg": {
            "last_all": 4.21,
            "last_2y": 3.65,
            "last_4y": 11.31,
            "last_8y": 5.43,
            "last_12y": 6.43,
            "last_16y": 2.23,
            "last_20y": 4.21,
            "at_2006_last_3y": 13.75,
            "at_2007_last_3y": 14.56,
            "at_2008_last_3y": -1.84,
            "at_2009_last_3y": -11.41,
            "at_2010_last_3y": -12.01,
            "at_2011_last_3y": -3.07,
            "at_2012_last_3y": -0.11,
            "at_2013_last_3y": 8.67,
            "at_2014_last_3y": -0.61,
            "at_2015_last_3y": -7.83,
            "at_2016_last_3y": -17.7,
            "at_2017_last_3y": -1.93,
            "at_2018_last_3y": -11.4,
            "at_2019_last_3y": 15.53,
            "at_2020_last_3y": 28.19,
            "at_2021_last_3y": -2.18,
            "at_2022_last_3y": 27.74,
            "at_2023_last_3y": 27.74,
            "at_2006_last_all": 14.71,
            "at_2007_last_all": 9.82,
            "at_2008_last_all": 4.96,
            "at_2009_last_all": 0.61,
            "at_2010_last_all": 2.83,
            "at_2011_last_all": 4.66,
            "at_2012_last_all": 3.11,
            "at_2013_last_all": 3.29,
            "at_2014_last_all": 1.77,
            "at_2015_last_all": 1.09,
            "at_2016_last_all": -2.44,
            "at_2017_last_all": 1.99,
            "at_2018_last_all": -1.33,
            "at_2019_last_all": 4.3,
            "at_2020_last_all": 4.01,
            "at_2021_last_all": 1.16,
            "at_2022_last_all": 4.21,
            "at_2023_last_all": 4.21
        },
        "latest_eps": 2.38,
        "latest_price": 39,
        "latest_roe": 4.46,
        "latest_gross_margin": 12.7,
        "latest_equity": 34031811,
        "latest_revenue": 17185153,
        "latest_gross_profit": 2182582,
        "latest_net_income": 789676,
        "latest_debt_ratio": 61.7,
        "latest_current_ratio": 156.51,
        "latest_account_receivable_turnover_ratio": 1.5,
        "latest_inventory_turnover_ratio": 0.97,
        "latest_reinvestment_rate": -50.24,
        "latest_research_to_sale_ratio": 3.34
    },
    "eps_dividends": {
        "1999": {
            "cash": 1.26,
            "stock": 1.26,
            "eps": 0
        },
        "2000": {
            "cash": 0,
            "stock": 1.5,
            "eps": 0
        },
        "2001": {
            "cash": 0,
            "stock": 2,
            "eps": 3.72
        },
        "2002": {
            "cash": 1,
            "stock": 1.5,
            "eps": 4.41
        },
        "2003": {
            "cash": 1.5,
            "stock": 1,
            "eps": 3.62
        },
        "2004": {
            "cash": 1.5,
            "stock": 1,
            "eps": 5.12
        },
        "2005": {
            "cash": 1.5,
            "stock": 1,
            "eps": 5.55
        },
        "2006": {
            "cash": 1.2,
            "stock": 1,
            "eps": 6.83
        },
        "2007": {
            "cash": 3,
            "stock": 0.5,
            "eps": 5.83
        },
        "2008": {
            "cash": 2.5,
            "stock": 0.5,
            "eps": 4.42
        },
        "2009": {
            "cash": 2.8,
            "stock": 0.2,
            "eps": 3.1
        },
        "2010": {
            "cash": 2.4,
            "stock": 0.1,
            "eps": 3.74
        },
        "2011": {
            "cash": 4.99,
            "stock": 0.2,
            "eps": 4.53
        },
        "2012": {
            "cash": 0,
            "stock": 0,
            "eps": 3.97
        },
        "2013": {
            "cash": 2.5,
            "stock": 0,
            "eps": 4.18
        },
        "2014": {
            "cash": 3,
            "stock": 0,
            "eps": 3.49
        },
        "2015": {
            "cash": 2,
            "stock": 0,
            "eps": 3.22
        },
        "2016": {
            "cash": 2,
            "stock": 0,
            "eps": 1.55
        },
        "2017": {
            "cash": 1.5,
            "stock": 0,
            "eps": 2.61
        },
        "2018": {
            "cash": 2,
            "stock": 0,
            "eps": 1.19
        },
        "2019": {
            "cash": 1.5,
            "stock": 0,
            "eps": 4.1
        },
        "2020": {
            "cash": 2.5,
            "stock": 0,
            "eps": 4.05
        },
        "2021": {
            "cash": 2.5,
            "stock": 0,
            "eps": 1.9
        },
        "2022": {
            "cash": 1.5,
            "stock": 0,
            "eps": 3.14
        },
        "2023": {
            "cash": 2.2,
            "stock": 0,
            "eps": 0.28
        }
    },
    "dividends": {
        "1999-06-25": {
            "cash": 1.26,
            "stock": 1.26
        },
        "2000-06-02": {
            "cash": 0,
            "stock": 1.5
        },
        "2001-06-08": {
            "cash": 0,
            "stock": 2
        },
        "2002-05-30": {
            "cash": 1,
            "stock": 1.5
        },
        "2003-04-18": {
            "cash": 1.5,
            "stock": 1
        },
        "2004-04-22": {
            "cash": 1.5,
            "stock": 1
        },
        "2005-03-18": {
            "cash": 1.5,
            "stock": 1
        },
        "2006-04-28": {
            "cash": 1.2,
            "stock": 1
        },
        "2007-04-27": {
            "cash": 3,
            "stock": 0.5
        },
        "2008-04-30": {
            "cash": 2.5,
            "stock": 0.5
        },
        "2009-04-24": {
            "cash": 2.8,
            "stock": 0.2
        },
        "2010-04-29": {
            "cash": 2.4,
            "stock": 0.1
        },
        "2011-01-01": {
            "cash": 2.5,
            "stock": 0.1
        },
        "2011-04-26": {
            "cash": 2.49,
            "stock": 0.1
        },
        "2013-03-29": {
            "cash": 2.5,
            "stock": 0
        },
        "2014-06-12": {
            "cash": 3,
            "stock": 0
        },
        "2015-08-28": {
            "cash": 2,
            "stock": 0
        },
        "2016-08-31": {
            "cash": 2,
            "stock": 0
        },
        "2017-08-29": {
            "cash": 1.5,
            "stock": 0
        },
        "2018-08-24": {
            "cash": 2,
            "stock": 0
        },
        "2019-08-28": {
            "cash": 1.5,
            "stock": 0
        },
        "2020-08-20": {
            "cash": 2.5,
            "stock": 0
        },
        "2021-08-20": {
            "cash": 2.5,
            "stock": 0
        },
        "2022-08-19": {
            "cash": 1.5,
            "stock": 0
        },
        "2023-08-18": {
            "cash": 2.2,
            "stock": 0
        }
    },
    "prices": {
        "200101": "86.62",
        "200102": "91.84",
        "200103": "83.61",
        "200104": "82.70",
        "200105": "84.68",
        "200106": "87.28",
        "200107": "75.88",
        "200108": "69.15",
        "200109": "52.39",
        "200110": "56.33",
        "200111": "66.50",
        "200112": "93.45",
        "200201": "144.73",
        "200202": "146.79",
        "200203": "147.60",
        "200204": "124.05",
        "200205": "105.34",
        "200206": "97.52",
        "200207": "78.91",
        "200208": "89.25",
        "200209": "85.48",
        "200210": "81.34",
        "200211": "79.45",
        "200212": "69.66",
        "200301": "65.08",
        "200302": "60.03",
        "200303": "57.76",
        "200304": "57.84",
        "200305": "58.55",
        "200306": "72.92",
        "200307": "74.13",
        "200308": "71.67",
        "200309": "68.24",
        "200310": "70.32",
        "200311": "72.08",
        "200312": "67.59",
        "200401": "66.83",
        "200402": "65.98",
        "200403": "65.48",
        "200404": "64.61",
        "200405": "62.74",
        "200406": "59.95",
        "200407": "49.84",
        "200408": "50.18",
        "200409": "55.69",
        "200410": "55.25",
        "200411": "61.82",
        "200412": "64.48",
        "200501": "64.83",
        "200502": "73.04",
        "200503": "85.18",
        "200504": "84.72",
        "200505": "81.00",
        "200506": "88.81",
        "200507": "102.62",
        "200508": "89.80",
        "200509": "93.37",
        "200510": "95.62",
        "200511": "103.62",
        "200512": "104.05",
        "200601": "112.17",
        "200602": "105.15",
        "200603": "108.13",
        "200604": "125.92",
        "200605": "134.02",
        "200606": "131.93",
        "200607": "125.17",
        "200608": "121.67",
        "200609": "117.81",
        "200610": "115.98",
        "200611": "115.89",
        "200612": "114.40",
        "200701": "134.25",
        "200702": "124.38",
        "200703": "109.89",
        "200704": "102.31",
        "200705": "94.47",
        "200706": "104.92",
        "200707": "107.66",
        "200708": "82.28",
        "200709": "83.82",
        "200710": "91.63",
        "200711": "82.45",
        "200712": "72.40",
        "200801": "63.30",
        "200802": "61.97",
        "200803": "68.70",
        "200804": "70.38",
        "200805": "68.40",
        "200806": "62.53",
        "200807": "57.10",
        "200808": "64.66",
        "200809": "58.92",
        "200810": "52.60",
        "200811": "36.10",
        "200812": "33.23",
        "200901": "35.00",
        "200902": "37.28",
        "200903": "42.09",
        "200904": "45.15",
        "200905": "49.94",
        "200906": "51.89",
        "200907": "65.50",
        "200908": "62.00",
        "200909": "64.60",
        "200910": "65.74",
        "200911": "64.70",
        "200912": "68.05",
        "201001": "70.11",
        "201002": "60.91",
        "201003": "61.73",
        "201004": "63.15",
        "201005": "52.60",
        "201006": "52.02",
        "201007": "57.29",
        "201008": "56.52",
        "201009": "54.96",
        "201010": "60.22",
        "201011": "62.63",
        "201012": "66.42",
        "201101": "65.16",
        "201102": "57.88",
        "201103": "58.64",
        "201104": "58.78",
        "201105": "66.55",
        "201106": "72.67",
        "201107": "79.76",
        "201108": "80.46",
        "201109": "71.17",
        "201110": "66.84",
        "201111": "62.98",
        "201112": "56.64",
        "201201": "62.70",
        "201202": "70.26",
        "201203": "71.27",
        "201204": "63.89",
        "201205": "58.27",
        "201206": "60.32",
        "201207": "57.83",
        "201208": "57.81",
        "201209": "68.00",
        "201210": "66.97",
        "201211": "66.89",
        "201212": "64.43",
        "201301": "58.58",
        "201302": "55.95",
        "201303": "56.25",
        "201304": "58.36",
        "201305": "59.56",
        "201306": "60.18",
        "201307": "59.03",
        "201308": "59.76",
        "201309": "60.32",
        "201310": "60.64",
        "201311": "58.44",
        "201312": "59.20",
        "201401": "62.27",
        "201402": "64.67",
        "201403": "65.00",
        "201404": "62.23",
        "201405": "58.13",
        "201406": "57.82",
        "201407": "57.77",
        "201408": "56.68",
        "201409": "56.44",
        "201410": "51.06",
        "201411": "51.47",
        "201412": "50.89",
        "201501": "53.66",
        "201502": "55.62",
        "201503": "57.78",
        "201504": "60.36",
        "201505": "58.98",
        "201506": "54.70",
        "201507": "50.95",
        "201508": "45.15",
        "201509": "46.46",
        "201510": "47.64",
        "201511": "46.24",
        "201512": "44.83",
        "201601": "42.94",
        "201602": "42.63",
        "201603": "44.22",
        "201604": "41.72",
        "201605": "41.16",
        "201606": "41.83",
        "201607": "42.92",
        "201608": "40.55",
        "201609": "39.36",
        "201610": "39.06",
        "201611": "36.54",
        "201612": "36.59",
        "201701": "36.77",
        "201702": "38.24",
        "201703": "38.98",
        "201704": "39.48",
        "201705": "43.13",
        "201706": "42.27",
        "201707": "41.36",
        "201708": "40.92",
        "201709": "41.23",
        "201710": "47.63",
        "201711": "49.59",
        "201712": "51.04",
        "201801": "47.52",
        "201802": "42.78",
        "201803": "41.97",
        "201804": "40.18",
        "201805": "37.35",
        "201806": "35.00",
        "201807": "32.13",
        "201808": "29.17",
        "201809": "26.93",
        "201810": "22.52",
        "201811": "22.98",
        "201812": "24.25",
        "201901": "23.60",
        "201902": "26.95",
        "201903": "37.53",
        "201904": "39.46",
        "201905": "33.52",
        "201906": "31.49",
        "201907": "34.44",
        "201908": "33.15",
        "201909": "35.66",
        "201910": "41.89",
        "201911": "43.70",
        "201912": "44.20",
        "202001": "43.65",
        "202002": "38.59",
        "202003": "30.71",
        "202004": "35.02",
        "202005": "37.03",
        "202006": "38.13",
        "202007": "41.98",
        "202008": "41.48",
        "202009": "41.35",
        "202010": "41.48",
        "202011": "41.63",
        "202012": "46.08",
        "202101": "47.00",
        "202102": "45.88",
        "202103": "47.44",
        "202104": "47.07",
        "202105": "40.50",
        "202106": "40.91",
        "202107": "42.70",
        "202108": "39.22",
        "202109": "37.79",
        "202110": "37.74",
        "202111": "38.95",
        "202112": "38.75",
        "202201": "39.53",
        "202202": "38.62",
        "202203": "38.13",
        "202204": "35.52",
        "202205": "33.75",
        "202206": "34.07",
        "202207": "32.00",
        "202208": "34.94",
        "202209": "35.64",
        "202210": "34.90",
        "202211": "35.76",
        "202212": "37.98",
        "202301": "37.30",
        "202302": "39.99",
        "202303": "40.03",
        "202304": "42.10",
        "202305": "40.80",
        "202306": "41.81",
        "202307": "42.47",
        "202308": "41.65",
        "202309": "43.40",
        "202310": "40.25"
    },
    "quarters": {
        "20011": {
            "year_quarter": 20011,
            "year": 2001,
            "quarter": 1,
            "eps": 0.58,
            "eps_growth_year": 9.43,
            "eps_4q": 3.38,
            "eps_4q_growth_year": 42.24,
            "roe": 1.88,
            "roe_4q": 1.88,
            "gross_profit": 193373,
            "gross_margin": 23.96,
            "gross_margin_4q_avg": 23.96,
            "net_income": 67933,
            "net_income_4q": null,
            "revenue": 806901,
            "revenue_4q": null,
            "common_shares": 1170000,
            "book_valuer_per_share": 31.2,
            "book_valuer_per_share_4q_avg": 31.2,
            "equity": 3650169,
            "current_ratio": 190.98,
            "debt_ratio": 22.67,
            "inventory_turnover_ratio": 0.82,
            "account_receivable_turnover_ratio": null,
            "reinvestment_rate": null,
            "research_to_sale_ratio": null,
            "price_fair": 0,
            "eps_avg_yearly": 0,
            "eps_latest_yearly": 0,
            "eps_growth_yearly": 0
        },
        "20012": {
            "year_quarter": 20012,
            "year": 2001,
            "quarter": 2,
            "eps": 0.55,
            "eps_growth_year": -28.57,
            "eps_4q": 2.69,
            "eps_4q_growth_year": 11.47,
            "roe": 2.13,
            "roe_4q": 4.01,
            "gross_profit": 279233,
            "gross_margin": 21.71,
            "gross_margin_4q_avg": 22.84,
            "net_income": 78678,
            "net_income_4q": null,
            "revenue": 1286227,
            "revenue_4q": null,
            "common_shares": 1170000,
            "book_valuer_per_share": 32.06,
            "book_valuer_per_share_4q_avg": 31.63,
            "equity": 3750784,
            "current_ratio": 148.98,
            "debt_ratio": 30.88,
            "inventory_turnover_ratio": 1.35,
            "account_receivable_turnover_ratio": null,
            "reinvestment_rate": null,
            "research_to_sale_ratio": null,
            "price_fair": 0,
            "eps_avg_yearly": 0,
            "eps_latest_yearly": 0,
            "eps_growth_yearly": 0
        },
        "20013": {
            "year_quarter": 20013,
            "year": 2001,
            "quarter": 3,
            "eps": 1.15,
            "eps_growth_year": 13.86,
            "eps_4q": 3.02,
            "eps_4q_growth_year": -0.93,
            "roe": 4.31,
            "roe_4q": 8.32,
            "gross_profit": 461848,
            "gross_margin": 22.99,
            "gross_margin_4q_avg": 22.89,
            "net_income": 165078,
            "net_income_4q": null,
            "revenue": 2008998,
            "revenue_4q": null,
            "common_shares": 1435000,
            "book_valuer_per_share": 27.3,
            "book_valuer_per_share_4q_avg": 30.19,
            "equity": 3917251,
            "current_ratio": 133.32,
            "debt_ratio": 42.44,
            "inventory_turnover_ratio": 1.56,
            "account_receivable_turnover_ratio": null,
            "reinvestment_rate": null,
            "research_to_sale_ratio": null,
            "price_fair": 0,
            "eps_avg_yearly": 0,
            "eps_latest_yearly": 0,
            "eps_growth_yearly": 0
        },
        "20014": {
            "year_quarter": 20014,
            "year": 2001,
            "quarter": 4,
            "eps": 1.44,
            "eps_growth_year": 38.46,
            "eps_4q": 3.59,
            "eps_4q_growth_year": 10.44,
            "roe": 4.82,
            "roe_4q": 13.139999999999997,
            "gross_profit": 595987,
            "gross_margin": 20.9,
            "gross_margin_4q_avg": 22.39,
            "net_income": 208512,
            "net_income_4q": null,
            "revenue": 2851875,
            "revenue_4q": null,
            "common_shares": 1435000,
            "book_valuer_per_share": 33.05,
            "book_valuer_per_share_4q_avg": 30.9,
            "equity": 4743308,
            "current_ratio": 178.53,
            "debt_ratio": 47.77,
            "inventory_turnover_ratio": 1.9,
            "account_receivable_turnover_ratio": null,
            "reinvestment_rate": null,
            "research_to_sale_ratio": null,
            "price_fair": 0,
            "eps_avg_yearly": 0,
            "eps_latest_yearly": 0,
            "eps_growth_yearly": 0
        },
        "20021": {
            "year_quarter": 20021,
            "year": 2002,
            "quarter": 1,
            "eps": 1.19,
            "eps_growth_year": 105.17,
            "eps_4q": 4.02,
            "eps_4q_growth_year": 18.94,
            "roe": 3.53,
            "roe_4q": 14.79,
            "gross_profit": 541957,
            "gross_margin": 19.92,
            "gross_margin_4q_avg": 21.38,
            "net_income": 190378,
            "net_income_4q": null,
            "revenue": 2721111,
            "revenue_4q": null,
            "common_shares": 1527203,
            "book_valuer_per_share": 39.59,
            "book_valuer_per_share_4q_avg": 33,
            "equity": 6045495,
            "current_ratio": 212.84,
            "debt_ratio": 30.65,
            "inventory_turnover_ratio": 1.77,
            "account_receivable_turnover_ratio": null,
            "reinvestment_rate": null,
            "research_to_sale_ratio": null,
            "price_fair": 14.28,
            "eps_avg_yearly": 4.76,
            "eps_latest_yearly": 4.76,
            "eps_growth_yearly": -69.44
        },
        "20022": {
            "year_quarter": 20022,
            "year": 2002,
            "quarter": 2,
            "eps": 1,
            "eps_growth_year": 81.82,
            "eps_4q": 3.87,
            "eps_4q_growth_year": 43.63,
            "roe": 3.25,
            "roe_4q": 15.91,
            "gross_profit": 491578,
            "gross_margin": 20.58,
            "gross_margin_4q_avg": 21.1,
            "net_income": 196643,
            "net_income_4q": null,
            "revenue": 2388290,
            "revenue_4q": null,
            "common_shares": 1693355,
            "book_valuer_per_share": 35.71,
            "book_valuer_per_share_4q_avg": 33.91,
            "equity": 6046852,
            "current_ratio": 231.98,
            "debt_ratio": 27.25,
            "inventory_turnover_ratio": 1.48,
            "account_receivable_turnover_ratio": null,
            "reinvestment_rate": null,
            "research_to_sale_ratio": null,
            "price_fair": 13.14,
            "eps_avg_yearly": 4.38,
            "eps_latest_yearly": 4,
            "eps_growth_yearly": -66.65
        },
        "20023": {
            "year_quarter": 20023,
            "year": 2002,
            "quarter": 3,
            "eps": 1.17,
            "eps_growth_year": 1.74,
            "eps_4q": 4.18,
            "eps_4q_growth_year": 38.7,
            "roe": 3.74,
            "roe_4q": 15.34,
            "gross_profit": 575644,
            "gross_margin": 22.58,
            "gross_margin_4q_avg": 21,
            "net_income": 231270,
            "net_income_4q": null,
            "revenue": 2549098,
            "revenue_4q": null,
            "common_shares": 2005207,
            "book_valuer_per_share": 31.46,
            "book_valuer_per_share_4q_avg": 34.95,
            "equity": 6309244,
            "current_ratio": 212.47,
            "debt_ratio": 30.31,
            "inventory_turnover_ratio": 1.63,
            "account_receivable_turnover_ratio": null,
            "reinvestment_rate": null,
            "research_to_sale_ratio": null,
            "price_fair": 13.44,
            "eps_avg_yearly": 4.48,
            "eps_latest_yearly": 4.68,
            "eps_growth_yearly": -21.77
        },
        "20024": {
            "year_quarter": 20024,
            "year": 2002,
            "quarter": 4,
            "eps": 1.05,
            "eps_growth_year": -27.08,
            "eps_4q": 4.16,
            "eps_4q_growth_year": 15.89,
            "roe": 3.24,
            "roe_4q": 13.76,
            "gross_profit": 561044,
            "gross_margin": 22.58,
            "gross_margin_4q_avg": 21.42,
            "net_income": 208511,
            "net_income_4q": null,
            "revenue": 2484739,
            "revenue_4q": null,
            "common_shares": 2013071,
            "book_valuer_per_share": 32.61,
            "book_valuer_per_share_4q_avg": 34.84,
            "equity": 6564750,
            "current_ratio": 161.75,
            "debt_ratio": 36.21,
            "inventory_turnover_ratio": 1.78,
            "account_receivable_turnover_ratio": null,
            "reinvestment_rate": 133.39,
            "research_to_sale_ratio": null,
            "price_fair": 13.23,
            "eps_avg_yearly": 4.41,
            "eps_latest_yearly": 4.2,
            "eps_growth_yearly": -26.58
        },
        "20031": {
            "year_quarter": 20031,
            "year": 2003,
            "quarter": 1,
            "eps": 0.93,
            "eps_growth_year": -21.85,
            "eps_4q": 4.1,
            "eps_4q_growth_year": 2.03,
            "roe": 2.81,
            "roe_4q": 13.040000000000001,
            "gross_profit": 485025,
            "gross_margin": 19.49,
            "gross_margin_4q_avg": 21.31,
            "net_income": 186791,
            "net_income_4q": null,
            "revenue": 2488260,
            "revenue_4q": null,
            "common_shares": 2013071,
            "book_valuer_per_share": 33.51,
            "book_valuer_per_share_4q_avg": 33.32,
            "equity": 6746356,
            "current_ratio": 260.42,
            "debt_ratio": 21.78,
            "inventory_turnover_ratio": 1.96,
            "account_receivable_turnover_ratio": null,
            "reinvestment_rate": 37.22,
            "research_to_sale_ratio": null,
            "price_fair": 12.82,
            "eps_avg_yearly": 4.27,
            "eps_latest_yearly": 3.72,
            "eps_growth_yearly": -30.41
        },
        "20032": {
            "year_quarter": 20032,
            "year": 2003,
            "quarter": 2,
            "eps": 0.67,
            "eps_growth_year": -33,
            "eps_4q": 3.4,
            "eps_4q_growth_year": -12.16,
            "roe": 2.31,
            "roe_4q": 12.1,
            "gross_profit": 475578,
            "gross_margin": 20.25,
            "gross_margin_4q_avg": 21.23,
            "net_income": 153907,
            "net_income_4q": null,
            "revenue": 2347985,
            "revenue_4q": null,
            "common_shares": 2013071,
            "book_valuer_per_share": 32.75,
            "book_valuer_per_share_4q_avg": 32.58,
            "equity": 6593491,
            "current_ratio": 217.88,
            "debt_ratio": 26.8,
            "inventory_turnover_ratio": 1.58,
            "account_receivable_turnover_ratio": null,
            "reinvestment_rate": 31.33,
            "research_to_sale_ratio": null,
            "price_fair": 12.02,
            "eps_avg_yearly": 4.01,
            "eps_latest_yearly": 2.68,
            "eps_growth_yearly": -43.98
        },
        "20033": {
            "year_quarter": 20033,
            "year": 2003,
            "quarter": 3,
            "eps": 1.08,
            "eps_growth_year": -7.69,
            "eps_4q": 3.49,
            "eps_4q_growth_year": -16.58,
            "roe": 3.67,
            "roe_4q": 12.030000000000001,
            "gross_profit": 671912,
            "gross_margin": 20.43,
            "gross_margin_4q_avg": 20.69,
            "net_income": 246174,
            "net_income_4q": null,
            "revenue": 3288334,
            "revenue_4q": null,
            "common_shares": 2282378,
            "book_valuer_per_share": 29.89,
            "book_valuer_per_share_4q_avg": 32.19,
            "equity": 6821936,
            "current_ratio": 184.27,
            "debt_ratio": 34.41,
            "inventory_turnover_ratio": 1.59,
            "account_receivable_turnover_ratio": null,
            "reinvestment_rate": 28.63,
            "research_to_sale_ratio": null,
            "price_fair": 12.15,
            "eps_avg_yearly": 4.05,
            "eps_latest_yearly": 4.32,
            "eps_growth_yearly": -2.73
        },
        "20034": {
            "year_quarter": 20034,
            "year": 2003,
            "quarter": 4,
            "eps": 0.94,
            "eps_growth_year": -10.48,
            "eps_4q": 3.52,
            "eps_4q_growth_year": -15.5,
            "roe": 3.08,
            "roe_4q": 11.870000000000001,
            "gross_profit": 667140,
            "gross_margin": 14.86,
            "gross_margin_4q_avg": 18.76,
            "net_income": 213972,
            "net_income_4q": null,
            "revenue": 4489261,
            "revenue_4q": null,
            "common_shares": 2282378,
            "book_valuer_per_share": 30.95,
            "book_valuer_per_share_4q_avg": 31.78,
            "equity": 7064144,
            "current_ratio": 138.36,
            "debt_ratio": 40.81,
            "inventory_turnover_ratio": 2.15,
            "account_receivable_turnover_ratio": null,
            "reinvestment_rate": 121.15,
            "research_to_sale_ratio": null,
            "price_fair": 12.05,
            "eps_avg_yearly": 4.02,
            "eps_latest_yearly": 3.76,
            "eps_growth_yearly": -8.87
        },
        "20041": {
            "year_quarter": 20041,
            "year": 2004,
            "quarter": 1,
            "eps": 0.95,
            "eps_growth_year": 2.15,
            "eps_4q": 3.63,
            "eps_4q_growth_year": -11.35,
            "roe": 3.03,
            "roe_4q": 12.09,
            "gross_profit": 621945,
            "gross_margin": 19.71,
            "gross_margin_4q_avg": 18.81,
            "net_income": 217391,
            "net_income_4q": null,
            "revenue": 3155342,
            "revenue_4q": null,
            "common_shares": 2282378,
            "book_valuer_per_share": 31.95,
            "book_valuer_per_share_4q_avg": 31.39,
            "equity": 7291431,
            "current_ratio": 186.15,
            "debt_ratio": 33.6,
            "inventory_turnover_ratio": 1.37,
            "account_receivable_turnover_ratio": null,
            "reinvestment_rate": 23.4,
            "research_to_sale_ratio": null,
            "price_fair": 11.97,
            "eps_avg_yearly": 3.99,
            "eps_latest_yearly": 3.8,
            "eps_growth_yearly": -7.41
        },
        "20042": {
            "year_quarter": 20042,
            "year": 2004,
            "quarter": 2,
            "eps": 0.87,
            "eps_growth_year": 29.85,
            "eps_4q": 3.48,
            "eps_4q_growth_year": 2.51,
            "roe": 3.12,
            "roe_4q": 12.9,
            "gross_profit": 572332,
            "gross_margin": 15.03,
            "gross_margin_4q_avg": 17.51,
            "net_income": 225596,
            "net_income_4q": null,
            "revenue": 3806826,
            "revenue_4q": null,
            "common_shares": 2282378,
            "book_valuer_per_share": 31.44,
            "book_valuer_per_share_4q_avg": 31.06,
            "equity": 7176862,
            "current_ratio": 161.17,
            "debt_ratio": 39.94,
            "inventory_turnover_ratio": 1.41,
            "account_receivable_turnover_ratio": null,
            "reinvestment_rate": 17.65,
            "research_to_sale_ratio": null,
            "price_fair": 11.82,
            "eps_avg_yearly": 3.94,
            "eps_latest_yearly": 3.48,
            "eps_growth_yearly": -10.04
        },
        "20043": {
            "year_quarter": 20043,
            "year": 2004,
            "quarter": 3,
            "eps": 2.1,
            "eps_growth_year": 94.44,
            "eps_4q": 4.64,
            "eps_4q_growth_year": 33.1,
            "roe": 7.28,
            "roe_4q": 16.509999999999998,
            "gross_profit": 929736,
            "gross_margin": 16.05,
            "gross_margin_4q_avg": 16.41,
            "net_income": 542173,
            "net_income_4q": null,
            "revenue": 5792476,
            "revenue_4q": null,
            "common_shares": 2587616,
            "book_valuer_per_share": 29.83,
            "book_valuer_per_share_4q_avg": 31.04,
            "equity": 7719035,
            "current_ratio": 139.07,
            "debt_ratio": 48.14,
            "inventory_turnover_ratio": 1.75,
            "account_receivable_turnover_ratio": null,
            "reinvestment_rate": 20.07,
            "research_to_sale_ratio": null,
            "price_fair": 152.09,
            "eps_avg_yearly": 4.35,
            "eps_latest_yearly": 8.4,
            "eps_growth_yearly": 42.28
        },
        "20044": {
            "year_quarter": 20044,
            "year": 2004,
            "quarter": 4,
            "eps": 1.2,
            "eps_growth_year": 27.66,
            "eps_4q": 4.99,
            "eps_4q_growth_year": 41.88,
            "roe": 4,
            "roe_4q": 17.430000000000003,
            "gross_profit": 941676,
            "gross_margin": 15.85,
            "gross_margin_4q_avg": 16.66,
            "net_income": 311781,
            "net_income_4q": null,
            "revenue": 5941849,
            "revenue_4q": null,
            "common_shares": 2587616,
            "book_valuer_per_share": 30.46,
            "book_valuer_per_share_4q_avg": 30.92,
            "equity": 7882622,
            "current_ratio": 106.33,
            "debt_ratio": 56.27,
            "inventory_turnover_ratio": 1.74,
            "account_receivable_turnover_ratio": null,
            "reinvestment_rate": 114.6,
            "research_to_sale_ratio": null,
            "price_fair": 151.12,
            "eps_avg_yearly": 4.38,
            "eps_latest_yearly": 4.8,
            "eps_growth_yearly": 24.48
        },
        "20051": {
            "year_quarter": 20051,
            "year": 2005,
            "quarter": 1,
            "eps": 1.16,
            "eps_growth_year": 22.11,
            "eps_4q": 5.33,
            "eps_4q_growth_year": 46.62,
            "roe": 3.74,
            "roe_4q": 18.14,
            "gross_profit": 732619,
            "gross_margin": 13.53,
            "gross_margin_4q_avg": 15.12,
            "net_income": 300488,
            "net_income_4q": null,
            "revenue": 5415005,
            "revenue_4q": null,
            "common_shares": 2587616,
            "book_valuer_per_share": 31.59,
            "book_valuer_per_share_4q_avg": 30.83,
            "equity": 8174587,
            "current_ratio": 131.4,
            "debt_ratio": 50.73,
            "inventory_turnover_ratio": 2,
            "account_receivable_turnover_ratio": null,
            "reinvestment_rate": 25.52,
            "research_to_sale_ratio": null,
            "price_fair": 138.99,
            "eps_avg_yearly": 4.4,
            "eps_latest_yearly": 4.64,
            "eps_growth_yearly": 21.57
        },
        "20052": {
            "year_quarter": 20052,
            "year": 2005,
            "quarter": 2,
            "eps": 1.05,
            "eps_growth_year": 20.69,
            "eps_4q": 5,
            "eps_4q_growth_year": 43.53,
            "roe": 3.77,
            "roe_4q": 18.79,
            "gross_profit": 565216,
            "gross_margin": 10.22,
            "gross_margin_4q_avg": 13.91,
            "net_income": 306964,
            "net_income_4q": null,
            "revenue": 5531706,
            "revenue_4q": null,
            "common_shares": 2587616,
            "book_valuer_per_share": 31.27,
            "book_valuer_per_share_4q_avg": 30.79,
            "equity": 8090668,
            "current_ratio": 134.44,
            "debt_ratio": 47.2,
            "inventory_turnover_ratio": 2.7,
            "account_receivable_turnover_ratio": null,
            "reinvestment_rate": 27.29,
            "research_to_sale_ratio": null,
            "price_fair": 119.88,
            "eps_avg_yearly": 4.39,
            "eps_latest_yearly": 4.2,
            "eps_growth_yearly": 17.32
        },
        "20053": {
            "year_quarter": 20053,
            "year": 2005,
            "quarter": 3,
            "eps": 1.72,
            "eps_growth_year": -18.1,
            "eps_4q": 4.85,
            "eps_4q_growth_year": 4.42,
            "roe": 5.93,
            "roe_4q": 17.439999999999998,
            "gross_profit": 1154814,
            "gross_margin": 17.04,
            "gross_margin_4q_avg": 14.16,
            "net_income": 505168,
            "net_income_4q": null,
            "revenue": 6776469,
            "revenue_4q": null,
            "common_shares": 2960045,
            "book_valuer_per_share": 30.19,
            "book_valuer_per_share_4q_avg": 30.88,
            "equity": 8934926,
            "current_ratio": 169.91,
            "debt_ratio": 57.68,
            "inventory_turnover_ratio": 2.16,
            "account_receivable_turnover_ratio": null,
            "reinvestment_rate": 23.96,
            "research_to_sale_ratio": null,
            "price_fair": 159.41,
            "eps_avg_yearly": 4.55,
            "eps_latest_yearly": 6.88,
            "eps_growth_yearly": 33.18
        },
        "20054": {
            "year_quarter": 20054,
            "year": 2005,
            "quarter": 4,
            "eps": 1.62,
            "eps_growth_year": 35,
            "eps_4q": 5.4,
            "eps_4q_growth_year": 8.17,
            "roe": 4.89,
            "roe_4q": 18.33,
            "gross_profit": 992667,
            "gross_margin": 9.73,
            "gross_margin_4q_avg": 12.63,
            "net_income": 476908,
            "net_income_4q": null,
            "revenue": 10197312,
            "revenue_4q": null,
            "common_shares": 3038481,
            "book_valuer_per_share": 33.2,
            "book_valuer_per_share_4q_avg": 31.56,
            "equity": 10562956,
            "current_ratio": 129.22,
            "debt_ratio": 61.48,
            "inventory_turnover_ratio": 2.41,
            "account_receivable_turnover_ratio": null,
            "reinvestment_rate": 111.42,
            "research_to_sale_ratio": null,
            "price_fair": 163.63,
            "eps_avg_yearly": 4.68,
            "eps_latest_yearly": 6.48,
            "eps_growth_yearly": 29.65
        },
        "20061": {
            "year_quarter": 20061,
            "year": 2006,
            "quarter": 1,
            "eps": 1.59,
            "eps_growth_year": 37.07,
            "eps_4q": 5.67,
            "eps_4q_growth_year": 6.41,
            "roe": 4.41,
            "roe_4q": 19,
            "gross_profit": 976647,
            "gross_margin": 10.5,
            "gross_margin_4q_avg": 11.87,
            "net_income": 502487,
            "net_income_4q": null,
            "revenue": 9296993,
            "revenue_4q": null,
            "common_shares": 3215202,
            "book_valuer_per_share": 38.01,
            "book_valuer_per_share_4q_avg": 33.17,
            "equity": 12222033,
            "current_ratio": 172.39,
            "debt_ratio": 45.96,
            "inventory_turnover_ratio": 2.17,
            "account_receivable_turnover_ratio": null,
            "reinvestment_rate": 21.82,
            "research_to_sale_ratio": null,
            "price_fair": 167.13,
            "eps_avg_yearly": 4.78,
            "eps_latest_yearly": 6.36,
            "eps_growth_yearly": 33.53
        },
        "20062": {
            "year_quarter": 20062,
            "year": 2006,
            "quarter": 2,
            "eps": 1.22,
            "eps_growth_year": 16.19,
            "eps_4q": 5.34,
            "eps_4q_growth_year": 6.84,
            "roe": 3.46,
            "roe_4q": 18.689999999999998,
            "gross_profit": 1109562,
            "gross_margin": 10.76,
            "gross_margin_4q_avg": 12.01,
            "net_income": 439508,
            "net_income_4q": null,
            "revenue": 10308737,
            "revenue_4q": null,
            "common_shares": 3315658,
            "book_valuer_per_share": 39.69,
            "book_valuer_per_share_4q_avg": 35.27,
            "equity": 13159803,
            "current_ratio": 149.18,
            "debt_ratio": 48.34,
            "inventory_turnover_ratio": 2.66,
            "account_receivable_turnover_ratio": null,
            "reinvestment_rate": 27.09,
            "research_to_sale_ratio": null,
            "price_fair": 169.05,
            "eps_avg_yearly": 4.83,
            "eps_latest_yearly": 4.88,
            "eps_growth_yearly": 31.7
        },
        "20063": {
            "year_quarter": 20063,
            "year": 2006,
            "quarter": 3,
            "eps": 2.61,
            "eps_growth_year": 51.74,
            "eps_4q": 6.52,
            "eps_4q_growth_year": 34.34,
            "roe": 6.85,
            "roe_4q": 19.61,
            "gross_profit": 1405263,
            "gross_margin": 12.35,
            "gross_margin_4q_avg": 10.84,
            "net_income": 948284,
            "net_income_4q": null,
            "revenue": 11378898,
            "revenue_4q": null,
            "common_shares": 3732207,
            "book_valuer_per_share": 38.89,
            "book_valuer_per_share_4q_avg": 37.45,
            "equity": 14515947,
            "current_ratio": 147.42,
            "debt_ratio": 47.57,
            "inventory_turnover_ratio": 2.46,
            "account_receivable_turnover_ratio": null,
            "reinvestment_rate": 29.61,
            "research_to_sale_ratio": null,
            "price_fair": 181.65,
            "eps_avg_yearly": 5.19,
            "eps_latest_yearly": 10.44,
            "eps_growth_yearly": 55.94
        },
        "20064": {
            "year_quarter": 20064,
            "year": 2006,
            "quarter": 4,
            "eps": 1.41,
            "eps_growth_year": -12.96,
            "eps_4q": 6.56,
            "eps_4q_growth_year": 21.5,
            "roe": 3.43,
            "roe_4q": 18.15,
            "gross_profit": 1275718,
            "gross_margin": 11.47,
            "gross_margin_4q_avg": 11.27,
            "net_income": 517525,
            "net_income_4q": null,
            "revenue": 11124334,
            "revenue_4q": null,
            "common_shares": 3732207,
            "book_valuer_per_share": 41.39,
            "book_valuer_per_share_4q_avg": 39.5,
            "equity": 15626735,
            "current_ratio": 144.98,
            "debt_ratio": 58.1,
            "inventory_turnover_ratio": 2.01,
            "account_receivable_turnover_ratio": null,
            "reinvestment_rate": 109.19,
            "research_to_sale_ratio": null,
            "price_fair": 184.8,
            "eps_avg_yearly": 5.28,
            "eps_latest_yearly": 5.64,
            "eps_growth_yearly": 47.01
        },
        "20071": {
            "year_quarter": 20071,
            "year": 2007,
            "quarter": 1,
            "eps": 1.37,
            "eps_growth_year": -13.84,
            "eps_4q": 6.46,
            "eps_4q_growth_year": 13.92,
            "roe": 3.24,
            "roe_4q": 16.98,
            "gross_profit": 1050408,
            "gross_margin": 10.72,
            "gross_margin_4q_avg": 11.33,
            "net_income": 513045,
            "net_income_4q": null,
            "revenue": 9800655,
            "revenue_4q": null,
            "common_shares": 3732207,
            "book_valuer_per_share": 43,
            "book_valuer_per_share_4q_avg": 40.74,
            "equity": 16047526,
            "current_ratio": 215.94,
            "debt_ratio": 45.57,
            "inventory_turnover_ratio": 2.09,
            "account_receivable_turnover_ratio": null,
            "reinvestment_rate": 26.46,
            "research_to_sale_ratio": null,
            "price_fair": 188.65,
            "eps_avg_yearly": 5.39,
            "eps_latest_yearly": 5.48,
            "eps_growth_yearly": 49.15
        },
        "20072": {
            "year_quarter": 20072,
            "year": 2007,
            "quarter": 2,
            "eps": 1.08,
            "eps_growth_year": -11.48,
            "eps_4q": 6.01,
            "eps_4q_growth_year": 12.46,
            "roe": 2.76,
            "roe_4q": 16.28,
            "gross_profit": 884760,
            "gross_margin": 10.66,
            "gross_margin_4q_avg": 11.3,
            "net_income": 433844,
            "net_income_4q": null,
            "revenue": 8296530,
            "revenue_4q": null,
            "common_shares": 3732207,
            "book_valuer_per_share": 41.11,
            "book_valuer_per_share_4q_avg": 41.1,
            "equity": 15342346,
            "current_ratio": 213.28,
            "debt_ratio": 45.91,
            "inventory_turnover_ratio": 2.15,
            "account_receivable_turnover_ratio": null,
            "reinvestment_rate": 26.57,
            "research_to_sale_ratio": null,
            "price_fair": 192.24,
            "eps_avg_yearly": 5.49,
            "eps_latest_yearly": 4.32,
            "eps_growth_yearly": 50.85
        },
        "20073": {
            "year_quarter": 20073,
            "year": 2007,
            "quarter": 3,
            "eps": 2.02,
            "eps_growth_year": -22.61,
            "eps_4q": 5.67,
            "eps_4q_growth_year": -12.98,
            "roe": 5.13,
            "roe_4q": 14.559999999999999,
            "gross_profit": 1169825,
            "gross_margin": 10.61,
            "gross_margin_4q_avg": 10.87,
            "net_income": 810527,
            "net_income_4q": null,
            "revenue": 11022363,
            "revenue_4q": null,
            "common_shares": 4015818,
            "book_valuer_per_share": 40.47,
            "book_valuer_per_share_4q_avg": 41.49,
            "equity": 16250358,
            "current_ratio": 208.5,
            "debt_ratio": 45.64,
            "inventory_turnover_ratio": 2.63,
            "account_receivable_turnover_ratio": null,
            "reinvestment_rate": 23.38,
            "research_to_sale_ratio": null,
            "price_fair": 200.46,
            "eps_avg_yearly": 5.73,
            "eps_latest_yearly": 8.08,
            "eps_growth_yearly": 57.31
        },
        "20074": {
            "year_quarter": 20074,
            "year": 2007,
            "quarter": 4,
            "eps": 1.36,
            "eps_growth_year": -3.55,
            "eps_4q": 5.73,
            "eps_4q_growth_year": -12.66,
            "roe": 3.27,
            "roe_4q": 14.4,
            "gross_profit": 1119680,
            "gross_margin": 8.58,
            "gross_margin_4q_avg": 10.14,
            "net_income": 546979,
            "net_income_4q": null,
            "revenue": 13052052,
            "revenue_4q": null,
            "common_shares": 4015818,
            "book_valuer_per_share": 41.83,
            "book_valuer_per_share_4q_avg": 41.6,
            "equity": 17229584,
            "current_ratio": 150.39,
            "debt_ratio": 55.5,
            "inventory_turnover_ratio": 2.66,
            "account_receivable_turnover_ratio": null,
            "reinvestment_rate": 94.96,
            "research_to_sale_ratio": null,
            "price_fair": 204.14,
            "eps_avg_yearly": 5.83,
            "eps_latest_yearly": 5.44,
            "eps_growth_yearly": 52.38
        },
        "20081": {
            "year_quarter": 20081,
            "year": 2008,
            "quarter": 1,
            "eps": 1.09,
            "eps_growth_year": -20.44,
            "eps_4q": 5.78,
            "eps_4q_growth_year": -10.54,
            "roe": 2.42,
            "roe_4q": 13.58,
            "gross_profit": 1299506,
            "gross_margin": 12.61,
            "gross_margin_4q_avg": 10.62,
            "net_income": 420887,
            "net_income_4q": null,
            "revenue": 10305604,
            "revenue_4q": null,
            "common_shares": 4015818,
            "book_valuer_per_share": 42.74,
            "book_valuer_per_share_4q_avg": 41.54,
            "equity": 17567800,
            "current_ratio": 161.23,
            "debt_ratio": 52.51,
            "inventory_turnover_ratio": 1.72,
            "account_receivable_turnover_ratio": null,
            "reinvestment_rate": 119.53,
            "research_to_sale_ratio": null,
            "price_fair": 205.36,
            "eps_avg_yearly": 5.87,
            "eps_latest_yearly": 4.36,
            "eps_growth_yearly": 47.16
        },
        "20082": {
            "year_quarter": 20082,
            "year": 2008,
            "quarter": 2,
            "eps": 0.71,
            "eps_growth_year": -34.26,
            "eps_4q": 6.23,
            "eps_4q_growth_year": 3.81,
            "roe": 1.38,
            "roe_4q": 12.2,
            "gross_profit": 1427161,
            "gross_margin": 12.85,
            "gross_margin_4q_avg": 11.16,
            "net_income": 239806,
            "net_income_4q": null,
            "revenue": 11103008,
            "revenue_4q": null,
            "common_shares": 4015818,
            "book_valuer_per_share": 41.14,
            "book_valuer_per_share_4q_avg": 41.55,
            "equity": 17191625,
            "current_ratio": 138.56,
            "debt_ratio": 55.99,
            "inventory_turnover_ratio": 1.68,
            "account_receivable_turnover_ratio": null,
            "reinvestment_rate": 138.64,
            "research_to_sale_ratio": null,
            "price_fair": 203.96,
            "eps_avg_yearly": 5.83,
            "eps_latest_yearly": 2.84,
            "eps_growth_yearly": 40.55
        },
        "20083": {
            "year_quarter": 20083,
            "year": 2008,
            "quarter": 3,
            "eps": 2.23,
            "eps_growth_year": 10.4,
            "eps_4q": 5.25,
            "eps_4q_growth_year": -7.47,
            "roe": 5.42,
            "roe_4q": 12.489999999999998,
            "gross_profit": 2238228,
            "gross_margin": 14.36,
            "gross_margin_4q_avg": 12.1,
            "net_income": 965805,
            "net_income_4q": null,
            "revenue": 15587234,
            "revenue_4q": null,
            "common_shares": 4374609,
            "book_valuer_per_share": 40.62,
            "book_valuer_per_share_4q_avg": 41.58,
            "equity": 18426713,
            "current_ratio": 143.46,
            "debt_ratio": 57.81,
            "inventory_turnover_ratio": 1.91,
            "account_receivable_turnover_ratio": null,
            "reinvestment_rate": 138.74,
            "research_to_sale_ratio": null,
            "price_fair": 205.1,
            "eps_avg_yearly": 5.86,
            "eps_latest_yearly": 8.92,
            "eps_growth_yearly": 58.72
        },
        "20084": {
            "year_quarter": 20084,
            "year": 2008,
            "quarter": 4,
            "eps": 0.39,
            "eps_growth_year": -71.32,
            "eps_4q": 11,
            "eps_4q_growth_year": 91.99,
            "roe": 0.36,
            "roe_4q": 9.58,
            "gross_profit": 1132909,
            "gross_margin": 10.03,
            "gross_margin_4q_avg": 12.46,
            "net_income": 67196,
            "net_income_4q": null,
            "revenue": 11298941,
            "revenue_4q": null,
            "common_shares": 4374609,
            "book_valuer_per_share": 41.17,
            "book_valuer_per_share_4q_avg": 41.42,
            "equity": 18576683,
            "current_ratio": 110.51,
            "debt_ratio": 53.09,
            "inventory_turnover_ratio": 1.44,
            "account_receivable_turnover_ratio": 2.47,
            "reinvestment_rate": 105.32,
            "research_to_sale_ratio": null,
            "price_fair": 198.01,
            "eps_avg_yearly": 5.66,
            "eps_latest_yearly": 1.56,
            "eps_growth_yearly": 48.81
        },
        "20091": {
            "year_quarter": 20091,
            "year": 2009,
            "quarter": 1,
            "eps": 0.54,
            "eps_growth_year": -50.46,
            "eps_4q": 4.69,
            "eps_4q_growth_year": -18.74,
            "roe": 1.04,
            "roe_4q": 8.2,
            "gross_profit": 920815,
            "gross_margin": 12.07,
            "gross_margin_4q_avg": 12.33,
            "net_income": 194652,
            "net_income_4q": null,
            "revenue": 7626990,
            "revenue_4q": null,
            "common_shares": 4374609,
            "book_valuer_per_share": 42.1,
            "book_valuer_per_share_4q_avg": 41.26,
            "equity": 18868383,
            "current_ratio": 106.89,
            "debt_ratio": 47.33,
            "inventory_turnover_ratio": 1.19,
            "account_receivable_turnover_ratio": 0.96,
            "reinvestment_rate": 160.72,
            "research_to_sale_ratio": null,
            "price_fair": 192.59,
            "eps_avg_yearly": 5.5,
            "eps_latest_yearly": 2.16,
            "eps_growth_yearly": 59.26
        },
        "20092": {
            "year_quarter": 20092,
            "year": 2009,
            "quarter": 2,
            "eps": 0.51,
            "eps_growth_year": -28.17,
            "eps_4q": 4.45,
            "eps_4q_growth_year": -28.56,
            "roe": 1,
            "roe_4q": 7.82,
            "gross_profit": 1172920,
            "gross_margin": 12.16,
            "gross_margin_4q_avg": 12.16,
            "net_income": 184981,
            "net_income_4q": null,
            "revenue": 9649151,
            "revenue_4q": null,
            "common_shares": 4374609,
            "book_valuer_per_share": 40.22,
            "book_valuer_per_share_4q_avg": 41.03,
            "equity": 18091867,
            "current_ratio": 104.47,
            "debt_ratio": 51.85,
            "inventory_turnover_ratio": 1.73,
            "account_receivable_turnover_ratio": 1.36,
            "reinvestment_rate": 151.9,
            "research_to_sale_ratio": null,
            "price_fair": 187.86,
            "eps_avg_yearly": 5.37,
            "eps_latest_yearly": 2.04,
            "eps_growth_yearly": 60.24
        },
        "20093": {
            "year_quarter": 20093,
            "year": 2009,
            "quarter": 3,
            "eps": 1,
            "eps_growth_year": -55.16,
            "eps_4q": 2.28,
            "eps_4q_growth_year": -56.54,
            "roe": 2.63,
            "roe_4q": 5.03,
            "gross_profit": 1612679,
            "gross_margin": 13.08,
            "gross_margin_4q_avg": 11.84,
            "net_income": 478823,
            "net_income_4q": null,
            "revenue": 12327804,
            "revenue_4q": null,
            "common_shares": 4539655,
            "book_valuer_per_share": 39.44,
            "book_valuer_per_share_4q_avg": 40.73,
            "equity": 18280100,
            "current_ratio": 108.47,
            "debt_ratio": 55.39,
            "inventory_turnover_ratio": 2.19,
            "account_receivable_turnover_ratio": 1.41,
            "reinvestment_rate": 154.91,
            "research_to_sale_ratio": null,
            "price_fair": 181.56,
            "eps_avg_yearly": 5.19,
            "eps_latest_yearly": 4,
            "eps_growth_yearly": 68.31
        },
        "20094": {
            "year_quarter": 20094,
            "year": 2009,
            "quarter": 4,
            "eps": 1.05,
            "eps_growth_year": 169.23,
            "eps_4q": 3.07,
            "eps_4q_growth_year": -72.07,
            "roe": 2.54,
            "roe_4q": 7.21,
            "gross_profit": 2081110,
            "gross_margin": 16.48,
            "gross_margin_4q_avg": 13.45,
            "net_income": 472998,
            "net_income_4q": null,
            "revenue": 12629210,
            "revenue_4q": null,
            "common_shares": 4539655,
            "book_valuer_per_share": 40.37,
            "book_valuer_per_share_4q_avg": 40.53,
            "equity": 18999345,
            "current_ratio": 115.14,
            "debt_ratio": 50.75,
            "inventory_turnover_ratio": 2.17,
            "account_receivable_turnover_ratio": 2.82,
            "reinvestment_rate": 118.85,
            "research_to_sale_ratio": null,
            "price_fair": 176.58,
            "eps_avg_yearly": 5.05,
            "eps_latest_yearly": 4.2,
            "eps_growth_yearly": 71.01
        },
        "20101": {
            "year_quarter": 20101,
            "year": 2010,
            "quarter": 1,
            "eps": 0.1,
            "eps_growth_year": -81.48,
            "eps_4q": 2.64,
            "eps_4q_growth_year": -43.79,
            "roe": 0.33,
            "roe_4q": 6.5,
            "gross_profit": 882314,
            "gross_margin": 10.37,
            "gross_margin_4q_avg": 13.02,
            "net_income": 62877,
            "net_income_4q": null,
            "revenue": 8507812,
            "revenue_4q": null,
            "common_shares": 4566891,
            "book_valuer_per_share": 40.5,
            "book_valuer_per_share_4q_avg": 40.13,
            "equity": 19223349,
            "current_ratio": 119.26,
            "debt_ratio": 48.69,
            "inventory_turnover_ratio": 1.52,
            "account_receivable_turnover_ratio": 1.06,
            "reinvestment_rate": 198.03,
            "research_to_sale_ratio": 2.26,
            "price_fair": 163.54,
            "eps_avg_yearly": 4.67,
            "eps_latest_yearly": 0.4,
            "eps_growth_yearly": 48.85
        },
        "20102": {
            "year_quarter": 20102,
            "year": 2010,
            "quarter": 2,
            "eps": 0.47,
            "eps_growth_year": -7.59,
            "eps_4q": 2.54,
            "eps_4q_growth_year": -43.07,
            "roe": 1.09,
            "roe_4q": 6.59,
            "gross_profit": 1506676,
            "gross_margin": 12.08,
            "gross_margin_4q_avg": 13,
            "net_income": 207431,
            "net_income_4q": null,
            "revenue": 12474538,
            "revenue_4q": null,
            "common_shares": 4568007,
            "book_valuer_per_share": 39.57,
            "book_valuer_per_share_4q_avg": 39.97,
            "equity": 18799667,
            "current_ratio": 104.27,
            "debt_ratio": 57.52,
            "inventory_turnover_ratio": 1.84,
            "account_receivable_turnover_ratio": 1.42,
            "reinvestment_rate": 214.29,
            "research_to_sale_ratio": 1.81,
            "price_fair": 156.98,
            "eps_avg_yearly": 4.49,
            "eps_latest_yearly": 1.88,
            "eps_growth_yearly": 147.17
        },
        "20103": {
            "year_quarter": 20103,
            "year": 2010,
            "quarter": 3,
            "eps": 2.17,
            "eps_growth_year": 116.91,
            "eps_4q": 3.77,
            "eps_4q_growth_year": 65.35,
            "roe": 5.34,
            "roe_4q": 9.3,
            "gross_profit": 2338038,
            "gross_margin": 13.95,
            "gross_margin_4q_avg": 13.22,
            "net_income": 1036287,
            "net_income_4q": null,
            "revenue": 16754631,
            "revenue_4q": null,
            "common_shares": 4635093,
            "book_valuer_per_share": 41.6,
            "book_valuer_per_share_4q_avg": 40.51,
            "equity": 20039905,
            "current_ratio": 104.64,
            "debt_ratio": 61.11,
            "inventory_turnover_ratio": 1.95,
            "account_receivable_turnover_ratio": 1.33,
            "reinvestment_rate": 226.73,
            "research_to_sale_ratio": 1.16,
            "price_fair": 153.13,
            "eps_avg_yearly": 4.38,
            "eps_latest_yearly": 8.68,
            "eps_growth_yearly": 209.11
        },
        "20104": {
            "year_quarter": 20104,
            "year": 2010,
            "quarter": 4,
            "eps": 1,
            "eps_growth_year": -5.16,
            "eps_4q": 3.73,
            "eps_4q_growth_year": 21.55,
            "roe": 2.4,
            "roe_4q": 9.16,
            "gross_profit": 2364876,
            "gross_margin": 12.28,
            "gross_margin_4q_avg": 12.17,
            "net_income": 486439,
            "net_income_4q": null,
            "revenue": 19259681,
            "revenue_4q": null,
            "common_shares": 4643807,
            "book_valuer_per_share": 42.21,
            "book_valuer_per_share_4q_avg": 40.97,
            "equity": 20478242,
            "current_ratio": 113.88,
            "debt_ratio": 60.26,
            "inventory_turnover_ratio": 2.13,
            "account_receivable_turnover_ratio": 1.33,
            "reinvestment_rate": 137.61,
            "research_to_sale_ratio": 3.16,
            "price_fair": 149.54,
            "eps_avg_yearly": 4.27,
            "eps_latest_yearly": 4,
            "eps_growth_yearly": 207.13
        },
        "20111": {
            "year_quarter": 20111,
            "year": 2011,
            "quarter": 1,
            "eps": 0.84,
            "eps_growth_year": 740,
            "eps_4q": 4.47,
            "eps_4q_growth_year": 69.34,
            "roe": 2.04,
            "roe_4q": 10.87,
            "gross_profit": 1887798,
            "gross_margin": 12.8,
            "gross_margin_4q_avg": 12.78,
            "net_income": 424512,
            "net_income_4q": null,
            "revenue": 14748949,
            "revenue_4q": null,
            "common_shares": 4655557,
            "book_valuer_per_share": 42.75,
            "book_valuer_per_share_4q_avg": 41.53,
            "equity": 21073934,
            "current_ratio": 96.69,
            "debt_ratio": 58.46,
            "inventory_turnover_ratio": 1.64,
            "account_receivable_turnover_ratio": 1.09,
            "reinvestment_rate": 243.07,
            "research_to_sale_ratio": 2.2,
            "price_fair": 144.9,
            "eps_avg_yearly": 4.14,
            "eps_latest_yearly": 3.36,
            "eps_growth_yearly": 203.84
        },
        "20112": {
            "year_quarter": 20112,
            "year": 2011,
            "quarter": 2,
            "eps": 1.27,
            "eps_growth_year": 169.25,
            "eps_4q": 5.05,
            "eps_4q_growth_year": 99.23,
            "roe": 3.11,
            "roe_4q": 12.89,
            "gross_profit": 1955113,
            "gross_margin": 9.95,
            "gross_margin_4q_avg": 12.25,
            "net_income": 679304,
            "net_income_4q": null,
            "revenue": 19641574,
            "revenue_4q": null,
            "common_shares": 4667523,
            "book_valuer_per_share": 42.41,
            "book_valuer_per_share_4q_avg": 42.24,
            "equity": 22601514,
            "current_ratio": 116.61,
            "debt_ratio": 58.48,
            "inventory_turnover_ratio": 2.15,
            "account_receivable_turnover_ratio": 1.51,
            "reinvestment_rate": 250.12,
            "research_to_sale_ratio": 1.81,
            "price_fair": 146.56,
            "eps_avg_yearly": 4.19,
            "eps_latest_yearly": 5.08,
            "eps_growth_yearly": 221.93
        },
        "20113": {
            "year_quarter": 20113,
            "year": 2011,
            "quarter": 3,
            "eps": 1.81,
            "eps_growth_year": -16.6,
            "eps_4q": 4.91,
            "eps_4q_growth_year": 30.17,
            "roe": 4.04,
            "roe_4q": 11.590000000000002,
            "gross_profit": 3130651,
            "gross_margin": 12.82,
            "gross_margin_4q_avg": 11.96,
            "net_income": 951370,
            "net_income_4q": null,
            "revenue": 24428056,
            "revenue_4q": null,
            "common_shares": 4764469,
            "book_valuer_per_share": 45.09,
            "book_valuer_per_share_4q_avg": 43.12,
            "equity": 24554525,
            "current_ratio": 115.24,
            "debt_ratio": 61.56,
            "inventory_turnover_ratio": 2.34,
            "account_receivable_turnover_ratio": 1.51,
            "reinvestment_rate": 283.79,
            "research_to_sale_ratio": 1.24,
            "price_fair": 144.73,
            "eps_avg_yearly": 4.14,
            "eps_latest_yearly": 7.24,
            "eps_growth_yearly": 210.8
        },
        "20114": {
            "year_quarter": 20114,
            "year": 2011,
            "quarter": 4,
            "eps": 0.61,
            "eps_growth_year": -38.95,
            "eps_4q": 4.54,
            "eps_4q_growth_year": 21.61,
            "roe": -0.84,
            "roe_4q": 8.350000000000001,
            "gross_profit": 2652573,
            "gross_margin": 11.65,
            "gross_margin_4q_avg": 11.81,
            "net_income": -204139,
            "net_income_4q": null,
            "revenue": 22778071,
            "revenue_4q": null,
            "common_shares": 4767623,
            "book_valuer_per_share": 45.59,
            "book_valuer_per_share_4q_avg": 43.96,
            "equity": 23894704,
            "current_ratio": 115.62,
            "debt_ratio": 60.15,
            "inventory_turnover_ratio": 2.21,
            "account_receivable_turnover_ratio": 1.35,
            "reinvestment_rate": 178.64,
            "research_to_sale_ratio": 2.56,
            "price_fair": 138.16,
            "eps_avg_yearly": 3.95,
            "eps_latest_yearly": 2.44,
            "eps_growth_yearly": 202.39
        },
        "20121": {
            "year_quarter": 20121,
            "year": 2012,
            "quarter": 1,
            "eps": 0.14,
            "eps_growth_year": -83.33,
            "eps_4q": 3.83,
            "eps_4q_growth_year": -14.38,
            "roe": -0.2,
            "roe_4q": 6.109999999999999,
            "gross_profit": 2014277,
            "gross_margin": 9.94,
            "gross_margin_4q_avg": 11.09,
            "net_income": -46976,
            "net_income_4q": null,
            "revenue": 20269713,
            "revenue_4q": null,
            "common_shares": 4813668,
            "book_valuer_per_share": 45.2,
            "book_valuer_per_share_4q_avg": 44.57,
            "equity": 23725591,
            "current_ratio": 119.79,
            "debt_ratio": 57.55,
            "inventory_turnover_ratio": 2.12,
            "account_receivable_turnover_ratio": 1.55,
            "reinvestment_rate": 188.52,
            "research_to_sale_ratio": 1.92,
            "price_fair": 129.85,
            "eps_avg_yearly": 3.71,
            "eps_latest_yearly": 0.56,
            "eps_growth_yearly": 188.09
        },
        "20122": {
            "year_quarter": 20122,
            "year": 2012,
            "quarter": 2,
            "eps": 0.1,
            "eps_growth_year": -92.35,
            "eps_4q": 2.51,
            "eps_4q_growth_year": -50.21,
            "roe": 1.38,
            "roe_4q": 4.38,
            "gross_profit": 1876706,
            "gross_margin": 8.95,
            "gross_margin_4q_avg": 10.84,
            "net_income": 322952,
            "net_income_4q": null,
            "revenue": 20968000,
            "revenue_4q": null,
            "common_shares": 4816426,
            "book_valuer_per_share": 43.3,
            "book_valuer_per_share_4q_avg": 44.8,
            "equity": 23023324,
            "current_ratio": 111.13,
            "debt_ratio": 58.92,
            "inventory_turnover_ratio": 2.21,
            "account_receivable_turnover_ratio": 1.77,
            "reinvestment_rate": 180.66,
            "research_to_sale_ratio": 1.7,
            "price_fair": 124.51,
            "eps_avg_yearly": 3.56,
            "eps_latest_yearly": 0.4,
            "eps_growth_yearly": 189.66
        },
        "20123": {
            "year_quarter": 20123,
            "year": 2012,
            "quarter": 3,
            "eps": 1.13,
            "eps_growth_year": -37.57,
            "eps_4q": 1.95,
            "eps_4q_growth_year": -60.21,
            "roe": 2.5,
            "roe_4q": 2.84,
            "gross_profit": 3123189,
            "gross_margin": 11.51,
            "gross_margin_4q_avg": 10.51,
            "net_income": 582392,
            "net_income_4q": null,
            "revenue": 27123829,
            "revenue_4q": null,
            "common_shares": 4923762,
            "book_valuer_per_share": 43.33,
            "book_valuer_per_share_4q_avg": 44.36,
            "equity": 23522133,
            "current_ratio": 102.29,
            "debt_ratio": 65.05,
            "inventory_turnover_ratio": 2.44,
            "account_receivable_turnover_ratio": 1.8,
            "reinvestment_rate": 196.38,
            "research_to_sale_ratio": 1.53,
            "price_fair": 114.89,
            "eps_avg_yearly": 3.28,
            "eps_latest_yearly": 4.52,
            "eps_growth_yearly": 393.64
        },
        "20124": {
            "year_quarter": 20124,
            "year": 2012,
            "quarter": 4,
            "eps": 2.6,
            "eps_growth_year": 327.28,
            "eps_4q": 3.96,
            "eps_4q_growth_year": -12.86,
            "roe": 5.82,
            "roe_4q": 9.5,
            "gross_profit": 4491694,
            "gross_margin": 13.01,
            "gross_margin_4q_avg": 10.85,
            "net_income": 1432301,
            "net_income_4q": null,
            "revenue": 34514996,
            "revenue_4q": null,
            "common_shares": 4936829,
            "book_valuer_per_share": 45.62,
            "book_valuer_per_share_4q_avg": 44.36,
            "equity": 25703863,
            "current_ratio": 107.6,
            "debt_ratio": 63,
            "inventory_turnover_ratio": 2.95,
            "account_receivable_turnover_ratio": 1.91,
            "reinvestment_rate": 157.32,
            "research_to_sale_ratio": 1.34,
            "price_fair": 134.23,
            "eps_avg_yearly": 3.84,
            "eps_latest_yearly": 10.4,
            "eps_growth_yearly": 446.79
        },
        "20131": {
            "year_quarter": 20131,
            "year": 2013,
            "quarter": 1,
            "eps": 1.13,
            "eps_growth_year": 707.14,
            "eps_4q": 4.95,
            "eps_4q_growth_year": 29.36,
            "roe": 2.36,
            "roe_4q": 12.059999999999999,
            "gross_profit": 2765724,
            "gross_margin": 10.25,
            "gross_margin_4q_avg": 10.93,
            "net_income": 613148,
            "net_income_4q": null,
            "revenue": 26995532,
            "revenue_4q": null,
            "common_shares": 4941659,
            "book_valuer_per_share": 46.52,
            "book_valuer_per_share_4q_avg": 44.69,
            "equity": 26220894,
            "current_ratio": 111.68,
            "debt_ratio": 56.83,
            "inventory_turnover_ratio": 2.49,
            "account_receivable_turnover_ratio": 1.75,
            "reinvestment_rate": 128.06,
            "research_to_sale_ratio": 1.49,
            "price_fair": 139.39,
            "eps_avg_yearly": 3.98,
            "eps_latest_yearly": 4.52,
            "eps_growth_yearly": 423.04
        },
        "20132": {
            "year_quarter": 20132,
            "year": 2013,
            "quarter": 2,
            "eps": 0.48,
            "eps_growth_year": 394.35,
            "eps_4q": 5.33,
            "eps_4q_growth_year": 111.79,
            "roe": 0.69,
            "roe_4q": 11.370000000000001,
            "gross_profit": 2034548,
            "gross_margin": 10.08,
            "gross_margin_4q_avg": 11.21,
            "net_income": 177964,
            "net_income_4q": null,
            "revenue": 20193659,
            "revenue_4q": null,
            "common_shares": 4944439,
            "book_valuer_per_share": 45.56,
            "book_valuer_per_share_4q_avg": 45.26,
            "equity": 25581784,
            "current_ratio": 107.74,
            "debt_ratio": 56.18,
            "inventory_turnover_ratio": 1.91,
            "account_receivable_turnover_ratio": 1.69,
            "reinvestment_rate": 148.53,
            "research_to_sale_ratio": 1.59,
            "price_fair": 139.13,
            "eps_avg_yearly": 3.98,
            "eps_latest_yearly": 1.92,
            "eps_growth_yearly": 410.05
        },
        "20133": {
            "year_quarter": 20133,
            "year": 2013,
            "quarter": 3,
            "eps": 1.2,
            "eps_growth_year": 6.25,
            "eps_4q": 5.39,
            "eps_4q_growth_year": 176.09,
            "roe": 2.03,
            "roe_4q": 10.9,
            "gross_profit": 2725668,
            "gross_margin": 11.1,
            "gross_margin_4q_avg": 11.11,
            "net_income": 527800,
            "net_income_4q": null,
            "revenue": 24553100,
            "revenue_4q": null,
            "common_shares": 4950347,
            "book_valuer_per_share": 47.55,
            "book_valuer_per_share_4q_avg": 46.31,
            "equity": 26531405,
            "current_ratio": 107.37,
            "debt_ratio": 59.13,
            "inventory_turnover_ratio": 2.25,
            "account_receivable_turnover_ratio": 1.82,
            "reinvestment_rate": 147.68,
            "research_to_sale_ratio": 2.05,
            "price_fair": 140.88,
            "eps_avg_yearly": 4.03,
            "eps_latest_yearly": 4.8,
            "eps_growth_yearly": 423.53
        },
        "20134": {
            "year_quarter": 20134,
            "year": 2013,
            "quarter": 4,
            "eps": 1.37,
            "eps_growth_year": -47.18,
            "eps_4q": 4.13,
            "eps_4q_growth_year": 4.43,
            "roe": 2.7,
            "roe_4q": 7.779999999999999,
            "gross_profit": 3675298,
            "gross_margin": 10.68,
            "gross_margin_4q_avg": 10.53,
            "net_income": 732547,
            "net_income_4q": null,
            "revenue": 34413985,
            "revenue_4q": null,
            "common_shares": 5020095,
            "book_valuer_per_share": 49.18,
            "book_valuer_per_share_4q_avg": 47.2,
            "equity": 27747789,
            "current_ratio": 112.84,
            "debt_ratio": 60.48,
            "inventory_turnover_ratio": 3.01,
            "account_receivable_turnover_ratio": 1.96,
            "reinvestment_rate": 107.37,
            "research_to_sale_ratio": 1.58,
            "price_fair": 143.68,
            "eps_avg_yearly": 4.11,
            "eps_latest_yearly": 5.48,
            "eps_growth_yearly": 425.82
        },
        "20141": {
            "year_quarter": 20141,
            "year": 2014,
            "quarter": 1,
            "eps": 0.5,
            "eps_growth_year": -55.75,
            "eps_4q": 3.5,
            "eps_4q_growth_year": -29.37,
            "roe": 0.86,
            "roe_4q": 6.279999999999999,
            "gross_profit": 2285324,
            "gross_margin": 9.61,
            "gross_margin_4q_avg": 10.37,
            "net_income": 241786,
            "net_income_4q": null,
            "revenue": 23783420,
            "revenue_4q": null,
            "common_shares": 5055557,
            "book_valuer_per_share": 49.83,
            "book_valuer_per_share_4q_avg": 48.03,
            "equity": 28341887,
            "current_ratio": 118.57,
            "debt_ratio": 54.69,
            "inventory_turnover_ratio": 2.44,
            "account_receivable_turnover_ratio": 1.37,
            "reinvestment_rate": 106.29,
            "research_to_sale_ratio": 1.73,
            "price_fair": 147.18,
            "eps_avg_yearly": 4.21,
            "eps_latest_yearly": 2,
            "eps_growth_yearly": 432.57
        },
        "20142": {
            "year_quarter": 20142,
            "year": 2014,
            "quarter": 2,
            "eps": 0.3,
            "eps_growth_year": -37.5,
            "eps_4q": 3.32,
            "eps_4q_growth_year": -37.61,
            "roe": 0.2,
            "roe_4q": 5.79,
            "gross_profit": 1980182,
            "gross_margin": 11.3,
            "gross_margin_4q_avg": 10.67,
            "net_income": 55718,
            "net_income_4q": null,
            "revenue": 17522514,
            "revenue_4q": null,
            "common_shares": 5066237,
            "book_valuer_per_share": 47.05,
            "book_valuer_per_share_4q_avg": 48.4,
            "equity": 26836803,
            "current_ratio": 115.42,
            "debt_ratio": 54.44,
            "inventory_turnover_ratio": 2.1,
            "account_receivable_turnover_ratio": 1.28,
            "reinvestment_rate": 92.12,
            "research_to_sale_ratio": 2.3,
            "price_fair": 145.69,
            "eps_avg_yearly": 4.16,
            "eps_latest_yearly": 1.2,
            "eps_growth_yearly": 330.07
        },
        "20143": {
            "year_quarter": 20143,
            "year": 2014,
            "quarter": 3,
            "eps": 1.02,
            "eps_growth_year": -15,
            "eps_4q": 3.18,
            "eps_4q_growth_year": -41.08,
            "roe": 2.09,
            "roe_4q": 5.85,
            "gross_profit": 2944394,
            "gross_margin": 14.12,
            "gross_margin_4q_avg": 11.43,
            "net_income": 574345,
            "net_income_4q": null,
            "revenue": 20850223,
            "revenue_4q": null,
            "common_shares": 5092087,
            "book_valuer_per_share": 48.9,
            "book_valuer_per_share_4q_avg": 48.74,
            "equity": 27995433,
            "current_ratio": 115.44,
            "debt_ratio": 56.37,
            "inventory_turnover_ratio": 2.27,
            "account_receivable_turnover_ratio": 1.56,
            "reinvestment_rate": 90.99,
            "research_to_sale_ratio": 2.47,
            "price_fair": 135.63,
            "eps_avg_yearly": 3.88,
            "eps_latest_yearly": 4.08,
            "eps_growth_yearly": 299.64
        },
        "20144": {
            "year_quarter": 20144,
            "year": 2014,
            "quarter": 4,
            "eps": 1.67,
            "eps_growth_year": 21.94,
            "eps_4q": 3.49,
            "eps_4q_growth_year": -15.67,
            "roe": 3.57,
            "roe_4q": 6.720000000000001,
            "gross_profit": 3457175,
            "gross_margin": 11.96,
            "gross_margin_4q_avg": 11.75,
            "net_income": 1018949,
            "net_income_4q": null,
            "revenue": 28912323,
            "revenue_4q": null,
            "common_shares": 5123269,
            "book_valuer_per_share": 50.02,
            "book_valuer_per_share_4q_avg": 48.95,
            "equity": 29114221,
            "current_ratio": 120.21,
            "debt_ratio": 56.08,
            "inventory_turnover_ratio": 3.12,
            "account_receivable_turnover_ratio": 1.84,
            "reinvestment_rate": 79.49,
            "research_to_sale_ratio": 2.06,
            "price_fair": 141.49,
            "eps_avg_yearly": 4.04,
            "eps_latest_yearly": 6.68,
            "eps_growth_yearly": 329.05
        },
        "20151": {
            "year_quarter": 20151,
            "year": 2015,
            "quarter": 1,
            "eps": 0.45,
            "eps_growth_year": -10,
            "eps_4q": 3.45,
            "eps_4q_growth_year": -1.37,
            "roe": 1.17,
            "roe_4q": 7.03,
            "gross_profit": 2070355,
            "gross_margin": 9.61,
            "gross_margin_4q_avg": 11.75,
            "net_income": 343721,
            "net_income_4q": null,
            "revenue": 21543512,
            "revenue_4q": null,
            "common_shares": 5123269,
            "book_valuer_per_share": 50.44,
            "book_valuer_per_share_4q_avg": 49.1,
            "equity": 29409094,
            "current_ratio": 101.93,
            "debt_ratio": 51.3,
            "inventory_turnover_ratio": 2.66,
            "account_receivable_turnover_ratio": 1.48,
            "reinvestment_rate": 78.2,
            "research_to_sale_ratio": 2.23,
            "price_fair": 138.08,
            "eps_avg_yearly": 3.95,
            "eps_latest_yearly": 1.8,
            "eps_growth_yearly": 314.79
        },
        "20152": {
            "year_quarter": 20152,
            "year": 2015,
            "quarter": 2,
            "eps": 0.28,
            "eps_growth_year": -6.67,
            "eps_4q": 3.43,
            "eps_4q_growth_year": 3.22,
            "roe": 0.52,
            "roe_4q": 7.35,
            "gross_profit": 1884577,
            "gross_margin": 8.73,
            "gross_margin_4q_avg": 11.11,
            "net_income": 149009,
            "net_income_4q": null,
            "revenue": 21581991,
            "revenue_4q": null,
            "common_shares": 5123269,
            "book_valuer_per_share": 47.88,
            "book_valuer_per_share_4q_avg": 49.31,
            "equity": 28028036,
            "current_ratio": 116.3,
            "debt_ratio": 56.24,
            "inventory_turnover_ratio": 2.58,
            "account_receivable_turnover_ratio": 1.67,
            "reinvestment_rate": 72.96,
            "research_to_sale_ratio": 2.29,
            "price_fair": 129.41,
            "eps_avg_yearly": 3.7,
            "eps_latest_yearly": 1.12,
            "eps_growth_yearly": 292.55
        },
        "20153": {
            "year_quarter": 20153,
            "year": 2015,
            "quarter": 3,
            "eps": 2,
            "eps_growth_year": 96.08,
            "eps_4q": 4.41,
            "eps_4q_growth_year": 38.71,
            "roe": 3.64,
            "roe_4q": 8.9,
            "gross_profit": 3366381,
            "gross_margin": 10.51,
            "gross_margin_4q_avg": 10.2,
            "net_income": 1053263,
            "net_income_4q": null,
            "revenue": 32031138,
            "revenue_4q": null,
            "common_shares": 5123269,
            "book_valuer_per_share": 51.02,
            "book_valuer_per_share_4q_avg": 49.84,
            "equity": 29850422,
            "current_ratio": 111.9,
            "debt_ratio": 63.56,
            "inventory_turnover_ratio": 2.58,
            "account_receivable_turnover_ratio": 1.77,
            "reinvestment_rate": 69.81,
            "research_to_sale_ratio": 1.84,
            "price_fair": 131.08,
            "eps_avg_yearly": 3.75,
            "eps_latest_yearly": 8,
            "eps_growth_yearly": 435.49
        },
        "20154": {
            "year_quarter": 20154,
            "year": 2015,
            "quarter": 4,
            "eps": 0.49,
            "eps_growth_year": -70.83,
            "eps_4q": 3.22,
            "eps_4q_growth_year": -7.6,
            "roe": 0.61,
            "roe_4q": 5.9399999999999995,
            "gross_profit": 2677237,
            "gross_margin": 8.09,
            "gross_margin_4q_avg": 9.24,
            "net_income": 180585,
            "net_income_4q": null,
            "revenue": 33076433,
            "revenue_4q": null,
            "common_shares": 5123269,
            "book_valuer_per_share": 50.41,
            "book_valuer_per_share_4q_avg": 49.94,
            "equity": 29441721,
            "current_ratio": 109.73,
            "debt_ratio": 61.22,
            "inventory_turnover_ratio": 2.33,
            "account_receivable_turnover_ratio": 1.65,
            "reinvestment_rate": 83.03,
            "research_to_sale_ratio": 2.29,
            "price_fair": 130.03,
            "eps_avg_yearly": 3.72,
            "eps_latest_yearly": 1.96,
            "eps_growth_yearly": 433.19
        },
        "20161": {
            "year_quarter": 20161,
            "year": 2016,
            "quarter": 1,
            "eps": 0.05,
            "eps_growth_year": -88.89,
            "eps_4q": 2.82,
            "eps_4q_growth_year": -18.35,
            "roe": 0.08,
            "roe_4q": 4.85,
            "gross_profit": 1597787,
            "gross_margin": 8.7,
            "gross_margin_4q_avg": 9.01,
            "net_income": 23469,
            "net_income_4q": null,
            "revenue": 18363475,
            "revenue_4q": null,
            "common_shares": 5123269,
            "book_valuer_per_share": 49.23,
            "book_valuer_per_share_4q_avg": 49.64,
            "equity": 28777047,
            "current_ratio": 112.15,
            "debt_ratio": 58.05,
            "inventory_turnover_ratio": 1.46,
            "account_receivable_turnover_ratio": 1.17,
            "reinvestment_rate": 81.9,
            "research_to_sale_ratio": 2.92,
            "price_fair": 129.24,
            "eps_avg_yearly": 3.69,
            "eps_latest_yearly": 0.2,
            "eps_growth_yearly": 430
        },
        "20162": {
            "year_quarter": 20162,
            "year": 2016,
            "quarter": 2,
            "eps": 0.02,
            "eps_growth_year": -92.86,
            "eps_4q": 2.56,
            "eps_4q_growth_year": -25.51,
            "roe": -0.11,
            "roe_4q": 4.22,
            "gross_profit": 1971865,
            "gross_margin": 10.7,
            "gross_margin_4q_avg": 9.5,
            "net_income": -30666,
            "net_income_4q": null,
            "revenue": 18434611,
            "revenue_4q": null,
            "common_shares": 5123269,
            "book_valuer_per_share": 46.06,
            "book_valuer_per_share_4q_avg": 49.18,
            "equity": 26990952,
            "current_ratio": 109.24,
            "debt_ratio": 59.59,
            "inventory_turnover_ratio": 1.54,
            "account_receivable_turnover_ratio": 1.33,
            "reinvestment_rate": 61.42,
            "research_to_sale_ratio": 3.11,
            "price_fair": 128.54,
            "eps_avg_yearly": 3.67,
            "eps_latest_yearly": 0.08,
            "eps_growth_yearly": 422.14
        },
        "20163": {
            "year_quarter": 20163,
            "year": 2016,
            "quarter": 3,
            "eps": 0.45,
            "eps_growth_year": -77.5,
            "eps_4q": 1.01,
            "eps_4q_growth_year": -77.16,
            "roe": 0.89,
            "roe_4q": 1.47,
            "gross_profit": 2574931,
            "gross_margin": 9.81,
            "gross_margin_4q_avg": 9.33,
            "net_income": 238855,
            "net_income_4q": null,
            "revenue": 26258962,
            "revenue_4q": null,
            "common_shares": 5123269,
            "book_valuer_per_share": 45.32,
            "book_valuer_per_share_4q_avg": 47.76,
            "equity": 26535044,
            "current_ratio": 109.2,
            "debt_ratio": 62.98,
            "inventory_turnover_ratio": 2.28,
            "account_receivable_turnover_ratio": 1.61,
            "reinvestment_rate": 35.43,
            "research_to_sale_ratio": 2.27,
            "price_fair": 122.59,
            "eps_avg_yearly": 3.5,
            "eps_latest_yearly": 1.8,
            "eps_growth_yearly": 702.14
        },
        "20164": {
            "year_quarter": 20164,
            "year": 2016,
            "quarter": 4,
            "eps": 1.03,
            "eps_growth_year": 110.85,
            "eps_4q": 1.55,
            "eps_4q_growth_year": -51.95,
            "roe": 2,
            "roe_4q": 2.8600000000000003,
            "gross_profit": 3076190,
            "gross_margin": 11.21,
            "gross_margin_4q_avg": 10.11,
            "net_income": 536423,
            "net_income_4q": null,
            "revenue": 27442481,
            "revenue_4q": null,
            "common_shares": 5123269,
            "book_valuer_per_share": 46.14,
            "book_valuer_per_share_4q_avg": 46.69,
            "equity": 27084932,
            "current_ratio": 111.21,
            "debt_ratio": 60.16,
            "inventory_turnover_ratio": 2.48,
            "account_receivable_turnover_ratio": 1.57,
            "reinvestment_rate": 29.66,
            "research_to_sale_ratio": 2.67,
            "price_fair": 108.85,
            "eps_avg_yearly": 3.11,
            "eps_latest_yearly": 4.12,
            "eps_growth_yearly": 701.84
        },
        "20171": {
            "year_quarter": 20171,
            "year": 2017,
            "quarter": 1,
            "eps": 0.19,
            "eps_growth_year": 280,
            "eps_4q": 1.69,
            "eps_4q_growth_year": -39.91,
            "roe": 0.23,
            "roe_4q": 3.0100000000000002,
            "gross_profit": 1854843,
            "gross_margin": 10.21,
            "gross_margin_4q_avg": 10.48,
            "net_income": 61372,
            "net_income_4q": null,
            "revenue": 18164653,
            "revenue_4q": null,
            "common_shares": 5123269,
            "book_valuer_per_share": 44.34,
            "book_valuer_per_share_4q_avg": 45.47,
            "equity": 25955547,
            "current_ratio": 109.49,
            "debt_ratio": 56.99,
            "inventory_turnover_ratio": 1.79,
            "account_receivable_turnover_ratio": 1.29,
            "reinvestment_rate": 24.32,
            "research_to_sale_ratio": 2.77,
            "price_fair": 100.63,
            "eps_avg_yearly": 2.88,
            "eps_latest_yearly": 0.76,
            "eps_growth_yearly": 695.59
        },
        "20172": {
            "year_quarter": 20172,
            "year": 2017,
            "quarter": 2,
            "eps": 0.74,
            "eps_growth_year": 3600,
            "eps_4q": 2.4,
            "eps_4q_growth_year": -5.89,
            "roe": 1.29,
            "roe_4q": 4.41,
            "gross_profit": 1875812,
            "gross_margin": 10.04,
            "gross_margin_4q_avg": 10.32,
            "net_income": 335142,
            "net_income_4q": null,
            "revenue": 18679515,
            "revenue_4q": null,
            "common_shares": 5123269,
            "book_valuer_per_share": 44.32,
            "book_valuer_per_share_4q_avg": 45.03,
            "equity": 25918769,
            "current_ratio": 108.91,
            "debt_ratio": 59.27,
            "inventory_turnover_ratio": 1.78,
            "account_receivable_turnover_ratio": 1.5,
            "reinvestment_rate": 11.19,
            "research_to_sale_ratio": 2.42,
            "price_fair": 102.9,
            "eps_avg_yearly": 2.94,
            "eps_latest_yearly": 2.96,
            "eps_growth_yearly": 782.34
        },
        "20173": {
            "year_quarter": 20173,
            "year": 2017,
            "quarter": 3,
            "eps": 1.23,
            "eps_growth_year": 173.33,
            "eps_4q": 3.18,
            "eps_4q_growth_year": 215.95,
            "roe": 2.27,
            "roe_4q": 5.79,
            "gross_profit": 2793371,
            "gross_margin": 10.2,
            "gross_margin_4q_avg": 10.42,
            "net_income": 598487,
            "net_income_4q": null,
            "revenue": 27399185,
            "revenue_4q": null,
            "common_shares": 5123269,
            "book_valuer_per_share": 46.2,
            "book_valuer_per_share_4q_avg": 45.25,
            "equity": 26861272,
            "current_ratio": 108.64,
            "debt_ratio": 62.73,
            "inventory_turnover_ratio": 2.22,
            "account_receivable_turnover_ratio": 1.82,
            "reinvestment_rate": 13.39,
            "research_to_sale_ratio": 1.8,
            "price_fair": 103.16,
            "eps_avg_yearly": 2.95,
            "eps_latest_yearly": 4.92,
            "eps_growth_yearly": 761.39
        },
        "20174": {
            "year_quarter": 20174,
            "year": 2017,
            "quarter": 4,
            "eps": 0.45,
            "eps_growth_year": -55.85,
            "eps_4q": 2.6,
            "eps_4q_growth_year": 68.35,
            "roe": -2.24,
            "roe_4q": 1.5499999999999998,
            "gross_profit": 2964609,
            "gross_margin": 10.09,
            "gross_margin_4q_avg": 10.14,
            "net_income": -589599,
            "net_income_4q": null,
            "revenue": 29380733,
            "revenue_4q": null,
            "common_shares": 5123269,
            "book_valuer_per_share": 45.6,
            "book_valuer_per_share_4q_avg": 45.12,
            "equity": 25719666,
            "current_ratio": 128.7,
            "debt_ratio": 62.51,
            "inventory_turnover_ratio": 2.23,
            "account_receivable_turnover_ratio": 1.79,
            "reinvestment_rate": 8.56,
            "research_to_sale_ratio": 2.09,
            "price_fair": 95.11,
            "eps_avg_yearly": 2.72,
            "eps_latest_yearly": 1.8,
            "eps_growth_yearly": 742
        },
        "20181": {
            "year_quarter": 20181,
            "year": 2018,
            "quarter": 1,
            "eps": -0.99,
            "eps_growth_year": -621.05,
            "eps_4q": 1.43,
            "eps_4q_growth_year": -15.55,
            "roe": -2.04,
            "roe_4q": -0.7200000000000002,
            "gross_profit": 1389144,
            "gross_margin": 7.32,
            "gross_margin_4q_avg": 9.41,
            "net_income": -520819,
            "net_income_4q": null,
            "revenue": 18973974,
            "revenue_4q": null,
            "common_shares": 5123269,
            "book_valuer_per_share": 44.82,
            "book_valuer_per_share_4q_avg": 45.24,
            "equity": 25241861,
            "current_ratio": 129.01,
            "debt_ratio": 59.79,
            "inventory_turnover_ratio": 1.56,
            "account_receivable_turnover_ratio": 1.44,
            "reinvestment_rate": -0.59,
            "research_to_sale_ratio": 2.57,
            "price_fair": 96.79,
            "eps_avg_yearly": 2.77,
            "eps_latest_yearly": 1.8,
            "eps_growth_yearly": 808.4
        },
        "20182": {
            "year_quarter": 20182,
            "year": 2018,
            "quarter": 2,
            "eps": -0.82,
            "eps_growth_year": -210.81,
            "eps_4q": -0.13,
            "eps_4q_growth_year": -105.45,
            "roe": -1.77,
            "roe_4q": -3.7800000000000007,
            "gross_profit": 1186477,
            "gross_margin": 5.71,
            "gross_margin_4q_avg": 8.33,
            "net_income": -430871,
            "net_income_4q": null,
            "revenue": 20774638,
            "revenue_4q": null,
            "common_shares": 5123269,
            "book_valuer_per_share": 41.49,
            "book_valuer_per_share_4q_avg": 44.53,
            "equity": 23569112,
            "current_ratio": 123.55,
            "debt_ratio": 63.52,
            "inventory_turnover_ratio": 1.72,
            "account_receivable_turnover_ratio": 1.84,
            "reinvestment_rate": 6.92,
            "research_to_sale_ratio": 2.51,
            "price_fair": 100.7,
            "eps_avg_yearly": 2.88,
            "eps_latest_yearly": 1.8,
            "eps_growth_yearly": 877.57
        },
        "20183": {
            "year_quarter": 20183,
            "year": 2018,
            "quarter": 3,
            "eps": 1.25,
            "eps_growth_year": 1.63,
            "eps_4q": -0.11,
            "eps_4q_growth_year": -103.47,
            "roe": 2.82,
            "roe_4q": -3.2300000000000004,
            "gross_profit": 2488532,
            "gross_margin": 10.96,
            "gross_margin_4q_avg": 8.52,
            "net_income": 664112,
            "net_income_4q": null,
            "revenue": 22700790,
            "revenue_4q": null,
            "common_shares": 5123269,
            "book_valuer_per_share": 41.3,
            "book_valuer_per_share_4q_avg": 43.3,
            "equity": 23524018,
            "current_ratio": 130.79,
            "debt_ratio": 63.08,
            "inventory_turnover_ratio": 1.6,
            "account_receivable_turnover_ratio": 1.87,
            "reinvestment_rate": -23.52,
            "research_to_sale_ratio": 2.38,
            "price_fair": 97.46,
            "eps_avg_yearly": 2.78,
            "eps_latest_yearly": 1.8,
            "eps_growth_yearly": 871.23
        },
        "20184": {
            "year_quarter": 20184,
            "year": 2018,
            "quarter": 4,
            "eps": 1.75,
            "eps_growth_year": 285.56,
            "eps_4q": 1.19,
            "eps_4q_growth_year": -54.43,
            "roe": 3.23,
            "roe_4q": 2.2399999999999993,
            "gross_profit": 2596653,
            "gross_margin": 10.2,
            "gross_margin_4q_avg": 8.55,
            "net_income": 831763,
            "net_income_4q": null,
            "revenue": 25461559,
            "revenue_4q": null,
            "common_shares": 5123269,
            "book_valuer_per_share": 42.75,
            "book_valuer_per_share_4q_avg": 42.59,
            "equity": 27947234,
            "current_ratio": 138.6,
            "debt_ratio": 60.73,
            "inventory_turnover_ratio": 1.7,
            "account_receivable_turnover_ratio": 2,
            "reinvestment_rate": 1.19,
            "research_to_sale_ratio": 2.23,
            "price_fair": 98.32,
            "eps_avg_yearly": 2.81,
            "eps_latest_yearly": 7,
            "eps_growth_yearly": 863.93
        },
        "20191": {
            "year_quarter": 20191,
            "year": 2019,
            "quarter": 1,
            "eps": 0.2,
            "eps_growth_year": null,
            "eps_4q": 2.5,
            "eps_4q_growth_year": 74.94,
            "roe": -0,
            "roe_4q": 4.279999999999999,
            "gross_profit": 1716144,
            "gross_margin": 8.92,
            "gross_margin_4q_avg": 8.95,
            "net_income": -812,
            "net_income_4q": null,
            "revenue": 19247646,
            "revenue_4q": null,
            "common_shares": 5123269,
            "book_valuer_per_share": 46.41,
            "book_valuer_per_share_4q_avg": 42.99,
            "equity": 28946504,
            "current_ratio": 147.26,
            "debt_ratio": 59.11,
            "inventory_turnover_ratio": 1.37,
            "account_receivable_turnover_ratio": 1.5,
            "reinvestment_rate": 23.32,
            "research_to_sale_ratio": 2.62,
            "price_fair": 95.63,
            "eps_avg_yearly": 2.73,
            "eps_latest_yearly": 0.8,
            "eps_growth_yearly": 859.15
        },
        "20192": {
            "year_quarter": 20192,
            "year": 2019,
            "quarter": 2,
            "eps": 0.4,
            "eps_growth_year": null,
            "eps_4q": 3.77,
            "eps_4q_growth_year": null,
            "roe": 0.47,
            "roe_4q": 6.52,
            "gross_profit": 2004452,
            "gross_margin": 9.55,
            "gross_margin_4q_avg": 9.91,
            "net_income": 132837,
            "net_income_4q": null,
            "revenue": 20999056,
            "revenue_4q": null,
            "common_shares": 5123269,
            "book_valuer_per_share": 44.67,
            "book_valuer_per_share_4q_avg": 43.78,
            "equity": 28131736,
            "current_ratio": 144.39,
            "debt_ratio": 63.32,
            "inventory_turnover_ratio": 1.41,
            "account_receivable_turnover_ratio": 1.56,
            "reinvestment_rate": 35.98,
            "research_to_sale_ratio": 2.76,
            "price_fair": 96.92,
            "eps_avg_yearly": 2.77,
            "eps_latest_yearly": 1.6,
            "eps_growth_yearly": 901.55
        },
        "20193": {
            "year_quarter": 20193,
            "year": 2019,
            "quarter": 3,
            "eps": 2.2,
            "eps_growth_year": 76,
            "eps_4q": 4.65,
            "eps_4q_growth_year": null,
            "roe": 4.01,
            "roe_4q": 7.709999999999999,
            "gross_profit": 3168369,
            "gross_margin": 10.9,
            "gross_margin_4q_avg": 9.89,
            "net_income": 1127094,
            "net_income_4q": null,
            "revenue": 29075901,
            "revenue_4q": null,
            "common_shares": 5123269,
            "book_valuer_per_share": 45.43,
            "book_valuer_per_share_4q_avg": 44.82,
            "equity": 28022379,
            "current_ratio": 144.67,
            "debt_ratio": 65.47,
            "inventory_turnover_ratio": 1.83,
            "account_receivable_turnover_ratio": 1.68,
            "reinvestment_rate": -30.81,
            "research_to_sale_ratio": 2.42,
            "price_fair": 99.08,
            "eps_avg_yearly": 2.83,
            "eps_latest_yearly": 8.8,
            "eps_growth_yearly": 851
        },
        "20194": {
            "year_quarter": 20194,
            "year": 2019,
            "quarter": 4,
            "eps": 1.3,
            "eps_growth_year": -25.7,
            "eps_4q": 4.1,
            "eps_4q_growth_year": 245.34,
            "roe": 1.88,
            "roe_4q": 6.359999999999999,
            "gross_profit": 3328801,
            "gross_margin": 11.68,
            "gross_margin_4q_avg": 10.26,
            "net_income": 528217,
            "net_income_4q": null,
            "revenue": 28497733,
            "revenue_4q": null,
            "common_shares": 5123269,
            "book_valuer_per_share": 46.27,
            "book_valuer_per_share_4q_avg": 45.7,
            "equity": 28242519,
            "current_ratio": 142.49,
            "debt_ratio": 61.47,
            "inventory_turnover_ratio": 2,
            "account_receivable_turnover_ratio": 1.59,
            "reinvestment_rate": -50.22,
            "research_to_sale_ratio": 2.3,
            "price_fair": 107.8,
            "eps_avg_yearly": 3.08,
            "eps_latest_yearly": 5.2,
            "eps_growth_yearly": 861.64
        },
        "20201": {
            "year_quarter": 20201,
            "year": 2020,
            "quarter": 1,
            "eps": 0.04,
            "eps_growth_year": -80,
            "eps_4q": 3.94,
            "eps_4q_growth_year": 57.71,
            "roe": -0.16,
            "roe_4q": 6.199999999999999,
            "gross_profit": 1403108,
            "gross_margin": 8.76,
            "gross_margin_4q_avg": 10.22,
            "net_income": -43871,
            "net_income_4q": null,
            "revenue": 16011284,
            "revenue_4q": null,
            "common_shares": 5123269,
            "book_valuer_per_share": 45.88,
            "book_valuer_per_share_4q_avg": 45.56,
            "equity": 27985270,
            "current_ratio": 157.94,
            "debt_ratio": 60.05,
            "inventory_turnover_ratio": 1.31,
            "account_receivable_turnover_ratio": 1.16,
            "reinvestment_rate": -39.87,
            "research_to_sale_ratio": 3.1,
            "price_fair": 107.69,
            "eps_avg_yearly": 3.08,
            "eps_latest_yearly": 0.16,
            "eps_growth_yearly": 859.45
        },
        "20202": {
            "year_quarter": 20202,
            "year": 2020,
            "quarter": 2,
            "eps": 0.86,
            "eps_growth_year": 115,
            "eps_4q": 4.4,
            "eps_4q_growth_year": 16.79,
            "roe": 1.42,
            "roe_4q": 7.1499999999999995,
            "gross_profit": 2205588,
            "gross_margin": 10.76,
            "gross_margin_4q_avg": 10.53,
            "net_income": 388387,
            "net_income_4q": null,
            "revenue": 20500435,
            "revenue_4q": null,
            "common_shares": 5123269,
            "book_valuer_per_share": 43.41,
            "book_valuer_per_share_4q_avg": 45.25,
            "equity": 26687278,
            "current_ratio": 143.59,
            "debt_ratio": 62.06,
            "inventory_turnover_ratio": 1.63,
            "account_receivable_turnover_ratio": 1.61,
            "reinvestment_rate": -42.59,
            "research_to_sale_ratio": 2.85,
            "price_fair": 116.74,
            "eps_avg_yearly": 3.34,
            "eps_latest_yearly": 3.44,
            "eps_growth_yearly": 1508.68
        },
        "20203": {
            "year_quarter": 20203,
            "year": 2020,
            "quarter": 3,
            "eps": 2.16,
            "eps_growth_year": -1.82,
            "eps_4q": 4.37,
            "eps_4q_growth_year": -6.1,
            "roe": 3.84,
            "roe_4q": 6.9799999999999995,
            "gross_profit": 2876915,
            "gross_margin": 11.14,
            "gross_margin_4q_avg": 10.59,
            "net_income": 1071595,
            "net_income_4q": null,
            "revenue": 25830589,
            "revenue_4q": null,
            "common_shares": 5123269,
            "book_valuer_per_share": 47.01,
            "book_valuer_per_share_4q_avg": 45.64,
            "equity": 29146181,
            "current_ratio": 138.66,
            "debt_ratio": 65.89,
            "inventory_turnover_ratio": 1.93,
            "account_receivable_turnover_ratio": 1.62,
            "reinvestment_rate": -32.8,
            "research_to_sale_ratio": 2.65,
            "price_fair": 135.15,
            "eps_avg_yearly": 3.86,
            "eps_latest_yearly": 8.64,
            "eps_growth_yearly": 893.65
        },
        "20204": {
            "year_quarter": 20204,
            "year": 2020,
            "quarter": 4,
            "eps": 0.99,
            "eps_growth_year": -23.59,
            "eps_4q": 4.06,
            "eps_4q_growth_year": -1,
            "roe": 1.58,
            "roe_4q": 6.68,
            "gross_profit": 3287816,
            "gross_margin": 12.08,
            "gross_margin_4q_avg": 10.69,
            "net_income": 468257,
            "net_income_4q": null,
            "revenue": 27209792,
            "revenue_4q": null,
            "common_shares": 5123269,
            "book_valuer_per_share": 49.01,
            "book_valuer_per_share_4q_avg": 46.33,
            "equity": 30083888,
            "current_ratio": 162.87,
            "debt_ratio": 63.43,
            "inventory_turnover_ratio": 1.87,
            "account_receivable_turnover_ratio": 1.56,
            "reinvestment_rate": -27.4,
            "research_to_sale_ratio": 2.28,
            "price_fair": 134.72,
            "eps_avg_yearly": 3.85,
            "eps_latest_yearly": 3.96,
            "eps_growth_yearly": 837.33
        },
        "20211": {
            "year_quarter": 20211,
            "year": 2021,
            "quarter": 1,
            "eps": 0.05,
            "eps_growth_year": 25,
            "eps_4q": 4.07,
            "eps_4q_growth_year": 3.21,
            "roe": 0.67,
            "roe_4q": 7.51,
            "gross_profit": 2105780,
            "gross_margin": 10.6,
            "gross_margin_4q_avg": 11.15,
            "net_income": 201430,
            "net_income_4q": null,
            "revenue": 19874162,
            "revenue_4q": null,
            "common_shares": 5123269,
            "book_valuer_per_share": 48.68,
            "book_valuer_per_share_4q_avg": 47.03,
            "equity": 30386438,
            "current_ratio": 174.74,
            "debt_ratio": 61.06,
            "inventory_turnover_ratio": 1.24,
            "account_receivable_turnover_ratio": 1.33,
            "reinvestment_rate": -10,
            "research_to_sale_ratio": 2.94,
            "price_fair": 133.22,
            "eps_avg_yearly": 3.81,
            "eps_latest_yearly": 0.2,
            "eps_growth_yearly": 833.21
        },
        "20212": {
            "year_quarter": 20212,
            "year": 2021,
            "quarter": 2,
            "eps": 0.62,
            "eps_growth_year": -27.91,
            "eps_4q": 3.82,
            "eps_4q_growth_year": -13.12,
            "roe": 1.02,
            "roe_4q": 7.109999999999999,
            "gross_profit": 2178553,
            "gross_margin": 12.5,
            "gross_margin_4q_avg": 11.58,
            "net_income": 308394,
            "net_income_4q": null,
            "revenue": 17433433,
            "revenue_4q": null,
            "common_shares": 5123269,
            "book_valuer_per_share": 46.08,
            "book_valuer_per_share_4q_avg": 47.7,
            "equity": 29953349,
            "current_ratio": 164.21,
            "debt_ratio": 59.64,
            "inventory_turnover_ratio": 1.02,
            "account_receivable_turnover_ratio": 1.42,
            "reinvestment_rate": -21.6,
            "research_to_sale_ratio": 3.03,
            "price_fair": 131.92,
            "eps_avg_yearly": 3.77,
            "eps_latest_yearly": 2.48,
            "eps_growth_yearly": 1094.91
        },
        "20213": {
            "year_quarter": 20213,
            "year": 2021,
            "quarter": 3,
            "eps": 0.82,
            "eps_growth_year": -62.04,
            "eps_4q": 2.48,
            "eps_4q_growth_year": -43.12,
            "roe": 1.59,
            "roe_4q": 4.86,
            "gross_profit": 2410430,
            "gross_margin": 11.38,
            "gross_margin_4q_avg": 11.64,
            "net_income": 480066,
            "net_income_4q": null,
            "revenue": 21177318,
            "revenue_4q": null,
            "common_shares": 5123269,
            "book_valuer_per_share": 46.69,
            "book_valuer_per_share_4q_avg": 47.62,
            "equity": 30392871,
            "current_ratio": 157.87,
            "debt_ratio": 62.62,
            "inventory_turnover_ratio": 1.2,
            "account_receivable_turnover_ratio": 1.61,
            "reinvestment_rate": -20.21,
            "research_to_sale_ratio": 2.43,
            "price_fair": 127.51,
            "eps_avg_yearly": 3.64,
            "eps_latest_yearly": 3.28,
            "eps_growth_yearly": 1084.46
        },
        "20214": {
            "year_quarter": 20214,
            "year": 2021,
            "quarter": 4,
            "eps": 0.41,
            "eps_growth_year": -58.63,
            "eps_4q": 1.9,
            "eps_4q_growth_year": -53.19,
            "roe": 1.11,
            "roe_4q": 4.390000000000001,
            "gross_profit": 2880511,
            "gross_margin": 10.17,
            "gross_margin_4q_avg": 11.16,
            "net_income": 348614,
            "net_income_4q": null,
            "revenue": 28315822,
            "revenue_4q": null,
            "common_shares": 5123269,
            "book_valuer_per_share": 48.03,
            "book_valuer_per_share_4q_avg": 47.37,
            "equity": 32500888,
            "current_ratio": 167.88,
            "debt_ratio": 60.9,
            "inventory_turnover_ratio": 1.58,
            "account_receivable_turnover_ratio": 1.81,
            "reinvestment_rate": -8.8,
            "research_to_sale_ratio": 2.24,
            "price_fair": 127.08,
            "eps_avg_yearly": 3.63,
            "eps_latest_yearly": 1.64,
            "eps_growth_yearly": 1088.58
        },
        "20221": {
            "year_quarter": 20221,
            "year": 2022,
            "quarter": 1,
            "eps": 0.03,
            "eps_growth_year": -40,
            "eps_4q": 1.88,
            "eps_4q_growth_year": -53.81,
            "roe": 0.46,
            "roe_4q": 4.18,
            "gross_profit": 1806716,
            "gross_margin": 10.17,
            "gross_margin_4q_avg": 11.06,
            "net_income": 149358,
            "net_income_4q": null,
            "revenue": 17760230,
            "revenue_4q": null,
            "common_shares": 5123269,
            "book_valuer_per_share": 48.16,
            "book_valuer_per_share_4q_avg": 47.24,
            "equity": 32475774,
            "current_ratio": 164.55,
            "debt_ratio": 61.74,
            "inventory_turnover_ratio": 0.99,
            "account_receivable_turnover_ratio": 1.22,
            "reinvestment_rate": 7.81,
            "research_to_sale_ratio": 2.89,
            "price_fair": 118.3,
            "eps_avg_yearly": 3.38,
            "eps_latest_yearly": 0.12,
            "eps_growth_yearly": 984.35
        },
        "20222": {
            "year_quarter": 20222,
            "year": 2022,
            "quarter": 2,
            "eps": 1.03,
            "eps_growth_year": 66.13,
            "eps_4q": 2.29,
            "eps_4q_growth_year": -40,
            "roe": 1.74,
            "roe_4q": 4.9,
            "gross_profit": 2864483,
            "gross_margin": 13.09,
            "gross_margin_4q_avg": 11.2,
            "net_income": 589934,
            "net_income_4q": null,
            "revenue": 21883419,
            "revenue_4q": null,
            "common_shares": 5123269,
            "book_valuer_per_share": 48.79,
            "book_valuer_per_share_4q_avg": 47.92,
            "equity": 35281827,
            "current_ratio": 168.86,
            "debt_ratio": 62.61,
            "inventory_turnover_ratio": 0.99,
            "account_receivable_turnover_ratio": 1.61,
            "reinvestment_rate": -4.63,
            "research_to_sale_ratio": 2.6,
            "price_fair": 120.03,
            "eps_avg_yearly": 3.43,
            "eps_latest_yearly": 4.12,
            "eps_growth_yearly": 1807.61
        },
        "20223": {
            "year_quarter": 20223,
            "year": 2022,
            "quarter": 3,
            "eps": 1.51,
            "eps_growth_year": 84.15,
            "eps_4q": 2.98,
            "eps_4q_growth_year": 20.07,
            "roe": 2.57,
            "roe_4q": 5.88,
            "gross_profit": 4085768,
            "gross_margin": 15.38,
            "gross_margin_4q_avg": 12.2,
            "net_income": 922401,
            "net_income_4q": null,
            "revenue": 26557004,
            "revenue_4q": null,
            "common_shares": 5123269,
            "book_valuer_per_share": 50.75,
            "book_valuer_per_share_4q_avg": 48.93,
            "equity": 36471755,
            "current_ratio": 171.03,
            "debt_ratio": 63.21,
            "inventory_turnover_ratio": 1.06,
            "account_receivable_turnover_ratio": 1.48,
            "reinvestment_rate": 11.6,
            "research_to_sale_ratio": 2.6,
            "price_fair": 125.74,
            "eps_avg_yearly": 3.59,
            "eps_latest_yearly": 6.04,
            "eps_growth_yearly": 1706.29
        },
        "20224": {
            "year_quarter": 20224,
            "year": 2022,
            "quarter": 4,
            "eps": 0.57,
            "eps_growth_year": 38.68,
            "eps_4q": 3.14,
            "eps_4q_growth_year": 65.3,
            "roe": 1.19,
            "roe_4q": 5.96,
            "gross_profit": 3337232,
            "gross_margin": 11.96,
            "gross_margin_4q_avg": 12.65,
            "net_income": 433006,
            "net_income_4q": null,
            "revenue": 27901941,
            "revenue_4q": null,
            "common_shares": 5123269,
            "book_valuer_per_share": 50.37,
            "book_valuer_per_share_4q_avg": 49.52,
            "equity": 36258087,
            "current_ratio": 168.03,
            "debt_ratio": 63.11,
            "inventory_turnover_ratio": 1.27,
            "account_receivable_turnover_ratio": 1.41,
            "reinvestment_rate": 9.64,
            "research_to_sale_ratio": 2.32,
            "price_fair": 115.41,
            "eps_avg_yearly": 3.3,
            "eps_latest_yearly": 2.28,
            "eps_growth_yearly": 1680.73
        },
        "20231": {
            "year_quarter": 20231,
            "year": 2023,
            "quarter": 1,
            "eps": -1.32,
            "eps_growth_year": -4500,
            "eps_4q": 1.83,
            "eps_4q_growth_year": -2.58,
            "roe": -1.69,
            "roe_4q": 3.8099999999999996,
            "gross_profit": 2155497,
            "gross_margin": 11.57,
            "gross_margin_4q_avg": 13,
            "net_income": -598026,
            "net_income_4q": null,
            "revenue": 18631593,
            "revenue_4q": null,
            "common_shares": 5123269,
            "book_valuer_per_share": 47.82,
            "book_valuer_per_share_4q_avg": 49.43,
            "equity": 34516327,
            "current_ratio": 168.75,
            "debt_ratio": 60.65,
            "inventory_turnover_ratio": 0.99,
            "account_receivable_turnover_ratio": 1.25,
            "reinvestment_rate": -36.3,
            "research_to_sale_ratio": 2.93,
            "price_fair": 121.24,
            "eps_avg_yearly": 3.46,
            "eps_latest_yearly": 2.28,
            "eps_growth_yearly": 1816.39
        },
        "20232": {
            "year_quarter": 20232,
            "year": 2023,
            "quarter": 2,
            "eps": 1.6,
            "eps_growth_year": 55.34,
            "eps_4q": 2.38,
            "eps_4q_growth_year": 3.73,
            "roe": 2.3,
            "roe_4q": 4.369999999999999,
            "gross_profit": 2182582,
            "gross_margin": 12.7,
            "gross_margin_4q_avg": 12.9,
            "net_income": 789676,
            "net_income_4q": null,
            "revenue": 17185153,
            "revenue_4q": null,
            "common_shares": 5123269,
            "book_valuer_per_share": 47.67,
            "book_valuer_per_share_4q_avg": 49.15,
            "equity": 34031811,
            "current_ratio": 156.51,
            "debt_ratio": 61.7,
            "inventory_turnover_ratio": 0.97,
            "account_receivable_turnover_ratio": 1.5,
            "reinvestment_rate": -50.24,
            "research_to_sale_ratio": 3.34,
            "price_fair": 125.9,
            "eps_avg_yearly": 3.6,
            "eps_latest_yearly": 2.28,
            "eps_growth_yearly": 1917.56
        }
    },
    "months": {
        "2001-06": {
            "month": "2001-06",
            "price": "87.28",
            "revenue": 473113
        },
        "2001-07": {
            "month": "2001-07",
            "price": "75.88",
            "revenue": 514550
        },
        "2001-08": {
            "month": "2001-08",
            "price": "69.15",
            "revenue": 623163
        },
        "2001-09": {
            "month": "2001-09",
            "price": "52.39",
            "revenue": 817990
        },
        "2001-10": {
            "month": "2001-10",
            "price": "56.33",
            "revenue": 896089
        },
        "2001-11": {
            "month": "2001-11",
            "price": "66.50",
            "revenue": 953083
        },
        "2001-12": {
            "month": "2001-12",
            "price": "93.45",
            "revenue": 1283998
        },
        "2002-01": {
            "month": "2002-01",
            "price": "144.73",
            "revenue": 978125
        },
        "2002-02": {
            "month": "2002-02",
            "price": "146.79",
            "revenue": 861908
        },
        "2002-03": {
            "month": "2002-03",
            "price": "147.60",
            "revenue": 900214
        },
        "2002-04": {
            "month": "2002-04",
            "price": "124.05",
            "revenue": 892619
        },
        "2002-05": {
            "month": "2002-05",
            "price": "105.34",
            "revenue": 787345
        },
        "2002-06": {
            "month": "2002-06",
            "price": "97.52",
            "revenue": 796594
        },
        "2002-07": {
            "month": "2002-07",
            "price": "78.91",
            "revenue": 817663
        },
        "2002-08": {
            "month": "2002-08",
            "price": "89.25",
            "revenue": 815595
        },
        "2002-09": {
            "month": "2002-09",
            "price": "85.48",
            "revenue": 876175
        },
        "2002-10": {
            "month": "2002-10",
            "price": "81.34",
            "revenue": 955556
        },
        "2002-11": {
            "month": "2002-11",
            "price": "79.45",
            "revenue": 930130
        },
        "2002-12": {
            "month": "2002-12",
            "price": "69.66",
            "revenue": 1000221
        },
        "2003-01": {
            "month": "2003-01",
            "price": "65.08",
            "revenue": 811026
        },
        "2003-02": {
            "month": "2003-02",
            "price": "60.03",
            "revenue": 757813
        },
        "2003-03": {
            "month": "2003-03",
            "price": "57.76",
            "revenue": 846290
        },
        "2003-04": {
            "month": "2003-04",
            "price": "57.84",
            "revenue": 885194
        },
        "2003-05": {
            "month": "2003-05",
            "price": "58.55",
            "revenue": 908804
        },
        "2003-06": {
            "month": "2003-06",
            "price": "72.92",
            "revenue": 913112
        },
        "2003-07": {
            "month": "2003-07",
            "price": "74.13",
            "revenue": 1018048
        },
        "2003-08": {
            "month": "2003-08",
            "price": "71.67",
            "revenue": 1350824
        },
        "2003-09": {
            "month": "2003-09",
            "price": "68.24",
            "revenue": 1457477
        },
        "2003-10": {
            "month": "2003-10",
            "price": "70.32",
            "revenue": 1489653
        },
        "2003-11": {
            "month": "2003-11",
            "price": "72.08",
            "revenue": 1339835
        },
        "2003-12": {
            "month": "2003-12",
            "price": "67.59",
            "revenue": 1237658
        },
        "2004-01": {
            "month": "2004-01",
            "price": "66.83",
            "revenue": 1009894
        },
        "2004-02": {
            "month": "2004-02",
            "price": "65.98",
            "revenue": 1091637
        },
        "2004-03": {
            "month": "2004-03",
            "price": "65.48",
            "revenue": 1184751
        },
        "2004-04": {
            "month": "2004-04",
            "price": "64.61",
            "revenue": 1258672
        },
        "2004-05": {
            "month": "2004-05",
            "price": "62.74",
            "revenue": 1303795
        },
        "2004-06": {
            "month": "2004-06",
            "price": "59.95",
            "revenue": 1386712
        },
        "2004-07": {
            "month": "2004-07",
            "price": "49.84",
            "revenue": 1548955
        },
        "2004-08": {
            "month": "2004-08",
            "price": "50.18",
            "revenue": 1861570
        },
        "2004-09": {
            "month": "2004-09",
            "price": "55.69",
            "revenue": 2056672
        },
        "2004-10": {
            "month": "2004-10",
            "price": "55.25",
            "revenue": 2247785
        },
        "2004-11": {
            "month": "2004-11",
            "price": "61.82",
            "revenue": 2236594
        },
        "2004-12": {
            "month": "2004-12",
            "price": "64.48",
            "revenue": 2186301
        },
        "2005-01": {
            "month": "2005-01",
            "price": "64.83",
            "revenue": 1721060
        },
        "2005-02": {
            "month": "2005-02",
            "price": "73.04",
            "revenue": 1453164
        },
        "2005-03": {
            "month": "2005-03",
            "price": "85.18",
            "revenue": 1826035
        },
        "2005-04": {
            "month": "2005-04",
            "price": "84.72",
            "revenue": 1833714
        },
        "2005-05": {
            "month": "2005-05",
            "price": "81.00",
            "revenue": 1685342
        },
        "2005-06": {
            "month": "2005-06",
            "price": "88.81",
            "revenue": 1863045
        },
        "2005-07": {
            "month": "2005-07",
            "price": "102.62",
            "revenue": 1968153
        },
        "2005-08": {
            "month": "2005-08",
            "price": "89.80",
            "revenue": 2615666
        },
        "2005-09": {
            "month": "2005-09",
            "price": "93.37",
            "revenue": 3021159
        },
        "2005-10": {
            "month": "2005-10",
            "price": "95.62",
            "revenue": 3250704
        },
        "2005-11": {
            "month": "2005-11",
            "price": "103.62",
            "revenue": 3835518
        },
        "2005-12": {
            "month": "2005-12",
            "price": "104.05",
            "revenue": 3068588
        },
        "2006-01": {
            "month": "2006-01",
            "price": "112.17",
            "revenue": 2832188
        },
        "2006-02": {
            "month": "2006-02",
            "price": "105.15",
            "revenue": 2964408
        },
        "2006-03": {
            "month": "2006-03",
            "price": "108.13",
            "revenue": 3476496
        },
        "2006-04": {
            "month": "2006-04",
            "price": "125.92",
            "revenue": 3500533
        },
        "2006-05": {
            "month": "2006-05",
            "price": "134.02",
            "revenue": 3744429
        },
        "2006-06": {
            "month": "2006-06",
            "price": "131.93",
            "revenue": 3631987
        },
        "2006-07": {
            "month": "2006-07",
            "price": "125.17",
            "revenue": 3689415
        },
        "2006-08": {
            "month": "2006-08",
            "price": "121.67",
            "revenue": 4148556
        },
        "2006-09": {
            "month": "2006-09",
            "price": "117.81",
            "revenue": 4278157
        },
        "2006-10": {
            "month": "2006-10",
            "price": "115.98",
            "revenue": 4048081
        },
        "2006-11": {
            "month": "2006-11",
            "price": "115.89",
            "revenue": 4046058
        },
        "2006-12": {
            "month": "2006-12",
            "price": "114.40",
            "revenue": 3131965
        },
        "2007-01": {
            "month": "2007-01",
            "price": "134.25",
            "revenue": 3099854
        },
        "2007-02": {
            "month": "2007-02",
            "price": "124.38",
            "revenue": 2763876
        },
        "2007-03": {
            "month": "2007-03",
            "price": "109.89",
            "revenue": 3131564
        },
        "2007-04": {
            "month": "2007-04",
            "price": "102.31",
            "revenue": 2681635
        },
        "2007-05": {
            "month": "2007-05",
            "price": "94.47",
            "revenue": 2835898
        },
        "2007-06": {
            "month": "2007-06",
            "price": "104.92",
            "revenue": 3194706
        },
        "2007-07": {
            "month": "2007-07",
            "price": "107.66",
            "revenue": 3261772
        },
        "2007-08": {
            "month": "2007-08",
            "price": "82.28",
            "revenue": 3846023
        },
        "2007-09": {
            "month": "2007-09",
            "price": "83.82",
            "revenue": 4170842
        },
        "2007-10": {
            "month": "2007-10",
            "price": "91.63",
            "revenue": 4695341
        },
        "2007-11": {
            "month": "2007-11",
            "price": "82.45",
            "revenue": 4735511
        },
        "2007-12": {
            "month": "2007-12",
            "price": "72.40",
            "revenue": 4428742
        },
        "2008-01": {
            "month": "2008-01",
            "price": "63.30",
            "revenue": 3511011
        },
        "2008-02": {
            "month": "2008-02",
            "price": "61.97",
            "revenue": 3026042
        },
        "2008-03": {
            "month": "2008-03",
            "price": "68.70",
            "revenue": 3768551
        },
        "2008-04": {
            "month": "2008-04",
            "price": "70.38",
            "revenue": 3660815
        },
        "2008-05": {
            "month": "2008-05",
            "price": "68.40",
            "revenue": 3754630
        },
        "2008-06": {
            "month": "2008-06",
            "price": "62.53",
            "revenue": 3633742
        },
        "2008-07": {
            "month": "2008-07",
            "price": "57.10",
            "revenue": 4875721
        },
        "2008-08": {
            "month": "2008-08",
            "price": "64.66",
            "revenue": 5575441
        },
        "2008-09": {
            "month": "2008-09",
            "price": "58.92",
            "revenue": 5165233
        },
        "2008-10": {
            "month": "2008-10",
            "price": "52.60",
            "revenue": 4949687
        },
        "2008-11": {
            "month": "2008-11",
            "price": "36.10",
            "revenue": 3698879
        },
        "2008-12": {
            "month": "2008-12",
            "price": "33.23",
            "revenue": 2555852
        },
        "2009-01": {
            "month": "2009-01",
            "price": "35.00",
            "revenue": 2303876
        },
        "2009-02": {
            "month": "2009-02",
            "price": "37.28",
            "revenue": 2429296
        },
        "2009-03": {
            "month": "2009-03",
            "price": "42.09",
            "revenue": 2889048
        },
        "2009-04": {
            "month": "2009-04",
            "price": "45.15",
            "revenue": 3155183
        },
        "2009-05": {
            "month": "2009-05",
            "price": "49.94",
            "revenue": 3068997
        },
        "2009-06": {
            "month": "2009-06",
            "price": "51.89",
            "revenue": 3355686
        },
        "2009-07": {
            "month": "2009-07",
            "price": "65.50",
            "revenue": 3484760
        },
        "2009-08": {
            "month": "2009-08",
            "price": "62.00",
            "revenue": 4093842
        },
        "2009-09": {
            "month": "2009-09",
            "price": "64.60",
            "revenue": 4759843
        },
        "2009-10": {
            "month": "2009-10",
            "price": "65.74",
            "revenue": 4756535
        },
        "2009-11": {
            "month": "2009-11",
            "price": "64.70",
            "revenue": 4213119
        },
        "2009-12": {
            "month": "2009-12",
            "price": "68.05",
            "revenue": 3589824
        },
        "2010-01": {
            "month": "2010-01",
            "price": "70.11",
            "revenue": 2756295
        },
        "2010-02": {
            "month": "2010-02",
            "price": "60.91",
            "revenue": 2344870
        },
        "2010-03": {
            "month": "2010-03",
            "price": "61.73",
            "revenue": 3387154
        },
        "2010-04": {
            "month": "2010-04",
            "price": "63.15",
            "revenue": 3779750
        },
        "2010-05": {
            "month": "2010-05",
            "price": "52.60",
            "revenue": 4029064
        },
        "2010-06": {
            "month": "2010-06",
            "price": "52.02",
            "revenue": 4729391
        },
        "2010-07": {
            "month": "2010-07",
            "price": "57.29",
            "revenue": 4824847
        },
        "2010-08": {
            "month": "2010-08",
            "price": "56.52",
            "revenue": 5402271
        },
        "2010-09": {
            "month": "2010-09",
            "price": "54.96",
            "revenue": 6456216
        },
        "2010-10": {
            "month": "2010-10",
            "price": "60.22",
            "revenue": 6187418
        },
        "2010-11": {
            "month": "2010-11",
            "price": "62.63",
            "revenue": 6587982
        },
        "2010-12": {
            "month": "2010-12",
            "price": "66.42",
            "revenue": 6333688
        },
        "2011-01": {
            "month": "2011-01",
            "price": "65.16",
            "revenue": 5283106
        },
        "2011-02": {
            "month": "2011-02",
            "price": "57.88",
            "revenue": 3773551
        },
        "2011-03": {
            "month": "2011-03",
            "price": "58.64",
            "revenue": 5647082
        },
        "2011-04": {
            "month": "2011-04",
            "price": "58.78",
            "revenue": 5895614
        },
        "2011-05": {
            "month": "2011-05",
            "price": "66.55",
            "revenue": 7024906
        },
        "2011-06": {
            "month": "2011-06",
            "price": "72.67",
            "revenue": 6766296
        },
        "2011-07": {
            "month": "2011-07",
            "price": "79.76",
            "revenue": 7461612
        },
        "2011-08": {
            "month": "2011-08",
            "price": "80.46",
            "revenue": 8222566
        },
        "2011-09": {
            "month": "2011-09",
            "price": "71.17",
            "revenue": 8726708
        },
        "2011-10": {
            "month": "2011-10",
            "price": "66.84",
            "revenue": 7713858
        },
        "2011-11": {
            "month": "2011-11",
            "price": "62.98",
            "revenue": 8123883
        },
        "2011-12": {
            "month": "2011-12",
            "price": "56.64",
            "revenue": 7548243
        },
        "2012-01": {
            "month": "2012-01",
            "price": "62.70",
            "revenue": 6443131
        },
        "2012-02": {
            "month": "2012-02",
            "price": "70.26",
            "revenue": 6583166
        },
        "2012-03": {
            "month": "2012-03",
            "price": "71.27",
            "revenue": 7211026
        },
        "2012-04": {
            "month": "2012-04",
            "price": "63.89",
            "revenue": 6920256
        },
        "2012-05": {
            "month": "2012-05",
            "price": "58.27",
            "revenue": 7414120
        },
        "2012-06": {
            "month": "2012-06",
            "price": "60.32",
            "revenue": 6407320
        },
        "2012-07": {
            "month": "2012-07",
            "price": "57.83",
            "revenue": 7871329
        },
        "2012-08": {
            "month": "2012-08",
            "price": "57.81",
            "revenue": 9521728
        },
        "2012-09": {
            "month": "2012-09",
            "price": "68.00",
            "revenue": 9720022
        },
        "2012-10": {
            "month": "2012-10",
            "price": "66.97",
            "revenue": 10892204
        },
        "2012-11": {
            "month": "2012-11",
            "price": "66.89",
            "revenue": 12379548
        },
        "2012-12": {
            "month": "2012-12",
            "price": "64.43",
            "revenue": 11511891
        },
        "2013-01": {
            "month": "2013-01",
            "price": "58.58",
            "revenue": 11939761
        },
        "2013-02": {
            "month": "2013-02",
            "price": "55.95",
            "revenue": 7249054
        },
        "2013-03": {
            "month": "2013-03",
            "price": "56.25",
            "revenue": 7688273
        },
        "2013-04": {
            "month": "2013-04",
            "price": "58.36",
            "revenue": 7438602
        },
        "2013-05": {
            "month": "2013-05",
            "price": "59.56",
            "revenue": 6773162
        },
        "2013-06": {
            "month": "2013-06",
            "price": "60.18",
            "revenue": 6100340
        },
        "2013-07": {
            "month": "2013-07",
            "price": "59.03",
            "revenue": 6720437
        },
        "2013-08": {
            "month": "2013-08",
            "price": "59.76",
            "revenue": 7814103
        },
        "2013-09": {
            "month": "2013-09",
            "price": "60.32",
            "revenue": 10018559
        },
        "2013-10": {
            "month": "2013-10",
            "price": "60.64",
            "revenue": 9868693
        },
        "2013-11": {
            "month": "2013-11",
            "price": "58.44",
            "revenue": 12459017
        },
        "2013-12": {
            "month": "2013-12",
            "price": "59.20",
            "revenue": 12166276
        },
        "2014-01": {
            "month": "2014-01",
            "price": "62.27",
            "revenue": 9697666
        },
        "2014-02": {
            "month": "2014-02",
            "price": "64.67",
            "revenue": 6972156
        },
        "2014-03": {
            "month": "2014-03",
            "price": "65.00",
            "revenue": 7195710
        },
        "2014-04": {
            "month": "2014-04",
            "price": "62.23",
            "revenue": 6307971
        },
        "2014-05": {
            "month": "2014-05",
            "price": "58.13",
            "revenue": 5845277
        },
        "2014-06": {
            "month": "2014-06",
            "price": "57.82",
            "revenue": 5321006
        },
        "2014-07": {
            "month": "2014-07",
            "price": "57.77",
            "revenue": 6202128
        },
        "2014-08": {
            "month": "2014-08",
            "price": "56.68",
            "revenue": 6445143
        },
        "2014-09": {
            "month": "2014-09",
            "price": "56.44",
            "revenue": 8192467
        },
        "2014-10": {
            "month": "2014-10",
            "price": "51.06",
            "revenue": 10224877
        },
        "2014-11": {
            "month": "2014-11",
            "price": "51.47",
            "revenue": 9168859
        },
        "2014-12": {
            "month": "2014-12",
            "price": "50.89",
            "revenue": 9494126
        },
        "2015-01": {
            "month": "2015-01",
            "price": "53.66",
            "revenue": 9063362
        },
        "2015-02": {
            "month": "2015-02",
            "price": "55.62",
            "revenue": 6270936
        },
        "2015-03": {
            "month": "2015-03",
            "price": "57.78",
            "revenue": 6279535
        },
        "2015-04": {
            "month": "2015-04",
            "price": "60.36",
            "revenue": 7803040
        },
        "2015-05": {
            "month": "2015-05",
            "price": "58.98",
            "revenue": 6224118
        },
        "2015-06": {
            "month": "2015-06",
            "price": "54.70",
            "revenue": 7507928
        },
        "2015-07": {
            "month": "2015-07",
            "price": "50.95",
            "revenue": 9514082
        },
        "2015-08": {
            "month": "2015-08",
            "price": "45.15",
            "revenue": 9975127
        },
        "2015-09": {
            "month": "2015-09",
            "price": "46.46",
            "revenue": 12485098
        },
        "2015-10": {
            "month": "2015-10",
            "price": "47.64",
            "revenue": 14033193
        },
        "2015-11": {
            "month": "2015-11",
            "price": "46.24",
            "revenue": 10753469
        },
        "2015-12": {
            "month": "2015-12",
            "price": "44.83",
            "revenue": 8345492
        },
        "2016-01": {
            "month": "2016-01",
            "price": "42.94",
            "revenue": 7305000
        },
        "2016-02": {
            "month": "2016-02",
            "price": "42.63",
            "revenue": 4544900
        },
        "2016-03": {
            "month": "2016-03",
            "price": "44.22",
            "revenue": 6547833
        },
        "2016-04": {
            "month": "2016-04",
            "price": "41.72",
            "revenue": 6289648
        },
        "2016-05": {
            "month": "2016-05",
            "price": "41.16",
            "revenue": 5736497
        },
        "2016-06": {
            "month": "2016-06",
            "price": "41.83",
            "revenue": 6374218
        },
        "2016-07": {
            "month": "2016-07",
            "price": "42.92",
            "revenue": 7253893
        },
        "2016-08": {
            "month": "2016-08",
            "price": "40.55",
            "revenue": 8538435
        },
        "2016-09": {
            "month": "2016-09",
            "price": "39.36",
            "revenue": 10499921
        },
        "2016-10": {
            "month": "2016-10",
            "price": "39.06",
            "revenue": 9491381
        },
        "2016-11": {
            "month": "2016-11",
            "price": "36.54",
            "revenue": 9161333
        },
        "2016-12": {
            "month": "2016-12",
            "price": "36.59",
            "revenue": 8756470
        },
        "2017-01": {
            "month": "2017-01",
            "price": "36.77",
            "revenue": 6094516
        },
        "2017-02": {
            "month": "2017-02",
            "price": "38.24",
            "revenue": 5835154
        },
        "2017-03": {
            "month": "2017-03",
            "price": "38.98",
            "revenue": 6234983
        },
        "2017-04": {
            "month": "2017-04",
            "price": "39.48",
            "revenue": 5935684
        },
        "2017-05": {
            "month": "2017-05",
            "price": "43.13",
            "revenue": 5909592
        },
        "2017-06": {
            "month": "2017-06",
            "price": "42.27",
            "revenue": 6834239
        },
        "2017-07": {
            "month": "2017-07",
            "price": "41.36",
            "revenue": 8653851
        },
        "2017-08": {
            "month": "2017-08",
            "price": "40.92",
            "revenue": 8741191
        },
        "2017-09": {
            "month": "2017-09",
            "price": "41.23",
            "revenue": 9978149
        },
        "2017-10": {
            "month": "2017-10",
            "price": "47.63",
            "revenue": 9350780
        },
        "2017-11": {
            "month": "2017-11",
            "price": "49.59",
            "revenue": 10823536
        },
        "2017-12": {
            "month": "2017-12",
            "price": "51.04",
            "revenue": 9232410
        },
        "2018-01": {
            "month": "2018-01",
            "price": "47.52",
            "revenue": 7996459
        },
        "2018-02": {
            "month": "2018-02",
            "price": "42.78",
            "revenue": 4813725
        },
        "2018-03": {
            "month": "2018-03",
            "price": "41.97",
            "revenue": 6163790
        },
        "2018-04": {
            "month": "2018-04",
            "price": "40.18",
            "revenue": 6440903
        },
        "2018-05": {
            "month": "2018-05",
            "price": "37.35",
            "revenue": 7687207
        },
        "2018-06": {
            "month": "2018-06",
            "price": "35.00",
            "revenue": 6646528
        },
        "2018-07": {
            "month": "2018-07",
            "price": "32.13",
            "revenue": 7563778
        },
        "2018-08": {
            "month": "2018-08",
            "price": "29.17",
            "revenue": 7377347
        },
        "2018-09": {
            "month": "2018-09",
            "price": "26.93",
            "revenue": 7759664
        },
        "2018-10": {
            "month": "2018-10",
            "price": "22.52",
            "revenue": 9142617
        },
        "2018-11": {
            "month": "2018-11",
            "price": "22.98",
            "revenue": 8331371
        },
        "2018-12": {
            "month": "2018-12",
            "price": "24.25",
            "revenue": 7987571
        },
        "2019-01": {
            "month": "2019-01",
            "price": "23.60",
            "revenue": 8237924
        },
        "2019-02": {
            "month": "2019-02",
            "price": "26.95",
            "revenue": 4592281
        },
        "2019-03": {
            "month": "2019-03",
            "price": "37.53",
            "revenue": 6417442
        },
        "2019-04": {
            "month": "2019-04",
            "price": "39.46",
            "revenue": 6942848
        },
        "2019-05": {
            "month": "2019-05",
            "price": "33.52",
            "revenue": 6748763
        },
        "2019-06": {
            "month": "2019-06",
            "price": "31.49",
            "revenue": 7307444
        },
        "2019-07": {
            "month": "2019-07",
            "price": "34.44",
            "revenue": 9490878
        },
        "2019-08": {
            "month": "2019-08",
            "price": "33.15",
            "revenue": 9037905
        },
        "2019-09": {
            "month": "2019-09",
            "price": "35.66",
            "revenue": 10631412
        },
        "2019-10": {
            "month": "2019-10",
            "price": "41.89",
            "revenue": 11153791
        },
        "2019-11": {
            "month": "2019-11",
            "price": "43.70",
            "revenue": 9254251
        },
        "2019-12": {
            "month": "2019-12",
            "price": "44.20",
            "revenue": 8088603
        },
        "2020-01": {
            "month": "2020-01",
            "price": "43.65",
            "revenue": 6162048
        },
        "2020-02": {
            "month": "2020-02",
            "price": "38.59",
            "revenue": 3632766
        },
        "2020-03": {
            "month": "2020-03",
            "price": "30.71",
            "revenue": 6404164
        },
        "2020-04": {
            "month": "2020-04",
            "price": "35.02",
            "revenue": 7059919
        },
        "2020-05": {
            "month": "2020-05",
            "price": "37.03",
            "revenue": 6546772
        },
        "2020-06": {
            "month": "2020-06",
            "price": "38.13",
            "revenue": 6706050
        },
        "2020-07": {
            "month": "2020-07",
            "price": "41.98",
            "revenue": 8474038
        },
        "2020-08": {
            "month": "2020-08",
            "price": "41.48",
            "revenue": 8338378
        },
        "2020-09": {
            "month": "2020-09",
            "price": "41.35",
            "revenue": 9018174
        },
        "2020-10": {
            "month": "2020-10",
            "price": "41.48",
            "revenue": 8948344
        },
        "2020-11": {
            "month": "2020-11",
            "price": "41.63",
            "revenue": 9112691
        },
        "2020-12": {
            "month": "2020-12",
            "price": "46.08",
            "revenue": 9148757
        },
        "2021-01": {
            "month": "2021-01",
            "price": "47.00",
            "revenue": 8569765
        },
        "2021-02": {
            "month": "2021-02",
            "price": "45.88",
            "revenue": 4955216
        },
        "2021-03": {
            "month": "2021-03",
            "price": "47.44",
            "revenue": 6349181
        },
        "2021-04": {
            "month": "2021-04",
            "price": "47.07",
            "revenue": 6391299
        },
        "2021-05": {
            "month": "2021-05",
            "price": "40.50",
            "revenue": 5732272
        },
        "2021-06": {
            "month": "2021-06",
            "price": "40.91",
            "revenue": 5309864
        },
        "2021-07": {
            "month": "2021-07",
            "price": "42.70",
            "revenue": 6155907
        },
        "2021-08": {
            "month": "2021-08",
            "price": "39.22",
            "revenue": 6711913
        },
        "2021-09": {
            "month": "2021-09",
            "price": "37.79",
            "revenue": 8309497
        },
        "2021-10": {
            "month": "2021-10",
            "price": "37.74",
            "revenue": 8843530
        },
        "2021-11": {
            "month": "2021-11",
            "price": "38.95",
            "revenue": 9516271
        },
        "2021-12": {
            "month": "2021-12",
            "price": "38.75",
            "revenue": 9956020
        },
        "2022-01": {
            "month": "2022-01",
            "price": "39.53",
            "revenue": 7086816
        },
        "2022-02": {
            "month": "2022-02",
            "price": "38.62",
            "revenue": 5197726
        },
        "2022-03": {
            "month": "2022-03",
            "price": "38.13",
            "revenue": 5475687
        },
        "2022-04": {
            "month": "2022-04",
            "price": "35.52",
            "revenue": 7029664
        },
        "2022-05": {
            "month": "2022-05",
            "price": "33.75",
            "revenue": 7389632
        },
        "2022-06": {
            "month": "2022-06",
            "price": "34.07",
            "revenue": 7464123
        },
        "2022-07": {
            "month": "2022-07",
            "price": "32.00",
            "revenue": 7721549
        },
        "2022-08": {
            "month": "2022-08",
            "price": "34.94",
            "revenue": 8025226
        },
        "2022-09": {
            "month": "2022-09",
            "price": "35.64",
            "revenue": 10810229
        },
        "2022-10": {
            "month": "2022-10",
            "price": "34.90",
            "revenue": 10090117
        },
        "2022-11": {
            "month": "2022-11",
            "price": "35.76",
            "revenue": 8990178
        },
        "2022-12": {
            "month": "2022-12",
            "price": "37.98",
            "revenue": 8821647
        },
        "2023-01": {
            "month": "2023-01",
            "price": "37.30",
            "revenue": 7761119
        },
        "2023-02": {
            "month": "2023-02",
            "price": "39.99",
            "revenue": 5459339
        },
        "2023-03": {
            "month": "2023-03",
            "price": "40.03",
            "revenue": 5713144
        },
        "2023-04": {
            "month": "2023-04",
            "price": "42.10",
            "revenue": 5862943
        },
        "2023-05": {
            "month": "2023-05",
            "price": "40.80",
            "revenue": 5472673
        },
        "2023-06": {
            "month": "2023-06",
            "price": "41.81",
            "revenue": 5849537
        },
        "2023-07": {
            "month": "2023-07",
            "price": "42.47",
            "revenue": 7898761
        },
        "2023-08": {
            "month": "2023-08",
            "price": "41.65",
            "revenue": 7642344
        },
        "2023-09": {
            "month": "2023-09",
            "price": "43.40",
            "revenue": 9434240
        }
    }
}
