{
    "summary": {
        "stock_name": "億光",
        "stock_id": "2393",
        "category": "光電",
        "main_business": "電子製品之加工製造買賣業務<br>各種光電控制器之加工買賣業務<br>半導體原料及其設備之製造買賣業務",
        "website_url": "http://www.everlight.com",
        "ceo": "葉寅夫",
        "pe_ratio": 17,
        "report_year_from": 2001,
        "report_year_to": 2023,
        "age": 23,
        "eps_negative_percentage": 0,
        "eps_growth_avg": {
            "last_all": 10.91,
            "last_2y": 9.57,
            "last_4y": 16.35,
            "last_8y": -0.66,
            "last_12y": 2.95,
            "last_16y": 2.92,
            "last_20y": 6.67,
            "at_2006_last_3y": 22.58,
            "at_2007_last_3y": 13.84,
            "at_2008_last_3y": 0.8,
            "at_2009_last_3y": 3.94,
            "at_2010_last_3y": 2.83,
            "at_2011_last_3y": -10.92,
            "at_2012_last_3y": -14.67,
            "at_2013_last_3y": 2.62,
            "at_2014_last_3y": 11.07,
            "at_2015_last_3y": 17.74,
            "at_2016_last_3y": 31.57,
            "at_2017_last_3y": -1.9,
            "at_2018_last_3y": -21.92,
            "at_2019_last_3y": -17.12,
            "at_2020_last_3y": -3.73,
            "at_2021_last_3y": 19.04,
            "at_2022_last_3y": 18.46,
            "at_2023_last_3y": 19.75,
            "at_2024_last_3y": 19.75,
            "at_2006_last_all": 38.07,
            "at_2007_last_all": 33.71,
            "at_2008_last_all": 22.66,
            "at_2009_last_all": 23.68,
            "at_2010_last_all": 22.41,
            "at_2011_last_all": 15.85,
            "at_2012_last_all": 9.09,
            "at_2013_last_all": 16.66,
            "at_2014_last_all": 18.92,
            "at_2015_last_all": 16.39,
            "at_2016_last_all": 15.08,
            "at_2017_last_all": 12.02,
            "at_2018_last_all": 9.31,
            "at_2019_last_all": 8.95,
            "at_2020_last_all": 11.12,
            "at_2021_last_all": 13.43,
            "at_2022_last_all": 11.05,
            "at_2023_last_all": 10.91,
            "at_2024_last_all": 10.91
        },
        "latest_eps": 2.88,
        "latest_price": 48.5,
        "latest_roe": 6.98,
        "latest_gross_margin": 28.7,
        "latest_equity": 18895895,
        "latest_revenue": 4517190,
        "latest_gross_profit": 1296475,
        "latest_net_income": 413942,
        "latest_debt_ratio": 28.61,
        "latest_current_ratio": 247.38,
        "latest_account_receivable_turnover_ratio": 0.85,
        "latest_inventory_turnover_ratio": 3.38,
        "latest_reinvestment_rate": -44.59,
        "latest_research_to_sale_ratio": 4.31
    },
    "eps_dividends": {
        "1998": {
            "cash": 0,
            "stock": 2.75,
            "eps": 0
        },
        "2000": {
            "cash": 1.75,
            "stock": 1.75,
            "eps": 0
        },
        "2001": {
            "cash": 0,
            "stock": 1,
            "eps": 0.28
        },
        "2002": {
            "cash": 0,
            "stock": 0.5,
            "eps": 2.71
        },
        "2003": {
            "cash": 1.2,
            "stock": 0.8,
            "eps": 3.98
        },
        "2004": {
            "cash": 2,
            "stock": 1,
            "eps": 4.32
        },
        "2005": {
            "cash": 2.6,
            "stock": 0.4,
            "eps": 5.11
        },
        "2006": {
            "cash": 3.5,
            "stock": 0.2,
            "eps": 5.96
        },
        "2007": {
            "cash": 4.19,
            "stock": 0.3,
            "eps": 6.67
        },
        "2008": {
            "cash": 3.9,
            "stock": 0.2,
            "eps": 3.76
        },
        "2009": {
            "cash": 3.2,
            "stock": 0,
            "eps": 4.92
        },
        "2010": {
            "cash": 4,
            "stock": 0,
            "eps": 5.52
        },
        "2011": {
            "cash": 6.1,
            "stock": 0,
            "eps": 3.14
        },
        "2012": {
            "cash": 0,
            "stock": 0,
            "eps": 1.3
        },
        "2013": {
            "cash": 1.2,
            "stock": 0,
            "eps": 3.5
        },
        "2014": {
            "cash": 2.97,
            "stock": 0,
            "eps": 5.11
        },
        "2015": {
            "cash": 4,
            "stock": 0,
            "eps": 4.27
        },
        "2016": {
            "cash": 3,
            "stock": 0,
            "eps": 4.13
        },
        "2017": {
            "cash": 3,
            "stock": 0,
            "eps": 2.73
        },
        "2018": {
            "cash": 3,
            "stock": 0,
            "eps": 1.8
        },
        "2019": {
            "cash": 1.5,
            "stock": 0,
            "eps": 1.85
        },
        "2020": {
            "cash": 1.4,
            "stock": 0,
            "eps": 2.78
        },
        "2021": {
            "cash": 2.25,
            "stock": 0,
            "eps": 4.37
        },
        "2022": {
            "cash": 3.5,
            "stock": 0,
            "eps": 2.78
        },
        "2023": {
            "cash": 2.5,
            "stock": 0,
            "eps": 3
        }
    },
    "dividends": {
        "1998-05-22": {
            "cash": 0,
            "stock": 2.75
        },
        "2000-05-08": {
            "cash": 1.75,
            "stock": 1.75
        },
        "2001-06-15": {
            "cash": 0,
            "stock": 1
        },
        "2002-06-21": {
            "cash": 0,
            "stock": 0.5
        },
        "2003-04-02": {
            "cash": 1.2,
            "stock": 0.8
        },
        "2004-03-01": {
            "cash": 2,
            "stock": 1
        },
        "2005-04-12": {
            "cash": 2.6,
            "stock": 0.4
        },
        "2006-03-24": {
            "cash": 3.5,
            "stock": 0.2
        },
        "2007-03-21": {
            "cash": 4.19,
            "stock": 0.3
        },
        "2008-03-19": {
            "cash": 3.9,
            "stock": 0.2
        },
        "2009-03-25": {
            "cash": 3.2,
            "stock": 0
        },
        "2010-03-26": {
            "cash": 4,
            "stock": 0
        },
        "2011-01-01": {
            "cash": 2.5,
            "stock": 0
        },
        "2011-03-22": {
            "cash": 3.6,
            "stock": 0
        },
        "2013-03-25": {
            "cash": 1.2,
            "stock": 0
        },
        "2014-08-28": {
            "cash": 2.97,
            "stock": 0
        },
        "2015-08-25": {
            "cash": 4,
            "stock": 0
        },
        "2016-08-25": {
            "cash": 3,
            "stock": 0
        },
        "2017-08-25": {
            "cash": 3,
            "stock": 0
        },
        "2018-08-30": {
            "cash": 3,
            "stock": 0
        },
        "2019-08-30": {
            "cash": 1.5,
            "stock": 0
        },
        "2020-08-31": {
            "cash": 1.4,
            "stock": 0
        },
        "2021-09-16": {
            "cash": 2.25,
            "stock": 0
        },
        "2022-08-31": {
            "cash": 3.5,
            "stock": 0
        },
        "2023-08-31": {
            "cash": 2.5,
            "stock": 0
        }
    },
    "prices": {
        "200101": "21.66",
        "200102": "29.57",
        "200103": "32.77",
        "200104": "29.15",
        "200105": "21.03",
        "200106": "22.09",
        "200107": "17.18",
        "200108": "15.48",
        "200109": "11.16",
        "200110": "12.31",
        "200111": "15.81",
        "200112": "18.70",
        "200201": "20.93",
        "200202": "24.32",
        "200203": "28.45",
        "200204": "37.31",
        "200205": "35.71",
        "200206": "31.03",
        "200207": "30.39",
        "200208": "33.78",
        "200209": "33.24",
        "200210": "28.14",
        "200211": "33.67",
        "200212": "39.24",
        "200301": "37.24",
        "200302": "34.62",
        "200303": "34.50",
        "200304": "36.98",
        "200305": "32.40",
        "200306": "36.58",
        "200307": "39.63",
        "200308": "40.60",
        "200309": "42.35",
        "200310": "49.59",
        "200311": "59.75",
        "200312": "61.04",
        "200401": "68.27",
        "200402": "70.05",
        "200403": "61.50",
        "200404": "62.89",
        "200405": "49.17",
        "200406": "47.53",
        "200407": "39.71",
        "200408": "34.34",
        "200409": "35.09",
        "200410": "32.18",
        "200411": "32.59",
        "200412": "35.59",
        "200501": "32.12",
        "200502": "35.91",
        "200503": "38.36",
        "200504": "41.72",
        "200505": "41.55",
        "200506": "42.55",
        "200507": "43.61",
        "200508": "39.43",
        "200509": "41.89",
        "200510": "52.89",
        "200511": "58.73",
        "200512": "66.93",
        "200601": "81.69",
        "200602": "80.14",
        "200603": "85.17",
        "200604": "95.67",
        "200605": "97.42",
        "200606": "81.80",
        "200607": "82.35",
        "200608": "85.37",
        "200609": "93.29",
        "200610": "89.42",
        "200611": "84.63",
        "200612": "89.52",
        "200701": "101.85",
        "200702": "117.42",
        "200703": "125.91",
        "200704": "121.30",
        "200705": "122.84",
        "200706": "125.35",
        "200707": "134.50",
        "200708": "141.70",
        "200709": "142.33",
        "200710": "141.32",
        "200711": "125.27",
        "200712": "115.19",
        "200801": "107.10",
        "200802": "103.70",
        "200803": "110.88",
        "200804": "111.60",
        "200805": "117.00",
        "200806": "97.53",
        "200807": "85.67",
        "200808": "81.48",
        "200809": "67.36",
        "200810": "54.97",
        "200811": "42.36",
        "200812": "43.25",
        "200901": "44.27",
        "200902": "49.23",
        "200903": "59.57",
        "200904": "67.20",
        "200905": "83.52",
        "200906": "81.90",
        "200907": "91.72",
        "200908": "89.26",
        "200909": "99.39",
        "200910": "99.98",
        "200911": "94.77",
        "200912": "112.85",
        "201001": "106.74",
        "201002": "91.51",
        "201003": "97.30",
        "201004": "101.19",
        "201005": "89.72",
        "201006": "84.60",
        "201007": "90.15",
        "201008": "85.82",
        "201009": "86.49",
        "201010": "84.44",
        "201011": "83.75",
        "201012": "84.03",
        "201101": "86.12",
        "201102": "86.99",
        "201103": "84.54",
        "201104": "83.24",
        "201105": "78.83",
        "201106": "77.19",
        "201107": "67.80",
        "201108": "52.90",
        "201109": "53.37",
        "201110": "56.63",
        "201111": "53.72",
        "201112": "51.24",
        "201201": "52.75",
        "201202": "62.10",
        "201203": "64.11",
        "201204": "60.92",
        "201205": "55.81",
        "201206": "49.84",
        "201207": "48.65",
        "201208": "47.90",
        "201209": "46.98",
        "201210": "39.79",
        "201211": "32.71",
        "201212": "37.20",
        "201301": "40.46",
        "201302": "41.75",
        "201303": "46.31",
        "201304": "47.48",
        "201305": "50.98",
        "201306": "53.19",
        "201307": "49.17",
        "201308": "47.27",
        "201309": "51.36",
        "201310": "54.78",
        "201311": "53.86",
        "201312": "61.25",
        "201401": "73.60",
        "201402": "73.21",
        "201403": "78.26",
        "201404": "74.13",
        "201405": "69.61",
        "201406": "73.80",
        "201407": "75.80",
        "201408": "66.53",
        "201409": "63.80",
        "201410": "59.91",
        "201411": "62.22",
        "201412": "67.47",
        "201501": "72.54",
        "201502": "77.78",
        "201503": "76.67",
        "201504": "70.13",
        "201505": "70.17",
        "201506": "62.93",
        "201507": "53.28",
        "201508": "40.80",
        "201509": "47.90",
        "201510": "49.17",
        "201511": "46.48",
        "201512": "46.71",
        "201601": "50.12",
        "201602": "56.67",
        "201603": "54.95",
        "201604": "47.31",
        "201605": "46.12",
        "201606": "48.16",
        "201607": "54.12",
        "201608": "50.07",
        "201609": "50.90",
        "201610": "49.05",
        "201611": "45.91",
        "201612": "46.38",
        "201701": "48.02",
        "201702": "48.72",
        "201703": "48.52",
        "201704": "47.21",
        "201705": "48.38",
        "201706": "48.64",
        "201707": "48.90",
        "201708": "45.75",
        "201709": "46.37",
        "201710": "46.86",
        "201711": "46.58",
        "201712": "44.74",
        "201801": "45.20",
        "201802": "45.41",
        "201803": "45.55",
        "201804": "43.50",
        "201805": "40.25",
        "201806": "40.61",
        "201807": "38.52",
        "201808": "34.92",
        "201809": "30.81",
        "201810": "28.89",
        "201811": "28.63",
        "201812": "30.33",
        "201901": "30.11",
        "201902": "31.11",
        "201903": "31.95",
        "201904": "30.87",
        "201905": "28.54",
        "201906": "28.61",
        "201907": "29.38",
        "201908": "27.53",
        "201909": "28.47",
        "201910": "27.48",
        "201911": "31.10",
        "201912": "34.56",
        "202001": "36.51",
        "202002": "35.21",
        "202003": "27.12",
        "202004": "29.07",
        "202005": "32.58",
        "202006": "32.26",
        "202007": "33.22",
        "202008": "35.17",
        "202009": "37.12",
        "202010": "38.68",
        "202011": "37.76",
        "202012": "38.04",
        "202101": "44.80",
        "202102": "43.99",
        "202103": "44.95",
        "202104": "47.41",
        "202105": "43.05",
        "202106": "50.13",
        "202107": "57.31",
        "202108": "58.24",
        "202109": "51.63",
        "202110": "46.86",
        "202111": "51.26",
        "202112": "51.62",
        "202201": "53.64",
        "202202": "53.07",
        "202203": "49.00",
        "202204": "45.69",
        "202205": "43.87",
        "202206": "43.13",
        "202207": "40.61",
        "202208": "38.69",
        "202209": "37.31",
        "202210": "34.80",
        "202211": "36.56",
        "202212": "37.71",
        "202301": "37.18",
        "202302": "37.81",
        "202303": "39.42",
        "202304": "40.11",
        "202305": "43.51",
        "202306": "49.78",
        "202307": "53.07",
        "202308": "47.53",
        "202309": "47.25",
        "202310": "44.82",
        "202311": "45.75",
        "202312": "47.33"
    },
    "quarters": {
        "20011": {
            "year_quarter": 20011,
            "year": 2001,
            "quarter": 1,
            "eps": 0.09,
            "eps_growth_year": -77.5,
            "eps_4q": 1.29,
            "eps_4q_growth_year": -20.74,
            "roe": 0.47,
            "roe_4q": 0.47,
            "gross_profit": 129158,
            "gross_margin": 20.31,
            "gross_margin_4q_avg": 20.31,
            "net_income": 15359,
            "net_income_4q": null,
            "revenue": 636008,
            "revenue_4q": null,
            "common_shares": 1683439,
            "book_valuer_per_share": 19.63,
            "book_valuer_per_share_4q_avg": 19.63,
            "equity": 3304196,
            "current_ratio": 200.93,
            "debt_ratio": 31.68,
            "inventory_turnover_ratio": 0.7,
            "account_receivable_turnover_ratio": null,
            "reinvestment_rate": null,
            "research_to_sale_ratio": null,
            "price_fair": 0,
            "eps_avg_yearly": 0,
            "eps_latest_yearly": 0,
            "eps_growth_yearly": 0
        },
        "20012": {
            "year_quarter": 20012,
            "year": 2001,
            "quarter": 2,
            "eps": 0,
            "eps_growth_year": -100,
            "eps_4q": 0.88,
            "eps_4q_growth_year": -42.24,
            "roe": 0.02,
            "roe_4q": 0.49,
            "gross_profit": 89392,
            "gross_margin": 14.29,
            "gross_margin_4q_avg": 17.3,
            "net_income": 778,
            "net_income_4q": null,
            "revenue": 625455,
            "revenue_4q": null,
            "common_shares": 1683439,
            "book_valuer_per_share": 20.21,
            "book_valuer_per_share_4q_avg": 19.92,
            "equity": 3402915,
            "current_ratio": 406.11,
            "debt_ratio": 33.38,
            "inventory_turnover_ratio": 0.99,
            "account_receivable_turnover_ratio": null,
            "reinvestment_rate": null,
            "research_to_sale_ratio": null,
            "price_fair": 0,
            "eps_avg_yearly": 0,
            "eps_latest_yearly": 0,
            "eps_growth_yearly": 0
        },
        "20013": {
            "year_quarter": 20013,
            "year": 2001,
            "quarter": 3,
            "eps": 0.2,
            "eps_growth_year": -54.55,
            "eps_4q": 0.6,
            "eps_4q_growth_year": -63.07,
            "roe": 1.11,
            "roe_4q": 1.6,
            "gross_profit": 157602,
            "gross_margin": 23.94,
            "gross_margin_4q_avg": 19.51,
            "net_income": 38011,
            "net_income_4q": null,
            "revenue": 658282,
            "revenue_4q": null,
            "common_shares": 1878933,
            "book_valuer_per_share": 18.37,
            "book_valuer_per_share_4q_avg": 19.4,
            "equity": 3452403,
            "current_ratio": 233.89,
            "debt_ratio": 30.58,
            "inventory_turnover_ratio": 1.09,
            "account_receivable_turnover_ratio": null,
            "reinvestment_rate": null,
            "research_to_sale_ratio": null,
            "price_fair": 0,
            "eps_avg_yearly": 0,
            "eps_latest_yearly": 0,
            "eps_growth_yearly": 0
        },
        "20014": {
            "year_quarter": 20014,
            "year": 2001,
            "quarter": 4,
            "eps": -0.01,
            "eps_growth_year": -102.7,
            "eps_4q": 0.27,
            "eps_4q_growth_year": -82.71,
            "roe": -0.08,
            "roe_4q": 1.52,
            "gross_profit": 157415,
            "gross_margin": 23.46,
            "gross_margin_4q_avg": 20.5,
            "net_income": -2783,
            "net_income_4q": null,
            "revenue": 670992,
            "revenue_4q": null,
            "common_shares": 1878933,
            "book_valuer_per_share": 18.34,
            "book_valuer_per_share_4q_avg": 19.14,
            "equity": 3446467,
            "current_ratio": 227.87,
            "debt_ratio": 36.98,
            "inventory_turnover_ratio": 0.95,
            "account_receivable_turnover_ratio": null,
            "reinvestment_rate": null,
            "research_to_sale_ratio": null,
            "price_fair": 0,
            "eps_avg_yearly": 0,
            "eps_latest_yearly": 0,
            "eps_growth_yearly": 0
        },
        "20021": {
            "year_quarter": 20021,
            "year": 2002,
            "quarter": 1,
            "eps": 0.42,
            "eps_growth_year": 366.67,
            "eps_4q": 0.61,
            "eps_4q_growth_year": -52.55,
            "roe": 2.26,
            "roe_4q": 3.31,
            "gross_profit": 188871,
            "gross_margin": 25.56,
            "gross_margin_4q_avg": 21.81,
            "net_income": 78689,
            "net_income_4q": null,
            "revenue": 739067,
            "revenue_4q": null,
            "common_shares": 1878933,
            "book_valuer_per_share": 18.77,
            "book_valuer_per_share_4q_avg": 18.92,
            "equity": 3527518,
            "current_ratio": 218.85,
            "debt_ratio": 32,
            "inventory_turnover_ratio": 0.99,
            "account_receivable_turnover_ratio": null,
            "reinvestment_rate": null,
            "research_to_sale_ratio": null,
            "price_fair": 0,
            "eps_avg_yearly": 0,
            "eps_latest_yearly": 0,
            "eps_growth_yearly": 0
        },
        "20022": {
            "year_quarter": 20022,
            "year": 2002,
            "quarter": 2,
            "eps": 0.56,
            "eps_growth_year": null,
            "eps_4q": 1.13,
            "eps_4q_growth_year": 28.91,
            "roe": 3.05,
            "roe_4q": 6.34,
            "gross_profit": 250240,
            "gross_margin": 24.64,
            "gross_margin_4q_avg": 24.4,
            "net_income": 111512,
            "net_income_4q": null,
            "revenue": 1015511,
            "revenue_4q": null,
            "common_shares": 1879369,
            "book_valuer_per_share": 20.15,
            "book_valuer_per_share_4q_avg": 18.91,
            "equity": 3786300,
            "current_ratio": 191.68,
            "debt_ratio": 32.78,
            "inventory_turnover_ratio": 1.57,
            "account_receivable_turnover_ratio": null,
            "reinvestment_rate": null,
            "research_to_sale_ratio": null,
            "price_fair": 78.4,
            "eps_avg_yearly": 2.24,
            "eps_latest_yearly": 2.24,
            "eps_growth_yearly": 133.33
        },
        "20023": {
            "year_quarter": 20023,
            "year": 2002,
            "quarter": 3,
            "eps": 0.6,
            "eps_growth_year": 200,
            "eps_4q": 1.51,
            "eps_4q_growth_year": 148.81,
            "roe": 3.08,
            "roe_4q": 8.31,
            "gross_profit": 255486,
            "gross_margin": 25.3,
            "gross_margin_4q_avg": 24.74,
            "net_income": 124240,
            "net_income_4q": null,
            "revenue": 1009663,
            "revenue_4q": null,
            "common_shares": 2180167,
            "book_valuer_per_share": 19.64,
            "book_valuer_per_share_4q_avg": 19.23,
            "equity": 4281278,
            "current_ratio": 187.22,
            "debt_ratio": 27.6,
            "inventory_turnover_ratio": 1.35,
            "account_receivable_turnover_ratio": null,
            "reinvestment_rate": null,
            "research_to_sale_ratio": null,
            "price_fair": 81.2,
            "eps_avg_yearly": 2.32,
            "eps_latest_yearly": 2.4,
            "eps_growth_yearly": 80.95
        },
        "20024": {
            "year_quarter": 20024,
            "year": 2002,
            "quarter": 4,
            "eps": 1.13,
            "eps_growth_year": null,
            "eps_4q": 2.65,
            "eps_4q_growth_year": 880.65,
            "roe": 5.24,
            "roe_4q": 13.63,
            "gross_profit": 314600,
            "gross_margin": 29.53,
            "gross_margin_4q_avg": 26.26,
            "net_income": 234085,
            "net_income_4q": null,
            "revenue": 1065219,
            "revenue_4q": null,
            "common_shares": 2256348,
            "book_valuer_per_share": 20.6,
            "book_valuer_per_share_4q_avg": 19.79,
            "equity": 4648157,
            "current_ratio": 234.19,
            "debt_ratio": 25.19,
            "inventory_turnover_ratio": 1.09,
            "account_receivable_turnover_ratio": null,
            "reinvestment_rate": 39.24,
            "research_to_sale_ratio": null,
            "price_fair": 106.87,
            "eps_avg_yearly": 3.05,
            "eps_latest_yearly": 4.52,
            "eps_growth_yearly": 171.75
        },
        "20031": {
            "year_quarter": 20031,
            "year": 2003,
            "quarter": 1,
            "eps": 0.94,
            "eps_growth_year": 123.81,
            "eps_4q": 3.04,
            "eps_4q_growth_year": 396.39,
            "roe": 4.42,
            "roe_4q": 15.79,
            "gross_profit": 371221,
            "gross_margin": 30.75,
            "gross_margin_4q_avg": 27.56,
            "net_income": 210429,
            "net_income_4q": null,
            "revenue": 1207408,
            "revenue_4q": null,
            "common_shares": 2256348,
            "book_valuer_per_share": 21.63,
            "book_valuer_per_share_4q_avg": 20.51,
            "equity": 4881029,
            "current_ratio": 170.4,
            "debt_ratio": 30.13,
            "inventory_turnover_ratio": 1.14,
            "account_receivable_turnover_ratio": null,
            "reinvestment_rate": 7.7,
            "research_to_sale_ratio": null,
            "price_fair": 113.05,
            "eps_avg_yearly": 3.23,
            "eps_latest_yearly": 3.76,
            "eps_growth_yearly": 112
        },
        "20032": {
            "year_quarter": 20032,
            "year": 2003,
            "quarter": 2,
            "eps": 0.94,
            "eps_growth_year": 67.86,
            "eps_4q": 3.25,
            "eps_4q_growth_year": 187.27,
            "roe": 4.78,
            "roe_4q": 17.52,
            "gross_profit": 321591,
            "gross_margin": 27.22,
            "gross_margin_4q_avg": 28.2,
            "net_income": 231234,
            "net_income_4q": null,
            "revenue": 1181367,
            "revenue_4q": null,
            "common_shares": 2266169,
            "book_valuer_per_share": 21.17,
            "book_valuer_per_share_4q_avg": 20.76,
            "equity": 4797049,
            "current_ratio": 159.31,
            "debt_ratio": 29.51,
            "inventory_turnover_ratio": 1.23,
            "account_receivable_turnover_ratio": null,
            "reinvestment_rate": 4.34,
            "research_to_sale_ratio": null,
            "price_fair": 116.76,
            "eps_avg_yearly": 3.34,
            "eps_latest_yearly": 3.76,
            "eps_growth_yearly": 89.6
        },
        "20033": {
            "year_quarter": 20033,
            "year": 2003,
            "quarter": 3,
            "eps": 0.92,
            "eps_growth_year": 53.33,
            "eps_4q": 3.67,
            "eps_4q_growth_year": 143.74,
            "roe": 4.61,
            "roe_4q": 19.05,
            "gross_profit": 299915,
            "gross_margin": 25.79,
            "gross_margin_4q_avg": 28.32,
            "net_income": 226188,
            "net_income_4q": null,
            "revenue": 1162891,
            "revenue_4q": null,
            "common_shares": 2464267,
            "book_valuer_per_share": 20.32,
            "book_valuer_per_share_4q_avg": 20.93,
            "equity": 5008207,
            "current_ratio": 183.15,
            "debt_ratio": 25.57,
            "inventory_turnover_ratio": 1.32,
            "account_receivable_turnover_ratio": null,
            "reinvestment_rate": -0.32,
            "research_to_sale_ratio": null,
            "price_fair": 118.77,
            "eps_avg_yearly": 3.39,
            "eps_latest_yearly": 3.68,
            "eps_growth_yearly": 73.25
        },
        "20034": {
            "year_quarter": 20034,
            "year": 2003,
            "quarter": 4,
            "eps": 1.18,
            "eps_growth_year": 4.42,
            "eps_4q": 3.89,
            "eps_4q_growth_year": 47.03,
            "roe": 5.67,
            "roe_4q": 19.480000000000004,
            "gross_profit": 437078,
            "gross_margin": 28.97,
            "gross_margin_4q_avg": 28.18,
            "net_income": 290454,
            "net_income_4q": null,
            "revenue": 1508557,
            "revenue_4q": null,
            "common_shares": 2464267,
            "book_valuer_per_share": 21.24,
            "book_valuer_per_share_4q_avg": 21.09,
            "equity": 5237471,
            "current_ratio": 196.32,
            "debt_ratio": 27.61,
            "inventory_turnover_ratio": 1.5,
            "account_receivable_turnover_ratio": null,
            "reinvestment_rate": 21.16,
            "research_to_sale_ratio": null,
            "price_fair": 125.4,
            "eps_avg_yearly": 3.58,
            "eps_latest_yearly": 4.72,
            "eps_growth_yearly": 78.93
        },
        "20041": {
            "year_quarter": 20041,
            "year": 2004,
            "quarter": 1,
            "eps": 1.04,
            "eps_growth_year": 10.64,
            "eps_4q": 4.1,
            "eps_4q_growth_year": 34.91,
            "roe": 4.75,
            "roe_4q": 19.810000000000002,
            "gross_profit": 478408,
            "gross_margin": 31.77,
            "gross_margin_4q_avg": 28.44,
            "net_income": 254205,
            "net_income_4q": null,
            "revenue": 1505642,
            "revenue_4q": null,
            "common_shares": 2464267,
            "book_valuer_per_share": 22.19,
            "book_valuer_per_share_4q_avg": 21.23,
            "equity": 5467081,
            "current_ratio": 230.21,
            "debt_ratio": 37.19,
            "inventory_turnover_ratio": 1.34,
            "account_receivable_turnover_ratio": null,
            "reinvestment_rate": 9.09,
            "research_to_sale_ratio": null,
            "price_fair": 127.93,
            "eps_avg_yearly": 3.66,
            "eps_latest_yearly": 4.16,
            "eps_growth_yearly": 63.13
        },
        "20042": {
            "year_quarter": 20042,
            "year": 2004,
            "quarter": 2,
            "eps": 1.45,
            "eps_growth_year": 54.26,
            "eps_4q": 4.28,
            "eps_4q_growth_year": 31.65,
            "roe": 7.32,
            "roe_4q": 22.35,
            "gross_profit": 398856,
            "gross_margin": 24.09,
            "gross_margin_4q_avg": 27.66,
            "net_income": 394763,
            "net_income_4q": null,
            "revenue": 1655726,
            "revenue_4q": null,
            "common_shares": 2464267,
            "book_valuer_per_share": 21.55,
            "book_valuer_per_share_4q_avg": 21.33,
            "equity": 5311714,
            "current_ratio": 176.54,
            "debt_ratio": 44.32,
            "inventory_turnover_ratio": 1.6,
            "account_receivable_turnover_ratio": null,
            "reinvestment_rate": 5.59,
            "research_to_sale_ratio": null,
            "price_fair": 136.27,
            "eps_avg_yearly": 3.89,
            "eps_latest_yearly": 5.8,
            "eps_growth_yearly": 73.64
        },
        "20043": {
            "year_quarter": 20043,
            "year": 2004,
            "quarter": 3,
            "eps": 1.09,
            "eps_growth_year": 18.48,
            "eps_4q": 4.52,
            "eps_4q_growth_year": 23.33,
            "roe": 5.46,
            "roe_4q": 23.200000000000003,
            "gross_profit": 432706,
            "gross_margin": 29.01,
            "gross_margin_4q_avg": 28.46,
            "net_income": 298136,
            "net_income_4q": null,
            "revenue": 1491363,
            "revenue_4q": null,
            "common_shares": 2736647,
            "book_valuer_per_share": 20.52,
            "book_valuer_per_share_4q_avg": 21.38,
            "equity": 5614838,
            "current_ratio": 220.16,
            "debt_ratio": 37.74,
            "inventory_turnover_ratio": 1.41,
            "account_receivable_turnover_ratio": null,
            "reinvestment_rate": 0.8,
            "research_to_sale_ratio": null,
            "price_fair": 137.9,
            "eps_avg_yearly": 3.94,
            "eps_latest_yearly": 4.36,
            "eps_growth_yearly": 56.34
        },
        "20044": {
            "year_quarter": 20044,
            "year": 2004,
            "quarter": 4,
            "eps": 0.74,
            "eps_growth_year": -37.29,
            "eps_4q": 4.2,
            "eps_4q_growth_year": 7.97,
            "roe": 3.53,
            "roe_4q": 21.060000000000002,
            "gross_profit": 344408,
            "gross_margin": 26.4,
            "gross_margin_4q_avg": 27.82,
            "net_income": 202362,
            "net_income_4q": null,
            "revenue": 1304707,
            "revenue_4q": null,
            "common_shares": 2736647,
            "book_valuer_per_share": 21.36,
            "book_valuer_per_share_4q_avg": 21.41,
            "equity": 5852506,
            "current_ratio": 311.06,
            "debt_ratio": 31.44,
            "inventory_turnover_ratio": 1.5,
            "account_receivable_turnover_ratio": null,
            "reinvestment_rate": 13.44,
            "research_to_sale_ratio": null,
            "price_fair": 134.78,
            "eps_avg_yearly": 3.85,
            "eps_latest_yearly": 2.96,
            "eps_growth_yearly": 39.55
        },
        "20051": {
            "year_quarter": 20051,
            "year": 2005,
            "quarter": 1,
            "eps": 0.61,
            "eps_growth_year": -41.35,
            "eps_4q": 3.91,
            "eps_4q_growth_year": -4.68,
            "roe": 2.81,
            "roe_4q": 19.12,
            "gross_profit": 354645,
            "gross_margin": 25.98,
            "gross_margin_4q_avg": 26.37,
            "net_income": 165606,
            "net_income_4q": null,
            "revenue": 1365268,
            "revenue_4q": null,
            "common_shares": 2736647,
            "book_valuer_per_share": 21.7,
            "book_valuer_per_share_4q_avg": 21.28,
            "equity": 5938253,
            "current_ratio": 170.42,
            "debt_ratio": 31.51,
            "inventory_turnover_ratio": 1.79,
            "account_receivable_turnover_ratio": null,
            "reinvestment_rate": -2.93,
            "research_to_sale_ratio": null,
            "price_fair": 130.67,
            "eps_avg_yearly": 3.73,
            "eps_latest_yearly": 2.44,
            "eps_growth_yearly": 30.39
        },
        "20052": {
            "year_quarter": 20052,
            "year": 2005,
            "quarter": 2,
            "eps": 0.93,
            "eps_growth_year": -35.86,
            "eps_4q": 3.24,
            "eps_4q_growth_year": -24.44,
            "roe": 4.73,
            "roe_4q": 16.53,
            "gross_profit": 449241,
            "gross_margin": 29.66,
            "gross_margin_4q_avg": 27.76,
            "net_income": 268736,
            "net_income_4q": null,
            "revenue": 1514468,
            "revenue_4q": null,
            "common_shares": 2736647,
            "book_valuer_per_share": 19.81,
            "book_valuer_per_share_4q_avg": 20.85,
            "equity": 5421959,
            "current_ratio": 140.49,
            "debt_ratio": 39.91,
            "inventory_turnover_ratio": 2.09,
            "account_receivable_turnover_ratio": null,
            "reinvestment_rate": 3.42,
            "research_to_sale_ratio": null,
            "price_fair": 130.63,
            "eps_avg_yearly": 3.73,
            "eps_latest_yearly": 3.72,
            "eps_growth_yearly": 44.2
        },
        "20053": {
            "year_quarter": 20053,
            "year": 2005,
            "quarter": 3,
            "eps": 1.33,
            "eps_growth_year": 22.02,
            "eps_4q": 3.54,
            "eps_4q_growth_year": -21.72,
            "roe": 6.79,
            "roe_4q": 17.86,
            "gross_profit": 570232,
            "gross_margin": 31.37,
            "gross_margin_4q_avg": 28.35,
            "net_income": 382866,
            "net_income_4q": null,
            "revenue": 1817703,
            "revenue_4q": null,
            "common_shares": 2878913,
            "book_valuer_per_share": 20.36,
            "book_valuer_per_share_4q_avg": 20.81,
            "equity": 5860404,
            "current_ratio": 153.52,
            "debt_ratio": 35.98,
            "inventory_turnover_ratio": 2.55,
            "account_receivable_turnover_ratio": null,
            "reinvestment_rate": 8.26,
            "research_to_sale_ratio": null,
            "price_fair": 134.6,
            "eps_avg_yearly": 3.85,
            "eps_latest_yearly": 5.32,
            "eps_growth_yearly": 53.33
        },
        "20054": {
            "year_quarter": 20054,
            "year": 2005,
            "quarter": 4,
            "eps": 2.24,
            "eps_growth_year": 202.7,
            "eps_4q": 5.04,
            "eps_4q_growth_year": 19.94,
            "roe": 9.82,
            "roe_4q": 24.15,
            "gross_profit": 701914,
            "gross_margin": 34.43,
            "gross_margin_4q_avg": 30.36,
            "net_income": 653372,
            "net_income_4q": null,
            "revenue": 2038428,
            "revenue_4q": null,
            "common_shares": 3092217,
            "book_valuer_per_share": 24.04,
            "book_valuer_per_share_4q_avg": 21.48,
            "equity": 7444599,
            "current_ratio": 293.52,
            "debt_ratio": 23.13,
            "inventory_turnover_ratio": 2.65,
            "account_receivable_turnover_ratio": null,
            "reinvestment_rate": 14.78,
            "research_to_sale_ratio": null,
            "price_fair": 146.53,
            "eps_avg_yearly": 4.19,
            "eps_latest_yearly": 8.96,
            "eps_growth_yearly": 68.02
        },
        "20061": {
            "year_quarter": 20061,
            "year": 2006,
            "quarter": 1,
            "eps": 1.17,
            "eps_growth_year": 91.8,
            "eps_4q": 5.4,
            "eps_4q_growth_year": 38.15,
            "roe": 4.69,
            "roe_4q": 26.03,
            "gross_profit": 538905,
            "gross_margin": 32.05,
            "gross_margin_4q_avg": 31.88,
            "net_income": 361075,
            "net_income_4q": null,
            "revenue": 1681227,
            "revenue_4q": null,
            "common_shares": 3096941,
            "book_valuer_per_share": 25.71,
            "book_valuer_per_share_4q_avg": 22.48,
            "equity": 7960987,
            "current_ratio": 266.82,
            "debt_ratio": 22.34,
            "inventory_turnover_ratio": 2.19,
            "account_receivable_turnover_ratio": null,
            "reinvestment_rate": 8.07,
            "research_to_sale_ratio": null,
            "price_fair": 147.61,
            "eps_avg_yearly": 4.22,
            "eps_latest_yearly": 4.68,
            "eps_growth_yearly": 51.83
        },
        "20062": {
            "year_quarter": 20062,
            "year": 2006,
            "quarter": 2,
            "eps": 1.59,
            "eps_growth_year": 70.97,
            "eps_4q": 5.97,
            "eps_4q_growth_year": 84.42,
            "roe": 6.69,
            "roe_4q": 27.990000000000002,
            "gross_profit": 667474,
            "gross_margin": 32.59,
            "gross_margin_4q_avg": 32.61,
            "net_income": 507672,
            "net_income_4q": null,
            "revenue": 2048003,
            "revenue_4q": null,
            "common_shares": 3096941,
            "book_valuer_per_share": 23.28,
            "book_valuer_per_share_4q_avg": 23.35,
            "equity": 7210271,
            "current_ratio": 176.87,
            "debt_ratio": 33.81,
            "inventory_turnover_ratio": 2.5,
            "account_receivable_turnover_ratio": null,
            "reinvestment_rate": 7.32,
            "research_to_sale_ratio": null,
            "price_fair": 156.63,
            "eps_avg_yearly": 4.48,
            "eps_latest_yearly": 6.36,
            "eps_growth_yearly": 52.47
        },
        "20063": {
            "year_quarter": 20063,
            "year": 2006,
            "quarter": 3,
            "eps": 1.48,
            "eps_growth_year": 11.28,
            "eps_4q": 6.25,
            "eps_4q_growth_year": 76.42,
            "roe": 6.34,
            "roe_4q": 27.540000000000003,
            "gross_profit": 693238,
            "gross_margin": 33,
            "gross_margin_4q_avg": 33.02,
            "net_income": 472412,
            "net_income_4q": null,
            "revenue": 2100819,
            "revenue_4q": null,
            "common_shares": 3200840,
            "book_valuer_per_share": 24.06,
            "book_valuer_per_share_4q_avg": 24.27,
            "equity": 7701217,
            "current_ratio": 220.94,
            "debt_ratio": 26.87,
            "inventory_turnover_ratio": 2.28,
            "account_receivable_turnover_ratio": null,
            "reinvestment_rate": 6.88,
            "research_to_sale_ratio": null,
            "price_fair": 164.33,
            "eps_avg_yearly": 4.7,
            "eps_latest_yearly": 5.92,
            "eps_growth_yearly": 48.95
        },
        "20064": {
            "year_quarter": 20064,
            "year": 2006,
            "quarter": 4,
            "eps": 1.72,
            "eps_growth_year": -23.21,
            "eps_4q": 5.91,
            "eps_4q_growth_year": 17.18,
            "roe": 6.86,
            "roe_4q": 24.580000000000002,
            "gross_profit": 676630,
            "gross_margin": 31.93,
            "gross_margin_4q_avg": 32.39,
            "net_income": 550819,
            "net_income_4q": null,
            "revenue": 2119323,
            "revenue_4q": null,
            "common_shares": 3200840,
            "book_valuer_per_share": 26.08,
            "book_valuer_per_share_4q_avg": 24.78,
            "equity": 8366737,
            "current_ratio": 314.02,
            "debt_ratio": 34.95,
            "inventory_turnover_ratio": 2.08,
            "account_receivable_turnover_ratio": null,
            "reinvestment_rate": 20.27,
            "research_to_sale_ratio": null,
            "price_fair": 169.49,
            "eps_avg_yearly": 4.84,
            "eps_latest_yearly": 6.88,
            "eps_growth_yearly": 30.92
        },
        "20071": {
            "year_quarter": 20071,
            "year": 2007,
            "quarter": 1,
            "eps": 1.33,
            "eps_growth_year": 13.68,
            "eps_4q": 6.12,
            "eps_4q_growth_year": 13.44,
            "roe": 4.94,
            "roe_4q": 24.830000000000002,
            "gross_profit": 587346,
            "gross_margin": 29.89,
            "gross_margin_4q_avg": 31.85,
            "net_income": 424705,
            "net_income_4q": null,
            "revenue": 1965294,
            "revenue_4q": null,
            "common_shares": 3202462,
            "book_valuer_per_share": 27.58,
            "book_valuer_per_share_4q_avg": 25.25,
            "equity": 8831092,
            "current_ratio": 291.75,
            "debt_ratio": 31.97,
            "inventory_turnover_ratio": 1.82,
            "account_receivable_turnover_ratio": null,
            "reinvestment_rate": 3.6,
            "research_to_sale_ratio": null,
            "price_fair": 172.9,
            "eps_avg_yearly": 4.94,
            "eps_latest_yearly": 5.32,
            "eps_growth_yearly": 29.46
        },
        "20072": {
            "year_quarter": 20072,
            "year": 2007,
            "quarter": 2,
            "eps": 1.21,
            "eps_growth_year": -23.9,
            "eps_4q": 5.59,
            "eps_4q_growth_year": -6.24,
            "roe": 4.81,
            "roe_4q": 22.95,
            "gross_profit": 621199,
            "gross_margin": 27.36,
            "gross_margin_4q_avg": 30.55,
            "net_income": 399612,
            "net_income_4q": null,
            "revenue": 2270747,
            "revenue_4q": null,
            "common_shares": 3202513,
            "book_valuer_per_share": 24.32,
            "book_valuer_per_share_4q_avg": 25.51,
            "equity": 7789744,
            "current_ratio": 178.79,
            "debt_ratio": 42.46,
            "inventory_turnover_ratio": 2.37,
            "account_receivable_turnover_ratio": null,
            "reinvestment_rate": 5.09,
            "research_to_sale_ratio": null,
            "price_fair": 175.26,
            "eps_avg_yearly": 5.01,
            "eps_latest_yearly": 4.84,
            "eps_growth_yearly": 27.2
        },
        "20073": {
            "year_quarter": 20073,
            "year": 2007,
            "quarter": 3,
            "eps": 1.84,
            "eps_growth_year": 24.32,
            "eps_4q": 5.96,
            "eps_4q_growth_year": -4.62,
            "roe": 7.34,
            "roe_4q": 23.95,
            "gross_profit": 881506,
            "gross_margin": 31.57,
            "gross_margin_4q_avg": 30.19,
            "net_income": 614172,
            "net_income_4q": null,
            "revenue": 2792026,
            "revenue_4q": null,
            "common_shares": 3455548,
            "book_valuer_per_share": 25.88,
            "book_valuer_per_share_4q_avg": 25.97,
            "equity": 8942426,
            "current_ratio": 182.33,
            "debt_ratio": 36.98,
            "inventory_turnover_ratio": 2.89,
            "account_receivable_turnover_ratio": null,
            "reinvestment_rate": 5.39,
            "research_to_sale_ratio": null,
            "price_fair": 183.31,
            "eps_avg_yearly": 5.24,
            "eps_latest_yearly": 7.36,
            "eps_growth_yearly": 40.75
        },
        "20074": {
            "year_quarter": 20074,
            "year": 2007,
            "quarter": 4,
            "eps": 2.29,
            "eps_growth_year": 33.14,
            "eps_4q": 6.56,
            "eps_4q_growth_year": 11.03,
            "roe": 8.03,
            "roe_4q": 25.12,
            "gross_profit": 942284,
            "gross_margin": 33.36,
            "gross_margin_4q_avg": 30.55,
            "net_income": 771502,
            "net_income_4q": null,
            "revenue": 2824645,
            "revenue_4q": null,
            "common_shares": 3509970,
            "book_valuer_per_share": 29.23,
            "book_valuer_per_share_4q_avg": 26.75,
            "equity": 10282431,
            "current_ratio": 257.75,
            "debt_ratio": 41.76,
            "inventory_turnover_ratio": 2.3,
            "account_receivable_turnover_ratio": null,
            "reinvestment_rate": 26.06,
            "research_to_sale_ratio": null,
            "price_fair": 193.03,
            "eps_avg_yearly": 5.52,
            "eps_latest_yearly": 9.16,
            "eps_growth_yearly": 39.8
        },
        "20081": {
            "year_quarter": 20081,
            "year": 2008,
            "quarter": 1,
            "eps": 1.01,
            "eps_growth_year": -24.06,
            "eps_4q": 6.02,
            "eps_4q_growth_year": -1.76,
            "roe": 3.49,
            "roe_4q": 23.669999999999998,
            "gross_profit": 982926,
            "gross_margin": 34.77,
            "gross_margin_4q_avg": 31.77,
            "net_income": 359436,
            "net_income_4q": null,
            "revenue": 2826886,
            "revenue_4q": null,
            "common_shares": 3513735,
            "book_valuer_per_share": 29.32,
            "book_valuer_per_share_4q_avg": 27.19,
            "equity": 10329366,
            "current_ratio": 207.28,
            "debt_ratio": 44.76,
            "inventory_turnover_ratio": 1.59,
            "account_receivable_turnover_ratio": null,
            "reinvestment_rate": 46.2,
            "research_to_sale_ratio": null,
            "price_fair": 192.76,
            "eps_avg_yearly": 5.51,
            "eps_latest_yearly": 4.04,
            "eps_growth_yearly": 28.79
        },
        "20082": {
            "year_quarter": 20082,
            "year": 2008,
            "quarter": 2,
            "eps": 0.8,
            "eps_growth_year": -33.88,
            "eps_4q": 5.51,
            "eps_4q_growth_year": -1.5,
            "roe": 3.01,
            "roe_4q": 21.869999999999997,
            "gross_profit": 776224,
            "gross_margin": 26.97,
            "gross_margin_4q_avg": 31.67,
            "net_income": 295091,
            "net_income_4q": null,
            "revenue": 2878419,
            "revenue_4q": null,
            "common_shares": 3513735,
            "book_valuer_per_share": 26.34,
            "book_valuer_per_share_4q_avg": 27.69,
            "equity": 9288699,
            "current_ratio": 143.67,
            "debt_ratio": 50.35,
            "inventory_turnover_ratio": 1.68,
            "account_receivable_turnover_ratio": null,
            "reinvestment_rate": 56.77,
            "research_to_sale_ratio": null,
            "price_fair": 126.88,
            "eps_avg_yearly": 5.35,
            "eps_latest_yearly": 3.2,
            "eps_growth_yearly": 13.74
        },
        "20083": {
            "year_quarter": 20083,
            "year": 2008,
            "quarter": 3,
            "eps": 1.33,
            "eps_growth_year": -27.72,
            "eps_4q": 5.19,
            "eps_4q_growth_year": -12.87,
            "roe": 5.12,
            "roe_4q": 19.65,
            "gross_profit": 889844,
            "gross_margin": 29.09,
            "gross_margin_4q_avg": 31.05,
            "net_income": 487342,
            "net_income_4q": null,
            "revenue": 3058685,
            "revenue_4q": null,
            "common_shares": 3644798,
            "book_valuer_per_share": 26.7,
            "book_valuer_per_share_4q_avg": 27.9,
            "equity": 9762816,
            "current_ratio": 148.06,
            "debt_ratio": 46.25,
            "inventory_turnover_ratio": 2.07,
            "account_receivable_turnover_ratio": null,
            "reinvestment_rate": 69.12,
            "research_to_sale_ratio": null,
            "price_fair": 189.18,
            "eps_avg_yearly": 5.41,
            "eps_latest_yearly": 5.32,
            "eps_growth_yearly": 36.51
        },
        "20084": {
            "year_quarter": 20084,
            "year": 2008,
            "quarter": 4,
            "eps": 0.62,
            "eps_growth_year": -72.93,
            "eps_4q": 3.8,
            "eps_4q_growth_year": -42.11,
            "roe": 2.27,
            "roe_4q": 13.89,
            "gross_profit": 747394,
            "gross_margin": 29.23,
            "gross_margin_4q_avg": 30.02,
            "net_income": 221788,
            "net_income_4q": null,
            "revenue": 2557301,
            "revenue_4q": null,
            "common_shares": 3646048,
            "book_valuer_per_share": 26.81,
            "book_valuer_per_share_4q_avg": 27.29,
            "equity": 9803323,
            "current_ratio": 143.17,
            "debt_ratio": 42.21,
            "inventory_turnover_ratio": 2.06,
            "account_receivable_turnover_ratio": 1.84,
            "reinvestment_rate": 60.24,
            "research_to_sale_ratio": null,
            "price_fair": 188.13,
            "eps_avg_yearly": 5.38,
            "eps_latest_yearly": 2.48,
            "eps_growth_yearly": 31.19
        },
        "20091": {
            "year_quarter": 20091,
            "year": 2009,
            "quarter": 1,
            "eps": 0.59,
            "eps_growth_year": -41.58,
            "eps_4q": 3.34,
            "eps_4q_growth_year": -44.44,
            "roe": 2.17,
            "roe_4q": 12.569999999999999,
            "gross_profit": 568193,
            "gross_margin": 28.93,
            "gross_margin_4q_avg": 28.56,
            "net_income": 214649,
            "net_income_4q": null,
            "revenue": 1963799,
            "revenue_4q": null,
            "common_shares": 3646048,
            "book_valuer_per_share": 27.3,
            "book_valuer_per_share_4q_avg": 26.79,
            "equity": 9981260,
            "current_ratio": 158.42,
            "debt_ratio": 39.8,
            "inventory_turnover_ratio": 1.79,
            "account_receivable_turnover_ratio": 0.79,
            "reinvestment_rate": 71.03,
            "research_to_sale_ratio": null,
            "price_fair": 187.95,
            "eps_avg_yearly": 5.37,
            "eps_latest_yearly": 2.36,
            "eps_growth_yearly": 34.37
        },
        "20092": {
            "year_quarter": 20092,
            "year": 2009,
            "quarter": 2,
            "eps": 1.14,
            "eps_growth_year": 42.5,
            "eps_4q": 3.69,
            "eps_4q_growth_year": -33.11,
            "roe": 4.34,
            "roe_4q": 13.899999999999999,
            "gross_profit": 1038176,
            "gross_margin": 37.47,
            "gross_margin_4q_avg": 31.18,
            "net_income": 414731,
            "net_income_4q": null,
            "revenue": 2770943,
            "revenue_4q": null,
            "common_shares": 3646048,
            "book_valuer_per_share": 24.93,
            "book_valuer_per_share_4q_avg": 26.44,
            "equity": 9118028,
            "current_ratio": 117.96,
            "debt_ratio": 47.67,
            "inventory_turnover_ratio": 2.25,
            "account_receivable_turnover_ratio": 1.12,
            "reinvestment_rate": 69.93,
            "research_to_sale_ratio": null,
            "price_fair": 189.79,
            "eps_avg_yearly": 5.42,
            "eps_latest_yearly": 4.56,
            "eps_growth_yearly": 44.56
        },
        "20093": {
            "year_quarter": 20093,
            "year": 2009,
            "quarter": 3,
            "eps": 1.55,
            "eps_growth_year": 16.54,
            "eps_4q": 3.88,
            "eps_4q_growth_year": -25.19,
            "roe": 6.03,
            "roe_4q": 14.81,
            "gross_profit": 1174787,
            "gross_margin": 35.56,
            "gross_margin_4q_avg": 32.8,
            "net_income": 567875,
            "net_income_4q": null,
            "revenue": 3303858,
            "revenue_4q": null,
            "common_shares": 3658825,
            "book_valuer_per_share": 26.49,
            "book_valuer_per_share_4q_avg": 26.38,
            "equity": 9721471,
            "current_ratio": 114.86,
            "debt_ratio": 51,
            "inventory_turnover_ratio": 2.49,
            "account_receivable_turnover_ratio": 1.08,
            "reinvestment_rate": 69.1,
            "research_to_sale_ratio": null,
            "price_fair": 191.71,
            "eps_avg_yearly": 5.48,
            "eps_latest_yearly": 6.2,
            "eps_growth_yearly": 42.8
        },
        "20094": {
            "year_quarter": 20094,
            "year": 2009,
            "quarter": 4,
            "eps": 1.64,
            "eps_growth_year": 164.52,
            "eps_4q": 4.39,
            "eps_4q_growth_year": 15.56,
            "roe": 4.97,
            "roe_4q": 17.509999999999998,
            "gross_profit": 1196454,
            "gross_margin": 35.54,
            "gross_margin_4q_avg": 34.38,
            "net_income": 603834,
            "net_income_4q": null,
            "revenue": 3366375,
            "revenue_4q": null,
            "common_shares": 4102342,
            "book_valuer_per_share": 35.43,
            "book_valuer_per_share_4q_avg": 28.54,
            "equity": 14569920,
            "current_ratio": 143.31,
            "debt_ratio": 43.84,
            "inventory_turnover_ratio": 2.42,
            "account_receivable_turnover_ratio": 1.66,
            "reinvestment_rate": 136.52,
            "research_to_sale_ratio": null,
            "price_fair": 186.46,
            "eps_avg_yearly": 5.33,
            "eps_latest_yearly": 6.56,
            "eps_growth_yearly": 27.15
        },
        "20101": {
            "year_quarter": 20101,
            "year": 2010,
            "quarter": 1,
            "eps": 1.3,
            "eps_growth_year": 120.34,
            "eps_4q": 5.08,
            "eps_4q_growth_year": 51.98,
            "roe": 3.64,
            "roe_4q": 18.98,
            "gross_profit": 1338306,
            "gross_margin": 36.21,
            "gross_margin_4q_avg": 36.2,
            "net_income": 545303,
            "net_income_4q": null,
            "revenue": 3696056,
            "revenue_4q": null,
            "common_shares": 4187370,
            "book_valuer_per_share": 36.66,
            "book_valuer_per_share_4q_avg": 30.88,
            "equity": 15397606,
            "current_ratio": 158.85,
            "debt_ratio": 39.88,
            "inventory_turnover_ratio": 2.25,
            "account_receivable_turnover_ratio": 0.86,
            "reinvestment_rate": 151.93,
            "research_to_sale_ratio": 3.93,
            "price_fair": 187.6,
            "eps_avg_yearly": 5.36,
            "eps_latest_yearly": 5.2,
            "eps_growth_yearly": 33.91
        },
        "20102": {
            "year_quarter": 20102,
            "year": 2010,
            "quarter": 2,
            "eps": 2.06,
            "eps_growth_year": 81.12,
            "eps_4q": 6.15,
            "eps_4q_growth_year": 66.79,
            "roe": 5.75,
            "roe_4q": 20.39,
            "gross_profit": 1584359,
            "gross_margin": 34.4,
            "gross_margin_4q_avg": 35.43,
            "net_income": 864320,
            "net_income_4q": null,
            "revenue": 4605563,
            "revenue_4q": null,
            "common_shares": 4191693,
            "book_valuer_per_share": 34.93,
            "book_valuer_per_share_4q_avg": 33.38,
            "equity": 14676212,
            "current_ratio": 116.31,
            "debt_ratio": 49.89,
            "inventory_turnover_ratio": 2.06,
            "account_receivable_turnover_ratio": 0.89,
            "reinvestment_rate": 169.47,
            "research_to_sale_ratio": 3.17,
            "price_fair": 191.71,
            "eps_avg_yearly": 5.48,
            "eps_latest_yearly": 8.24,
            "eps_growth_yearly": 39.55
        },
        "20103": {
            "year_quarter": 20103,
            "year": 2010,
            "quarter": 3,
            "eps": 1.63,
            "eps_growth_year": 5.06,
            "eps_4q": 6.42,
            "eps_4q_growth_year": 65.39,
            "roe": 4.52,
            "roe_4q": 18.88,
            "gross_profit": 1342685,
            "gross_margin": 27.1,
            "gross_margin_4q_avg": 33.31,
            "net_income": 681324,
            "net_income_4q": null,
            "revenue": 4955024,
            "revenue_4q": null,
            "common_shares": 4191693,
            "book_valuer_per_share": 36.21,
            "book_valuer_per_share_4q_avg": 35.81,
            "equity": 15463889,
            "current_ratio": 123.73,
            "debt_ratio": 46.44,
            "inventory_turnover_ratio": 2.22,
            "account_receivable_turnover_ratio": 0.81,
            "reinvestment_rate": 168.29,
            "research_to_sale_ratio": 3.58,
            "price_fair": 193.03,
            "eps_avg_yearly": 5.52,
            "eps_latest_yearly": 6.52,
            "eps_growth_yearly": 36.06
        },
        "20104": {
            "year_quarter": 20104,
            "year": 2010,
            "quarter": 4,
            "eps": 0.53,
            "eps_growth_year": -67.86,
            "eps_4q": 5.51,
            "eps_4q_growth_year": 25.58,
            "roe": 1.47,
            "roe_4q": 15.379999999999999,
            "gross_profit": 959378,
            "gross_margin": 22.77,
            "gross_margin_4q_avg": 30.12,
            "net_income": 231760,
            "net_income_4q": null,
            "revenue": 4214121,
            "revenue_4q": null,
            "common_shares": 4192013,
            "book_valuer_per_share": 36.1,
            "book_valuer_per_share_4q_avg": 35.98,
            "equity": 15997111,
            "current_ratio": 119.92,
            "debt_ratio": 45.63,
            "inventory_turnover_ratio": 2.21,
            "account_receivable_turnover_ratio": 0.72,
            "reinvestment_rate": 165.06,
            "research_to_sale_ratio": 4.77,
            "price_fair": 131.13,
            "eps_avg_yearly": 5.22,
            "eps_latest_yearly": 2.12,
            "eps_growth_yearly": 15.13
        },
        "20111": {
            "year_quarter": 20111,
            "year": 2011,
            "quarter": 1,
            "eps": 1.09,
            "eps_growth_year": -16.15,
            "eps_4q": 5.31,
            "eps_4q_growth_year": 4.52,
            "roe": 2.81,
            "roe_4q": 14.55,
            "gross_profit": 1105504,
            "gross_margin": 25.92,
            "gross_margin_4q_avg": 27.55,
            "net_income": 460053,
            "net_income_4q": null,
            "revenue": 4265853,
            "revenue_4q": null,
            "common_shares": 4192013,
            "book_valuer_per_share": 37.34,
            "book_valuer_per_share_4q_avg": 36.15,
            "equity": 16779479,
            "current_ratio": 124.05,
            "debt_ratio": 44.57,
            "inventory_turnover_ratio": 1.86,
            "account_receivable_turnover_ratio": 0.77,
            "reinvestment_rate": 187.46,
            "research_to_sale_ratio": 3.79,
            "price_fair": 180.51,
            "eps_avg_yearly": 5.16,
            "eps_latest_yearly": 4.36,
            "eps_growth_yearly": 47.22
        },
        "20112": {
            "year_quarter": 20112,
            "year": 2011,
            "quarter": 2,
            "eps": 1.03,
            "eps_growth_year": -50.27,
            "eps_4q": 4.27,
            "eps_4q_growth_year": -30.5,
            "roe": 2.63,
            "roe_4q": 11.43,
            "gross_profit": 1352508,
            "gross_margin": 24.82,
            "gross_margin_4q_avg": 25.15,
            "net_income": 425957,
            "net_income_4q": null,
            "revenue": 5450124,
            "revenue_4q": null,
            "common_shares": 4192013,
            "book_valuer_per_share": 34.61,
            "book_valuer_per_share_4q_avg": 36.07,
            "equity": 15619488,
            "current_ratio": 109.16,
            "debt_ratio": 50,
            "inventory_turnover_ratio": 1.78,
            "account_receivable_turnover_ratio": 0.9,
            "reinvestment_rate": 190.14,
            "research_to_sale_ratio": 3.53,
            "price_fair": 178.94,
            "eps_avg_yearly": 5.11,
            "eps_latest_yearly": 4.12,
            "eps_growth_yearly": 48.1
        },
        "20113": {
            "year_quarter": 20113,
            "year": 2011,
            "quarter": 3,
            "eps": 0.75,
            "eps_growth_year": -53.75,
            "eps_4q": 3.4,
            "eps_4q_growth_year": -47.12,
            "roe": 1.98,
            "roe_4q": 8.89,
            "gross_profit": 1030195,
            "gross_margin": 23.92,
            "gross_margin_4q_avg": 24.36,
            "net_income": 316897,
            "net_income_4q": null,
            "revenue": 4306637,
            "revenue_4q": null,
            "common_shares": 4192013,
            "book_valuer_per_share": 36.36,
            "book_valuer_per_share_4q_avg": 36.1,
            "equity": 16417218,
            "current_ratio": 113.13,
            "debt_ratio": 47.33,
            "inventory_turnover_ratio": 1.45,
            "account_receivable_turnover_ratio": 0.67,
            "reinvestment_rate": 202.56,
            "research_to_sale_ratio": 4.44,
            "price_fair": 169.4,
            "eps_avg_yearly": 4.84,
            "eps_latest_yearly": 3,
            "eps_growth_yearly": 28.28
        },
        "20114": {
            "year_quarter": 20114,
            "year": 2011,
            "quarter": 4,
            "eps": 0.27,
            "eps_growth_year": -48.89,
            "eps_4q": 3.14,
            "eps_4q_growth_year": -43.02,
            "roe": 0.63,
            "roe_4q": 8.05,
            "gross_profit": 1120504,
            "gross_margin": 24.25,
            "gross_margin_4q_avg": 24.73,
            "net_income": 102604,
            "net_income_4q": null,
            "revenue": 4619710,
            "revenue_4q": null,
            "common_shares": 4192013,
            "book_valuer_per_share": 36.39,
            "book_valuer_per_share_4q_avg": 36.18,
            "equity": 16409836,
            "current_ratio": 94.82,
            "debt_ratio": 48.24,
            "inventory_turnover_ratio": 1.83,
            "account_receivable_turnover_ratio": 0.71,
            "reinvestment_rate": 194.17,
            "research_to_sale_ratio": 3.74,
            "price_fair": 70.09,
            "eps_avg_yearly": 4.34,
            "eps_latest_yearly": 1.08,
            "eps_growth_yearly": 6.17
        },
        "20121": {
            "year_quarter": 20121,
            "year": 2012,
            "quarter": 1,
            "eps": 0.2,
            "eps_growth_year": -81.65,
            "eps_4q": 2.25,
            "eps_4q_growth_year": -57.7,
            "roe": 0.41,
            "roe_4q": 5.65,
            "gross_profit": 846448,
            "gross_margin": 20.15,
            "gross_margin_4q_avg": 23.29,
            "net_income": 66384,
            "net_income_4q": null,
            "revenue": 4199704,
            "revenue_4q": null,
            "common_shares": 4192013,
            "book_valuer_per_share": 36.18,
            "book_valuer_per_share_4q_avg": 35.89,
            "equity": 16286343,
            "current_ratio": 97.28,
            "debt_ratio": 44.32,
            "inventory_turnover_ratio": 1.89,
            "account_receivable_turnover_ratio": 0.68,
            "reinvestment_rate": 181.81,
            "research_to_sale_ratio": 3.9,
            "price_fair": 97.78,
            "eps_avg_yearly": 4.13,
            "eps_latest_yearly": 0.8,
            "eps_growth_yearly": 13.66
        },
        "20122": {
            "year_quarter": 20122,
            "year": 2012,
            "quarter": 2,
            "eps": 0.55,
            "eps_growth_year": -46.4,
            "eps_4q": 1.77,
            "eps_4q_growth_year": -58.57,
            "roe": 1.49,
            "roe_4q": 4.51,
            "gross_profit": 1127216,
            "gross_margin": 23.64,
            "gross_margin_4q_avg": 22.99,
            "net_income": 235175,
            "net_income_4q": null,
            "revenue": 4768521,
            "revenue_4q": null,
            "common_shares": 4192013,
            "book_valuer_per_share": 33.71,
            "book_valuer_per_share_4q_avg": 35.66,
            "equity": 15249545,
            "current_ratio": 93.88,
            "debt_ratio": 49.47,
            "inventory_turnover_ratio": 2.28,
            "account_receivable_turnover_ratio": 0.74,
            "reinvestment_rate": 165.55,
            "research_to_sale_ratio": 3.89,
            "price_fair": 142.45,
            "eps_avg_yearly": 4.07,
            "eps_latest_yearly": 2.2,
            "eps_growth_yearly": 62.61
        },
        "20123": {
            "year_quarter": 20123,
            "year": 2012,
            "quarter": 3,
            "eps": 0.55,
            "eps_growth_year": -26.85,
            "eps_4q": 1.57,
            "eps_4q_growth_year": -53.86,
            "roe": 1.54,
            "roe_4q": 4.07,
            "gross_profit": 1186152,
            "gross_margin": 23.99,
            "gross_margin_4q_avg": 23.01,
            "net_income": 232947,
            "net_income_4q": null,
            "revenue": 4943445,
            "revenue_4q": null,
            "common_shares": 4192013,
            "book_valuer_per_share": 33.5,
            "book_valuer_per_share_4q_avg": 34.95,
            "equity": 15018508,
            "current_ratio": 96.03,
            "debt_ratio": 48.91,
            "inventory_turnover_ratio": 2.28,
            "account_receivable_turnover_ratio": 0.7,
            "reinvestment_rate": 148.28,
            "research_to_sale_ratio": 3.83,
            "price_fair": 135.63,
            "eps_avg_yearly": 3.88,
            "eps_latest_yearly": 2.2,
            "eps_growth_yearly": 46.05
        },
        "20124": {
            "year_quarter": 20124,
            "year": 2012,
            "quarter": 4,
            "eps": 0,
            "eps_growth_year": -98.61,
            "eps_4q": 1.3,
            "eps_4q_growth_year": -58.53,
            "roe": 0.05,
            "roe_4q": 3.49,
            "gross_profit": 1277249,
            "gross_margin": 24.77,
            "gross_margin_4q_avg": 23.14,
            "net_income": 8010,
            "net_income_4q": null,
            "revenue": 5156511,
            "revenue_4q": null,
            "common_shares": 4192013,
            "book_valuer_per_share": 33.26,
            "book_valuer_per_share_4q_avg": 34.16,
            "equity": 14936467,
            "current_ratio": 140.56,
            "debt_ratio": 47.46,
            "inventory_turnover_ratio": 2.2,
            "account_receivable_turnover_ratio": 0.8,
            "reinvestment_rate": 135.7,
            "research_to_sale_ratio": 3.47,
            "price_fair": 138.88,
            "eps_avg_yearly": 3.97,
            "eps_latest_yearly": 2.2,
            "eps_growth_yearly": 63.35
        },
        "20131": {
            "year_quarter": 20131,
            "year": 2013,
            "quarter": 1,
            "eps": 0.53,
            "eps_growth_year": 165,
            "eps_4q": 1.63,
            "eps_4q_growth_year": -27.24,
            "roe": 1.48,
            "roe_4q": 4.5600000000000005,
            "gross_profit": 1130134,
            "gross_margin": 22.49,
            "gross_margin_4q_avg": 23.72,
            "net_income": 224316,
            "net_income_4q": null,
            "revenue": 5023999,
            "revenue_4q": null,
            "common_shares": 4192013,
            "book_valuer_per_share": 34.33,
            "book_valuer_per_share_4q_avg": 33.7,
            "equity": 15408966,
            "current_ratio": 145.09,
            "debt_ratio": 47.87,
            "inventory_turnover_ratio": 1.96,
            "account_receivable_turnover_ratio": 0.88,
            "reinvestment_rate": 140.68,
            "research_to_sale_ratio": 3.6,
            "price_fair": 142.9,
            "eps_avg_yearly": 4.08,
            "eps_latest_yearly": 2.2,
            "eps_growth_yearly": 69.26
        },
        "20132": {
            "year_quarter": 20132,
            "year": 2013,
            "quarter": 2,
            "eps": 0.92,
            "eps_growth_year": 67.16,
            "eps_4q": 2,
            "eps_4q_growth_year": 13.01,
            "roe": 2.6,
            "roe_4q": 5.67,
            "gross_profit": 1565278,
            "gross_margin": 26.37,
            "gross_margin_4q_avg": 24.41,
            "net_income": 400932,
            "net_income_4q": null,
            "revenue": 5935086,
            "revenue_4q": null,
            "common_shares": 4192013,
            "book_valuer_per_share": 34.24,
            "book_valuer_per_share_4q_avg": 33.83,
            "equity": 15400041,
            "current_ratio": 140.57,
            "debt_ratio": 50.11,
            "inventory_turnover_ratio": 1.86,
            "account_receivable_turnover_ratio": 0.94,
            "reinvestment_rate": 140.13,
            "research_to_sale_ratio": 3.42,
            "price_fair": 140.7,
            "eps_avg_yearly": 4.02,
            "eps_latest_yearly": 3.68,
            "eps_growth_yearly": 63.65
        },
        "20133": {
            "year_quarter": 20133,
            "year": 2013,
            "quarter": 3,
            "eps": 1.18,
            "eps_growth_year": 114.17,
            "eps_4q": 2.61,
            "eps_4q_growth_year": 66.4,
            "roe": 3.14,
            "roe_4q": 7.2700000000000005,
            "gross_profit": 1729874,
            "gross_margin": 24.75,
            "gross_margin_4q_avg": 24.6,
            "net_income": 486070,
            "net_income_4q": null,
            "revenue": 6988553,
            "revenue_4q": null,
            "common_shares": 4233973,
            "book_valuer_per_share": 34.55,
            "book_valuer_per_share_4q_avg": 34.1,
            "equity": 15596063,
            "current_ratio": 142.67,
            "debt_ratio": 51.26,
            "inventory_turnover_ratio": 2.07,
            "account_receivable_turnover_ratio": 1,
            "reinvestment_rate": 135.49,
            "research_to_sale_ratio": 2.71,
            "price_fair": 137,
            "eps_avg_yearly": 3.91,
            "eps_latest_yearly": 4.72,
            "eps_growth_yearly": 61.45
        },
        "20134": {
            "year_quarter": 20134,
            "year": 2013,
            "quarter": 4,
            "eps": 0.87,
            "eps_growth_year": 23141.76,
            "eps_4q": 3.47,
            "eps_4q_growth_year": 166.75,
            "roe": 2.16,
            "roe_4q": 9.38,
            "gross_profit": 1758979,
            "gross_margin": 25.95,
            "gross_margin_4q_avg": 24.89,
            "net_income": 350470,
            "net_income_4q": null,
            "revenue": 6778309,
            "revenue_4q": null,
            "common_shares": 4233973,
            "book_valuer_per_share": 37.48,
            "book_valuer_per_share_4q_avg": 35.15,
            "equity": 16831025,
            "current_ratio": 182.92,
            "debt_ratio": 52.9,
            "inventory_turnover_ratio": 2.06,
            "account_receivable_turnover_ratio": 0.97,
            "reinvestment_rate": 39.9,
            "research_to_sale_ratio": 2.73,
            "price_fair": 129.3,
            "eps_avg_yearly": 3.69,
            "eps_latest_yearly": 3.48,
            "eps_growth_yearly": 52.28
        },
        "20141": {
            "year_quarter": 20141,
            "year": 2014,
            "quarter": 1,
            "eps": 1,
            "eps_growth_year": 88.68,
            "eps_4q": 3.92,
            "eps_4q_growth_year": 140.05,
            "roe": 2.45,
            "roe_4q": 10.35,
            "gross_profit": 1604278,
            "gross_margin": 25.65,
            "gross_margin_4q_avg": 25.68,
            "net_income": 414616,
            "net_income_4q": null,
            "revenue": 6253665,
            "revenue_4q": null,
            "common_shares": 4248647,
            "book_valuer_per_share": 37.88,
            "book_valuer_per_share_4q_avg": 36.04,
            "equity": 16960508,
            "current_ratio": 181.18,
            "debt_ratio": 44.51,
            "inventory_turnover_ratio": 1.92,
            "account_receivable_turnover_ratio": 0.92,
            "reinvestment_rate": 6.11,
            "research_to_sale_ratio": 2.75,
            "price_fair": 126.3,
            "eps_avg_yearly": 3.61,
            "eps_latest_yearly": 4,
            "eps_growth_yearly": 62.48
        },
        "20142": {
            "year_quarter": 20142,
            "year": 2014,
            "quarter": 2,
            "eps": 1.16,
            "eps_growth_year": 26.09,
            "eps_4q": 4.14,
            "eps_4q_growth_year": 107.15,
            "roe": 2.94,
            "roe_4q": 10.690000000000001,
            "gross_profit": 1902697,
            "gross_margin": 24.88,
            "gross_margin_4q_avg": 25.31,
            "net_income": 492700,
            "net_income_4q": null,
            "revenue": 7647056,
            "revenue_4q": null,
            "common_shares": 4277276,
            "book_valuer_per_share": 36.77,
            "book_valuer_per_share_4q_avg": 36.67,
            "equity": 16576348,
            "current_ratio": 174.92,
            "debt_ratio": 49.73,
            "inventory_turnover_ratio": 2.26,
            "account_receivable_turnover_ratio": 1.01,
            "reinvestment_rate": -64.52,
            "research_to_sale_ratio": 2.28,
            "price_fair": 117.3,
            "eps_avg_yearly": 3.35,
            "eps_latest_yearly": 4.64,
            "eps_growth_yearly": 50.34
        },
        "20143": {
            "year_quarter": 20143,
            "year": 2014,
            "quarter": 3,
            "eps": 1.67,
            "eps_growth_year": 41.53,
            "eps_4q": 4.63,
            "eps_4q_growth_year": 77.58,
            "roe": 4.31,
            "roe_4q": 11.86,
            "gross_profit": 2083421,
            "gross_margin": 24.44,
            "gross_margin_4q_avg": 25.23,
            "net_income": 725629,
            "net_income_4q": null,
            "revenue": 8525903,
            "revenue_4q": null,
            "common_shares": 4283991,
            "book_valuer_per_share": 38.1,
            "book_valuer_per_share_4q_avg": 37.56,
            "equity": 17061063,
            "current_ratio": 176.34,
            "debt_ratio": 48.45,
            "inventory_turnover_ratio": 2.44,
            "account_receivable_turnover_ratio": 0.95,
            "reinvestment_rate": -67.47,
            "research_to_sale_ratio": 1.89,
            "price_fair": 117.7,
            "eps_avg_yearly": 3.36,
            "eps_latest_yearly": 6.68,
            "eps_growth_yearly": 68.87
        },
        "20144": {
            "year_quarter": 20144,
            "year": 2014,
            "quarter": 4,
            "eps": 1.28,
            "eps_growth_year": 47.84,
            "eps_4q": 5.06,
            "eps_4q_growth_year": 45.59,
            "roe": 3.12,
            "roe_4q": 12.82,
            "gross_profit": 1980986,
            "gross_margin": 24.33,
            "gross_margin_4q_avg": 24.83,
            "net_income": 547792,
            "net_income_4q": null,
            "revenue": 8142826,
            "revenue_4q": null,
            "common_shares": 4285435,
            "book_valuer_per_share": 40.7,
            "book_valuer_per_share_4q_avg": 38.36,
            "equity": 18080167,
            "current_ratio": 170.61,
            "debt_ratio": 48.4,
            "inventory_turnover_ratio": 2.19,
            "account_receivable_turnover_ratio": 0.87,
            "reinvestment_rate": -52.73,
            "research_to_sale_ratio": 2.71,
            "price_fair": 125.2,
            "eps_avg_yearly": 3.58,
            "eps_latest_yearly": 5.12,
            "eps_growth_yearly": 81.48
        },
        "20151": {
            "year_quarter": 20151,
            "year": 2015,
            "quarter": 1,
            "eps": 1.31,
            "eps_growth_year": 31,
            "eps_4q": 5.36,
            "eps_4q_growth_year": 36.52,
            "roe": 3.1,
            "roe_4q": 13.47,
            "gross_profit": 1787715,
            "gross_margin": 24.71,
            "gross_margin_4q_avg": 24.59,
            "net_income": 566696,
            "net_income_4q": null,
            "revenue": 7233713,
            "revenue_4q": null,
            "common_shares": 4310970,
            "book_valuer_per_share": 41.3,
            "book_valuer_per_share_4q_avg": 39.22,
            "equity": 18428919,
            "current_ratio": 186.69,
            "debt_ratio": 45.64,
            "inventory_turnover_ratio": 1.9,
            "account_receivable_turnover_ratio": 0.85,
            "reinvestment_rate": -67.06,
            "research_to_sale_ratio": 2.48,
            "price_fair": 127.4,
            "eps_avg_yearly": 3.64,
            "eps_latest_yearly": 5.24,
            "eps_growth_yearly": 51.96
        },
        "20152": {
            "year_quarter": 20152,
            "year": 2015,
            "quarter": 2,
            "eps": 0.74,
            "eps_growth_year": -36.21,
            "eps_4q": 4.95,
            "eps_4q_growth_year": 19.4,
            "roe": 1.74,
            "roe_4q": 12.27,
            "gross_profit": 1569797,
            "gross_margin": 22.25,
            "gross_margin_4q_avg": 23.93,
            "net_income": 308662,
            "net_income_4q": null,
            "revenue": 7055741,
            "revenue_4q": null,
            "common_shares": 4315983,
            "book_valuer_per_share": 38.26,
            "book_valuer_per_share_4q_avg": 39.59,
            "equity": 17126326,
            "current_ratio": 206.82,
            "debt_ratio": 55.14,
            "inventory_turnover_ratio": 2.03,
            "account_receivable_turnover_ratio": 0.87,
            "reinvestment_rate": -84.14,
            "research_to_sale_ratio": 2.75,
            "price_fair": 124.5,
            "eps_avg_yearly": 3.56,
            "eps_latest_yearly": 2.96,
            "eps_growth_yearly": 41.1
        },
        "20153": {
            "year_quarter": 20153,
            "year": 2015,
            "quarter": 3,
            "eps": 0.96,
            "eps_growth_year": -42.52,
            "eps_4q": 4.22,
            "eps_4q_growth_year": -8.86,
            "roe": 2.35,
            "roe_4q": 10.309999999999999,
            "gross_profit": 1654502,
            "gross_margin": 23.4,
            "gross_margin_4q_avg": 23.67,
            "net_income": 409616,
            "net_income_4q": null,
            "revenue": 7071256,
            "revenue_4q": null,
            "common_shares": 4358785,
            "book_valuer_per_share": 39.35,
            "book_valuer_per_share_4q_avg": 39.9,
            "equity": 17741310,
            "current_ratio": 217.61,
            "debt_ratio": 52.94,
            "inventory_turnover_ratio": 2.06,
            "account_receivable_turnover_ratio": 0.83,
            "reinvestment_rate": -78.06,
            "research_to_sale_ratio": 2.56,
            "price_fair": 126.6,
            "eps_avg_yearly": 3.62,
            "eps_latest_yearly": 3.84,
            "eps_growth_yearly": 57.36
        },
        "20154": {
            "year_quarter": 20154,
            "year": 2015,
            "quarter": 4,
            "eps": 1.26,
            "eps_growth_year": -1.91,
            "eps_4q": 4.22,
            "eps_4q_growth_year": -16.64,
            "roe": 3.06,
            "roe_4q": 10.25,
            "gross_profit": 1790755,
            "gross_margin": 23.86,
            "gross_margin_4q_avg": 23.56,
            "net_income": 548124,
            "net_income_4q": null,
            "revenue": 7504905,
            "revenue_4q": null,
            "common_shares": 4364519,
            "book_valuer_per_share": 39.98,
            "book_valuer_per_share_4q_avg": 39.72,
            "equity": 18026998,
            "current_ratio": 224.36,
            "debt_ratio": 51.67,
            "inventory_turnover_ratio": 2.2,
            "account_receivable_turnover_ratio": 0.88,
            "reinvestment_rate": -76.36,
            "research_to_sale_ratio": 2.91,
            "price_fair": 136.5,
            "eps_avg_yearly": 3.9,
            "eps_latest_yearly": 5.04,
            "eps_growth_yearly": 84.58
        },
        "20161": {
            "year_quarter": 20161,
            "year": 2016,
            "quarter": 1,
            "eps": 1.02,
            "eps_growth_year": -22.14,
            "eps_4q": 3.94,
            "eps_4q_growth_year": -26.4,
            "roe": 2.47,
            "roe_4q": 9.620000000000001,
            "gross_profit": 1739642,
            "gross_margin": 25.03,
            "gross_margin_4q_avg": 23.64,
            "net_income": 448208,
            "net_income_4q": null,
            "revenue": 6951057,
            "revenue_4q": null,
            "common_shares": 4373121,
            "book_valuer_per_share": 40.67,
            "book_valuer_per_share_4q_avg": 39.57,
            "equity": 18309742,
            "current_ratio": 175.65,
            "debt_ratio": 49.71,
            "inventory_turnover_ratio": 2.14,
            "account_receivable_turnover_ratio": 0.86,
            "reinvestment_rate": -68.37,
            "research_to_sale_ratio": 2.9,
            "price_fair": 144.7,
            "eps_avg_yearly": 4.13,
            "eps_latest_yearly": 4.08,
            "eps_growth_yearly": 86.54
        },
        "20162": {
            "year_quarter": 20162,
            "year": 2016,
            "quarter": 2,
            "eps": 1.02,
            "eps_growth_year": 37.84,
            "eps_4q": 4.24,
            "eps_4q_growth_year": -14.36,
            "roe": 2.58,
            "roe_4q": 10.46,
            "gross_profit": 1792708,
            "gross_margin": 25.1,
            "gross_margin_4q_avg": 24.35,
            "net_income": 458271,
            "net_income_4q": null,
            "revenue": 7141352,
            "revenue_4q": null,
            "common_shares": 4377169,
            "book_valuer_per_share": 38.15,
            "book_valuer_per_share_4q_avg": 39.54,
            "equity": 17220025,
            "current_ratio": 163.07,
            "debt_ratio": 53.63,
            "inventory_turnover_ratio": 2.29,
            "account_receivable_turnover_ratio": 0.91,
            "reinvestment_rate": -64.36,
            "research_to_sale_ratio": 2.73,
            "price_fair": 149.4,
            "eps_avg_yearly": 4.27,
            "eps_latest_yearly": 4.08,
            "eps_growth_yearly": 36.54
        },
        "20163": {
            "year_quarter": 20163,
            "year": 2016,
            "quarter": 3,
            "eps": 1.04,
            "eps_growth_year": 8.33,
            "eps_4q": 4.31,
            "eps_4q_growth_year": 2.01,
            "roe": 2.67,
            "roe_4q": 10.780000000000001,
            "gross_profit": 1881553,
            "gross_margin": 24.82,
            "gross_margin_4q_avg": 24.7,
            "net_income": 464282,
            "net_income_4q": null,
            "revenue": 7582044,
            "revenue_4q": null,
            "common_shares": 4400366,
            "book_valuer_per_share": 38.67,
            "book_valuer_per_share_4q_avg": 39.37,
            "equity": 17529486,
            "current_ratio": 160.48,
            "debt_ratio": 53.38,
            "inventory_turnover_ratio": 2.38,
            "account_receivable_turnover_ratio": 0.93,
            "reinvestment_rate": -48.39,
            "research_to_sale_ratio": 2.12,
            "price_fair": 154.3,
            "eps_avg_yearly": 4.41,
            "eps_latest_yearly": 4.16,
            "eps_growth_yearly": 37.1
        },
        "20164": {
            "year_quarter": 20164,
            "year": 2016,
            "quarter": 4,
            "eps": 1.05,
            "eps_growth_year": -16.83,
            "eps_4q": 4.11,
            "eps_4q_growth_year": -2.44,
            "roe": 2.66,
            "roe_4q": 10.38,
            "gross_profit": 1765955,
            "gross_margin": 23.02,
            "gross_margin_4q_avg": 24.49,
            "net_income": 468757,
            "net_income_4q": null,
            "revenue": 7672797,
            "revenue_4q": null,
            "common_shares": 4390357,
            "book_valuer_per_share": 39.48,
            "book_valuer_per_share_4q_avg": 39.24,
            "equity": 17671343,
            "current_ratio": 198.25,
            "debt_ratio": 53.4,
            "inventory_turnover_ratio": 2.37,
            "account_receivable_turnover_ratio": 0.87,
            "reinvestment_rate": -27.33,
            "research_to_sale_ratio": 2.81,
            "price_fair": 153.81,
            "eps_avg_yearly": 4.39,
            "eps_latest_yearly": 4.2,
            "eps_growth_yearly": 34.88
        },
        "20171": {
            "year_quarter": 20171,
            "year": 2017,
            "quarter": 1,
            "eps": 0.71,
            "eps_growth_year": -30.39,
            "eps_4q": 3.81,
            "eps_4q_growth_year": -3.42,
            "roe": 1.83,
            "roe_4q": 9.74,
            "gross_profit": 1618174,
            "gross_margin": 24.09,
            "gross_margin_4q_avg": 24.26,
            "net_income": 323645,
            "net_income_4q": null,
            "revenue": 6717935,
            "revenue_4q": null,
            "common_shares": 4394383,
            "book_valuer_per_share": 39.63,
            "book_valuer_per_share_4q_avg": 38.98,
            "equity": 17746554,
            "current_ratio": 209.11,
            "debt_ratio": 52.12,
            "inventory_turnover_ratio": 2.03,
            "account_receivable_turnover_ratio": 0.76,
            "reinvestment_rate": -32.94,
            "research_to_sale_ratio": 2.77,
            "price_fair": 148.73,
            "eps_avg_yearly": 4.3,
            "eps_latest_yearly": 2.84,
            "eps_growth_yearly": 24.61
        },
        "20172": {
            "year_quarter": 20172,
            "year": 2017,
            "quarter": 2,
            "eps": 0.85,
            "eps_growth_year": -16.67,
            "eps_4q": 3.64,
            "eps_4q_growth_year": -14.01,
            "roe": 2.24,
            "roe_4q": 9.4,
            "gross_profit": 1586931,
            "gross_margin": 22.7,
            "gross_margin_4q_avg": 23.66,
            "net_income": 388329,
            "net_income_4q": null,
            "revenue": 6991769,
            "revenue_4q": null,
            "common_shares": 4399313,
            "book_valuer_per_share": 37.67,
            "book_valuer_per_share_4q_avg": 38.86,
            "equity": 16912122,
            "current_ratio": 139.02,
            "debt_ratio": 55.53,
            "inventory_turnover_ratio": 2.16,
            "account_receivable_turnover_ratio": 0.81,
            "reinvestment_rate": -25.46,
            "research_to_sale_ratio": 2.88,
            "price_fair": 90.49,
            "eps_avg_yearly": 4.28,
            "eps_latest_yearly": 3.4,
            "eps_growth_yearly": 11.14
        },
        "20173": {
            "year_quarter": 20173,
            "year": 2017,
            "quarter": 3,
            "eps": 0.64,
            "eps_growth_year": -38.46,
            "eps_4q": 3.24,
            "eps_4q_growth_year": -24.71,
            "roe": 1.69,
            "roe_4q": 8.42,
            "gross_profit": 1546919,
            "gross_margin": 22.41,
            "gross_margin_4q_avg": 23.06,
            "net_income": 291397,
            "net_income_4q": null,
            "revenue": 6902951,
            "revenue_4q": null,
            "common_shares": 4403357,
            "book_valuer_per_share": 39.02,
            "book_valuer_per_share_4q_avg": 38.95,
            "equity": 17512464,
            "current_ratio": 145.92,
            "debt_ratio": 52.89,
            "inventory_turnover_ratio": 2.14,
            "account_receivable_turnover_ratio": 0.77,
            "reinvestment_rate": -19.22,
            "research_to_sale_ratio": 2.98,
            "price_fair": 12.44,
            "eps_avg_yearly": 4.15,
            "eps_latest_yearly": 2.56,
            "eps_growth_yearly": -2.1
        },
        "20174": {
            "year_quarter": 20174,
            "year": 2017,
            "quarter": 4,
            "eps": 0.53,
            "eps_growth_year": -49.01,
            "eps_4q": 2.73,
            "eps_4q_growth_year": -33.56,
            "roe": 1.36,
            "roe_4q": 7.12,
            "gross_profit": 1594388,
            "gross_margin": 23.8,
            "gross_margin_4q_avg": 23.25,
            "net_income": 242620,
            "net_income_4q": null,
            "revenue": 6697926,
            "revenue_4q": null,
            "common_shares": 4404486,
            "book_valuer_per_share": 40.52,
            "book_valuer_per_share_4q_avg": 39.21,
            "equity": 18172648,
            "current_ratio": 131.16,
            "debt_ratio": 51.12,
            "inventory_turnover_ratio": 2.02,
            "account_receivable_turnover_ratio": 0.76,
            "reinvestment_rate": -33.36,
            "research_to_sale_ratio": 3.58,
            "price_fair": 40.6,
            "eps_avg_yearly": 4.06,
            "eps_latest_yearly": 2.12,
            "eps_growth_yearly": 0.17
        },
        "20181": {
            "year_quarter": 20181,
            "year": 2018,
            "quarter": 1,
            "eps": 0.25,
            "eps_growth_year": -64.79,
            "eps_4q": 2.27,
            "eps_4q_growth_year": -40.39,
            "roe": 0.65,
            "roe_4q": 5.94,
            "gross_profit": 1369610,
            "gross_margin": 21.81,
            "gross_margin_4q_avg": 22.68,
            "net_income": 118746,
            "net_income_4q": null,
            "revenue": 6280188,
            "revenue_4q": null,
            "common_shares": 4405393,
            "book_valuer_per_share": 40.92,
            "book_valuer_per_share_4q_avg": 39.53,
            "equity": 18363706,
            "current_ratio": 132.54,
            "debt_ratio": 51.51,
            "inventory_turnover_ratio": 2.03,
            "account_receivable_turnover_ratio": 0.77,
            "reinvestment_rate": -25.49,
            "research_to_sale_ratio": 3.41,
            "price_fair": 11.62,
            "eps_avg_yearly": 3.87,
            "eps_latest_yearly": 1,
            "eps_growth_yearly": -16.77
        },
        "20182": {
            "year_quarter": 20182,
            "year": 2018,
            "quarter": 2,
            "eps": 0.54,
            "eps_growth_year": -36.47,
            "eps_4q": 1.95,
            "eps_4q_growth_year": -46.46,
            "roe": 1.44,
            "roe_4q": 5.140000000000001,
            "gross_profit": 1467545,
            "gross_margin": 24.75,
            "gross_margin_4q_avg": 23.19,
            "net_income": 256361,
            "net_income_4q": null,
            "revenue": 5929737,
            "revenue_4q": null,
            "common_shares": 4418107,
            "book_valuer_per_share": 38.16,
            "book_valuer_per_share_4q_avg": 39.66,
            "equity": 17213317,
            "current_ratio": 143.33,
            "debt_ratio": 49.2,
            "inventory_turnover_ratio": 1.95,
            "account_receivable_turnover_ratio": 0.77,
            "reinvestment_rate": -3.08,
            "research_to_sale_ratio": 4.02,
            "price_fair": 67.76,
            "eps_avg_yearly": 3.72,
            "eps_latest_yearly": 2.16,
            "eps_growth_yearly": 8.23
        },
        "20183": {
            "year_quarter": 20183,
            "year": 2018,
            "quarter": 3,
            "eps": 0.69,
            "eps_growth_year": 7.81,
            "eps_4q": 2,
            "eps_4q_growth_year": -38.27,
            "roe": 1.93,
            "roe_4q": 5.380000000000001,
            "gross_profit": 1492224,
            "gross_margin": 23.76,
            "gross_margin_4q_avg": 23.53,
            "net_income": 332902,
            "net_income_4q": null,
            "revenue": 6281673,
            "revenue_4q": null,
            "common_shares": 4428711,
            "book_valuer_per_share": 38.12,
            "book_valuer_per_share_4q_avg": 39.43,
            "equity": 17229446,
            "current_ratio": 151.85,
            "debt_ratio": 46.83,
            "inventory_turnover_ratio": 2.2,
            "account_receivable_turnover_ratio": 0.81,
            "reinvestment_rate": -10.99,
            "research_to_sale_ratio": 3.37,
            "price_fair": 49.24,
            "eps_avg_yearly": 3.47,
            "eps_latest_yearly": 2.76,
            "eps_growth_yearly": 4.18
        },
        "20184": {
            "year_quarter": 20184,
            "year": 2018,
            "quarter": 4,
            "eps": 0.32,
            "eps_growth_year": -40.11,
            "eps_4q": 1.79,
            "eps_4q_growth_year": -34.48,
            "roe": 0.9,
            "roe_4q": 4.92,
            "gross_profit": 1325199,
            "gross_margin": 23.67,
            "gross_margin_4q_avg": 23.5,
            "net_income": 155070,
            "net_income_4q": null,
            "revenue": 5597693,
            "revenue_4q": null,
            "common_shares": 4429996,
            "book_valuer_per_share": 38.35,
            "book_valuer_per_share_4q_avg": 38.89,
            "equity": 17352626,
            "current_ratio": 174.27,
            "debt_ratio": 40.34,
            "inventory_turnover_ratio": 2.15,
            "account_receivable_turnover_ratio": 0.77,
            "reinvestment_rate": -38.33,
            "research_to_sale_ratio": 3.29,
            "price_fair": 9.7,
            "eps_avg_yearly": 3.23,
            "eps_latest_yearly": 1.28,
            "eps_growth_yearly": -3.39
        },
        "20191": {
            "year_quarter": 20191,
            "year": 2019,
            "quarter": 1,
            "eps": 0.2,
            "eps_growth_year": -20,
            "eps_4q": 1.74,
            "eps_4q_growth_year": -23.3,
            "roe": 0.52,
            "roe_4q": 4.789999999999999,
            "gross_profit": 1112991,
            "gross_margin": 21.7,
            "gross_margin_4q_avg": 23.47,
            "net_income": 90770,
            "net_income_4q": null,
            "revenue": 5129190,
            "revenue_4q": null,
            "common_shares": 4430513,
            "book_valuer_per_share": 38.99,
            "book_valuer_per_share_4q_avg": 38.41,
            "equity": 17651102,
            "current_ratio": 201.56,
            "debt_ratio": 35.76,
            "inventory_turnover_ratio": 2.3,
            "account_receivable_turnover_ratio": 0.8,
            "reinvestment_rate": -35.41,
            "research_to_sale_ratio": 3.24,
            "price_fair": 8.87,
            "eps_avg_yearly": 2.96,
            "eps_latest_yearly": 0.8,
            "eps_growth_yearly": -13.35
        },
        "20192": {
            "year_quarter": 20192,
            "year": 2019,
            "quarter": 2,
            "eps": 0.49,
            "eps_growth_year": -9.26,
            "eps_4q": 1.7,
            "eps_4q_growth_year": -12.86,
            "roe": 1.34,
            "roe_4q": 4.69,
            "gross_profit": 1187670,
            "gross_margin": 22.76,
            "gross_margin_4q_avg": 22.97,
            "net_income": 232417,
            "net_income_4q": null,
            "revenue": 5218007,
            "revenue_4q": null,
            "common_shares": 4430922,
            "book_valuer_per_share": 37.74,
            "book_valuer_per_share_4q_avg": 38.3,
            "equity": 17107633,
            "current_ratio": 161.1,
            "debt_ratio": 40.28,
            "inventory_turnover_ratio": 2.55,
            "account_receivable_turnover_ratio": 0.83,
            "reinvestment_rate": -31.84,
            "research_to_sale_ratio": 3.61,
            "price_fair": 101.24,
            "eps_avg_yearly": 2.89,
            "eps_latest_yearly": 1.96,
            "eps_growth_yearly": 33.78
        },
        "20193": {
            "year_quarter": 20193,
            "year": 2019,
            "quarter": 3,
            "eps": 0.66,
            "eps_growth_year": -4.35,
            "eps_4q": 1.67,
            "eps_4q_growth_year": -16.58,
            "roe": 1.77,
            "roe_4q": 4.53,
            "gross_profit": 1341979,
            "gross_margin": 25.94,
            "gross_margin_4q_avg": 23.52,
            "net_income": 301454,
            "net_income_4q": null,
            "revenue": 5172580,
            "revenue_4q": null,
            "common_shares": 4431913,
            "book_valuer_per_share": 37.48,
            "book_valuer_per_share_4q_avg": 38.14,
            "equity": 16993072,
            "current_ratio": 165.26,
            "debt_ratio": 39.66,
            "inventory_turnover_ratio": 2.42,
            "account_receivable_turnover_ratio": 0.79,
            "reinvestment_rate": -54.5,
            "research_to_sale_ratio": 3.66,
            "price_fair": 98.61,
            "eps_avg_yearly": 2.82,
            "eps_latest_yearly": 2.64,
            "eps_growth_yearly": 35.02
        },
        "20194": {
            "year_quarter": 20194,
            "year": 2019,
            "quarter": 4,
            "eps": 0.5,
            "eps_growth_year": 57.88,
            "eps_4q": 1.86,
            "eps_4q_growth_year": 3.62,
            "roe": 1.33,
            "roe_4q": 4.960000000000001,
            "gross_profit": 1485808,
            "gross_margin": 27.28,
            "gross_margin_4q_avg": 24.42,
            "net_income": 226688,
            "net_income_4q": null,
            "revenue": 5446764,
            "revenue_4q": null,
            "common_shares": 4432457,
            "book_valuer_per_share": 38,
            "book_valuer_per_share_4q_avg": 38.05,
            "equity": 17194428,
            "current_ratio": 169.12,
            "debt_ratio": 39.35,
            "inventory_turnover_ratio": 2.3,
            "account_receivable_turnover_ratio": 0.87,
            "reinvestment_rate": -67.28,
            "research_to_sale_ratio": 3.8,
            "price_fair": 81.84,
            "eps_avg_yearly": 2.63,
            "eps_latest_yearly": 2,
            "eps_growth_yearly": 21.15
        },
        "20201": {
            "year_quarter": 20201,
            "year": 2020,
            "quarter": 1,
            "eps": 0.14,
            "eps_growth_year": -30,
            "eps_4q": 1.79,
            "eps_4q_growth_year": 3.08,
            "roe": 0.32,
            "roe_4q": 4.76,
            "gross_profit": 1007594,
            "gross_margin": 22.23,
            "gross_margin_4q_avg": 24.55,
            "net_income": 55086,
            "net_income_4q": null,
            "revenue": 4532181,
            "revenue_4q": null,
            "common_shares": 4433428,
            "book_valuer_per_share": 37.79,
            "book_valuer_per_share_4q_avg": 37.75,
            "equity": 17096706,
            "current_ratio": 166.86,
            "debt_ratio": 40.2,
            "inventory_turnover_ratio": 1.97,
            "account_receivable_turnover_ratio": 0.8,
            "reinvestment_rate": -78.32,
            "research_to_sale_ratio": 3.73,
            "price_fair": 43.12,
            "eps_avg_yearly": 2.41,
            "eps_latest_yearly": 0.56,
            "eps_growth_yearly": 7.91
        },
        "20202": {
            "year_quarter": 20202,
            "year": 2020,
            "quarter": 2,
            "eps": 0.88,
            "eps_growth_year": 79.59,
            "eps_4q": 2.18,
            "eps_4q_growth_year": 28.5,
            "roe": 2.39,
            "roe_4q": 5.8100000000000005,
            "gross_profit": 1517131,
            "gross_margin": 26.89,
            "gross_margin_4q_avg": 25.59,
            "net_income": 405221,
            "net_income_4q": null,
            "revenue": 5641429,
            "revenue_4q": null,
            "common_shares": 4433931,
            "book_valuer_per_share": 37.25,
            "book_valuer_per_share_4q_avg": 37.63,
            "equity": 16865624,
            "current_ratio": 164.85,
            "debt_ratio": 40.7,
            "inventory_turnover_ratio": 2.49,
            "account_receivable_turnover_ratio": 0.98,
            "reinvestment_rate": -75.32,
            "research_to_sale_ratio": 3.24,
            "price_fair": 83.04,
            "eps_avg_yearly": 2.37,
            "eps_latest_yearly": 3.52,
            "eps_growth_yearly": 140.05
        },
        "20203": {
            "year_quarter": 20203,
            "year": 2020,
            "quarter": 3,
            "eps": 1.04,
            "eps_growth_year": 57.58,
            "eps_4q": 2.57,
            "eps_4q_growth_year": 53.79,
            "roe": 2.74,
            "roe_4q": 6.780000000000001,
            "gross_profit": 1545293,
            "gross_margin": 26.4,
            "gross_margin_4q_avg": 25.7,
            "net_income": 470724,
            "net_income_4q": null,
            "revenue": 5852832,
            "revenue_4q": null,
            "common_shares": 4433931,
            "book_valuer_per_share": 38.56,
            "book_valuer_per_share_4q_avg": 37.9,
            "equity": 17463992,
            "current_ratio": 171.55,
            "debt_ratio": 39.77,
            "inventory_turnover_ratio": 2.63,
            "account_receivable_turnover_ratio": 0.91,
            "reinvestment_rate": -85.88,
            "research_to_sale_ratio": 3.07,
            "price_fair": 83.04,
            "eps_avg_yearly": 2.37,
            "eps_latest_yearly": 4.16,
            "eps_growth_yearly": 144.11
        },
        "20204": {
            "year_quarter": 20204,
            "year": 2020,
            "quarter": 4,
            "eps": 0.72,
            "eps_growth_year": 43.48,
            "eps_4q": 2.79,
            "eps_4q_growth_year": 50.29,
            "roe": 1.8,
            "roe_4q": 7.25,
            "gross_profit": 1348751,
            "gross_margin": 24.04,
            "gross_margin_4q_avg": 24.89,
            "net_income": 318649,
            "net_income_4q": null,
            "revenue": 5610593,
            "revenue_4q": null,
            "common_shares": 4433931,
            "book_valuer_per_share": 39.62,
            "book_valuer_per_share_4q_avg": 38.31,
            "equity": 17938690,
            "current_ratio": 171.71,
            "debt_ratio": 40.73,
            "inventory_turnover_ratio": 2.46,
            "account_receivable_turnover_ratio": 0.83,
            "reinvestment_rate": -102.58,
            "research_to_sale_ratio": 3.15,
            "price_fair": 80.15,
            "eps_avg_yearly": 2.29,
            "eps_latest_yearly": 2.88,
            "eps_growth_yearly": 136.18
        },
        "20211": {
            "year_quarter": 20211,
            "year": 2021,
            "quarter": 1,
            "eps": 1.03,
            "eps_growth_year": 635.71,
            "eps_4q": 3.68,
            "eps_4q_growth_year": 105.24,
            "roe": 2.58,
            "roe_4q": 9.51,
            "gross_profit": 1532309,
            "gross_margin": 26.03,
            "gross_margin_4q_avg": 25.84,
            "net_income": 469320,
            "net_income_4q": null,
            "revenue": 5885823,
            "revenue_4q": null,
            "common_shares": 4433931,
            "book_valuer_per_share": 40.6,
            "book_valuer_per_share_4q_avg": 39.01,
            "equity": 18382392,
            "current_ratio": 179.83,
            "debt_ratio": 39.58,
            "inventory_turnover_ratio": 2.45,
            "account_receivable_turnover_ratio": 0.84,
            "reinvestment_rate": -101.14,
            "research_to_sale_ratio": 2.92,
            "price_fair": 82.95,
            "eps_avg_yearly": 2.37,
            "eps_latest_yearly": 4.12,
            "eps_growth_yearly": 155.04
        },
        "20212": {
            "year_quarter": 20212,
            "year": 2021,
            "quarter": 2,
            "eps": 1.37,
            "eps_growth_year": 55.68,
            "eps_4q": 4.17,
            "eps_4q_growth_year": 91,
            "roe": 3.35,
            "roe_4q": 10.469999999999999,
            "gross_profit": 1878991,
            "gross_margin": 27.8,
            "gross_margin_4q_avg": 26.07,
            "net_income": 624308,
            "net_income_4q": null,
            "revenue": 6757793,
            "revenue_4q": null,
            "common_shares": 4433931,
            "book_valuer_per_share": 41.84,
            "book_valuer_per_share_4q_avg": 40.16,
            "equity": 18926103,
            "current_ratio": 181.42,
            "debt_ratio": 39.47,
            "inventory_turnover_ratio": 2.71,
            "account_receivable_turnover_ratio": 0.9,
            "reinvestment_rate": -105.85,
            "research_to_sale_ratio": 2.79,
            "price_fair": 87.5,
            "eps_avg_yearly": 2.5,
            "eps_latest_yearly": 5.48,
            "eps_growth_yearly": 158.36
        },
        "20213": {
            "year_quarter": 20213,
            "year": 2021,
            "quarter": 3,
            "eps": 1.38,
            "eps_growth_year": 32.69,
            "eps_4q": 4.5,
            "eps_4q_growth_year": 75.4,
            "roe": 3.37,
            "roe_4q": 11.100000000000001,
            "gross_profit": 1853307,
            "gross_margin": 27.99,
            "gross_margin_4q_avg": 26.47,
            "net_income": 630360,
            "net_income_4q": null,
            "revenue": 6621308,
            "revenue_4q": null,
            "common_shares": 4433931,
            "book_valuer_per_share": 41.02,
            "book_valuer_per_share_4q_avg": 40.77,
            "equity": 18502198,
            "current_ratio": 171.73,
            "debt_ratio": 41.38,
            "inventory_turnover_ratio": 2.66,
            "account_receivable_turnover_ratio": 0.84,
            "reinvestment_rate": -103.17,
            "research_to_sale_ratio": 2.93,
            "price_fair": 93.98,
            "eps_avg_yearly": 2.69,
            "eps_latest_yearly": 5.52,
            "eps_growth_yearly": 164.72
        },
        "20214": {
            "year_quarter": 20214,
            "year": 2021,
            "quarter": 4,
            "eps": 0.59,
            "eps_growth_year": -17.95,
            "eps_4q": 4.37,
            "eps_4q_growth_year": 56.91,
            "roe": 1.46,
            "roe_4q": 10.76,
            "gross_profit": 1433988,
            "gross_margin": 24.91,
            "gross_margin_4q_avg": 26.68,
            "net_income": 272023,
            "net_income_4q": null,
            "revenue": 5757085,
            "revenue_4q": null,
            "common_shares": 4433931,
            "book_valuer_per_share": 41.68,
            "book_valuer_per_share_4q_avg": 41.29,
            "equity": 18808744,
            "current_ratio": 186.13,
            "debt_ratio": 38.38,
            "inventory_turnover_ratio": 2.46,
            "account_receivable_turnover_ratio": 0.77,
            "reinvestment_rate": -90.19,
            "research_to_sale_ratio": 2.92,
            "price_fair": 94.5,
            "eps_avg_yearly": 2.7,
            "eps_latest_yearly": 2.36,
            "eps_growth_yearly": 154.7
        },
        "20221": {
            "year_quarter": 20221,
            "year": 2022,
            "quarter": 1,
            "eps": 1.05,
            "eps_growth_year": 1.94,
            "eps_4q": 4.39,
            "eps_4q_growth_year": 19.1,
            "roe": 2.49,
            "roe_4q": 10.67,
            "gross_profit": 1523283,
            "gross_margin": 27.62,
            "gross_margin_4q_avg": 27.08,
            "net_income": 477689,
            "net_income_4q": null,
            "revenue": 5515894,
            "revenue_4q": null,
            "common_shares": 4433931,
            "book_valuer_per_share": 43.37,
            "book_valuer_per_share_4q_avg": 41.98,
            "equity": 19580154,
            "current_ratio": 193.65,
            "debt_ratio": 36.83,
            "inventory_turnover_ratio": 2.28,
            "account_receivable_turnover_ratio": 0.8,
            "reinvestment_rate": -64.56,
            "research_to_sale_ratio": 3.23,
            "price_fair": 101.5,
            "eps_avg_yearly": 2.9,
            "eps_latest_yearly": 4.2,
            "eps_growth_yearly": 187.4
        },
        "20222": {
            "year_quarter": 20222,
            "year": 2022,
            "quarter": 2,
            "eps": 0.89,
            "eps_growth_year": -35.04,
            "eps_4q": 3.9,
            "eps_4q_growth_year": -6.41,
            "roe": 2.26,
            "roe_4q": 9.58,
            "gross_profit": 1479053,
            "gross_margin": 28.79,
            "gross_margin_4q_avg": 27.33,
            "net_income": 428533,
            "net_income_4q": null,
            "revenue": 5138033,
            "revenue_4q": null,
            "common_shares": 4433931,
            "book_valuer_per_share": 40.52,
            "book_valuer_per_share_4q_avg": 41.65,
            "equity": 18300123,
            "current_ratio": 185.33,
            "debt_ratio": 38.39,
            "inventory_turnover_ratio": 2.16,
            "account_receivable_turnover_ratio": 0.78,
            "reinvestment_rate": -63.07,
            "research_to_sale_ratio": 3.57,
            "price_fair": 104.56,
            "eps_avg_yearly": 2.99,
            "eps_latest_yearly": 3.56,
            "eps_growth_yearly": 154.59
        },
        "20223": {
            "year_quarter": 20223,
            "year": 2022,
            "quarter": 3,
            "eps": 0.96,
            "eps_growth_year": -30.43,
            "eps_4q": 3.49,
            "eps_4q_growth_year": -22.6,
            "roe": 2.45,
            "roe_4q": 8.66,
            "gross_profit": 1374972,
            "gross_margin": 28.78,
            "gross_margin_4q_avg": 27.53,
            "net_income": 454071,
            "net_income_4q": null,
            "revenue": 4777533,
            "revenue_4q": null,
            "common_shares": 4433931,
            "book_valuer_per_share": 41.6,
            "book_valuer_per_share_4q_avg": 41.79,
            "equity": 18810578,
            "current_ratio": 223.86,
            "debt_ratio": 31.3,
            "inventory_turnover_ratio": 2.29,
            "account_receivable_turnover_ratio": 0.78,
            "reinvestment_rate": -57.58,
            "research_to_sale_ratio": 3.56,
            "price_fair": 106.93,
            "eps_avg_yearly": 3.06,
            "eps_latest_yearly": 3.84,
            "eps_growth_yearly": 149.61
        },
        "20224": {
            "year_quarter": 20224,
            "year": 2022,
            "quarter": 4,
            "eps": -0.12,
            "eps_growth_year": -119.53,
            "eps_4q": 2.78,
            "eps_4q_growth_year": -36.54,
            "roe": -0.24,
            "roe_4q": 6.96,
            "gross_profit": 1224479,
            "gross_margin": 27.47,
            "gross_margin_4q_avg": 28.17,
            "net_income": -44554,
            "net_income_4q": null,
            "revenue": 4456829,
            "revenue_4q": null,
            "common_shares": 4433931,
            "book_valuer_per_share": 41.4,
            "book_valuer_per_share_4q_avg": 41.72,
            "equity": 18731352,
            "current_ratio": 251.75,
            "debt_ratio": 28.27,
            "inventory_turnover_ratio": 2.6,
            "account_receivable_turnover_ratio": 0.84,
            "reinvestment_rate": -59.02,
            "research_to_sale_ratio": 4.08,
            "price_fair": 111.07,
            "eps_avg_yearly": 3.17,
            "eps_latest_yearly": 3.84,
            "eps_growth_yearly": 173.89
        },
        "20231": {
            "year_quarter": 20231,
            "year": 2023,
            "quarter": 1,
            "eps": 1.04,
            "eps_growth_year": -0.95,
            "eps_4q": 2.77,
            "eps_4q_growth_year": -36.84,
            "roe": 2.48,
            "roe_4q": 6.95,
            "gross_profit": 1387934,
            "gross_margin": 30.96,
            "gross_margin_4q_avg": 29,
            "net_income": 470115,
            "net_income_4q": null,
            "revenue": 4482733,
            "revenue_4q": null,
            "common_shares": 4433931,
            "book_valuer_per_share": 42.36,
            "book_valuer_per_share_4q_avg": 41.47,
            "equity": 19152308,
            "current_ratio": 282.7,
            "debt_ratio": 25.62,
            "inventory_turnover_ratio": 2.86,
            "account_receivable_turnover_ratio": 0.93,
            "reinvestment_rate": -53.33,
            "research_to_sale_ratio": 4.28,
            "price_fair": 117,
            "eps_avg_yearly": 3.34,
            "eps_latest_yearly": 3.84,
            "eps_growth_yearly": 197.02
        },
        "20232": {
            "year_quarter": 20232,
            "year": 2023,
            "quarter": 2,
            "eps": 1.05,
            "eps_growth_year": 17.98,
            "eps_4q": 2.93,
            "eps_4q_growth_year": -25.01,
            "roe": 2.54,
            "roe_4q": 7.2299999999999995,
            "gross_profit": 1231169,
            "gross_margin": 27.96,
            "gross_margin_4q_avg": 28.79,
            "net_income": 475801,
            "net_income_4q": null,
            "revenue": 4403475,
            "revenue_4q": null,
            "common_shares": 4433931,
            "book_valuer_per_share": 40.4,
            "book_valuer_per_share_4q_avg": 41.44,
            "equity": 18270313,
            "current_ratio": 243.79,
            "debt_ratio": 29.72,
            "inventory_turnover_ratio": 3.26,
            "account_receivable_turnover_ratio": 0.88,
            "reinvestment_rate": -51.31,
            "research_to_sale_ratio": 4.36,
            "price_fair": 122.6,
            "eps_avg_yearly": 3.5,
            "eps_latest_yearly": 4.2,
            "eps_growth_yearly": 155.87
        },
        "20233": {
            "year_quarter": 20233,
            "year": 2023,
            "quarter": 3,
            "eps": 0.91,
            "eps_growth_year": -5.21,
            "eps_4q": 2.88,
            "eps_4q_growth_year": -17.27,
            "roe": 2.23,
            "roe_4q": 7.01,
            "gross_profit": 1296475,
            "gross_margin": 28.7,
            "gross_margin_4q_avg": 28.77,
            "net_income": 413942,
            "net_income_4q": null,
            "revenue": 4517190,
            "revenue_4q": null,
            "common_shares": 4433931,
            "book_valuer_per_share": 41.76,
            "book_valuer_per_share_4q_avg": 41.48,
            "equity": 18895895,
            "current_ratio": 247.38,
            "debt_ratio": 28.61,
            "inventory_turnover_ratio": 3.38,
            "account_receivable_turnover_ratio": 0.85,
            "reinvestment_rate": -44.59,
            "research_to_sale_ratio": 4.31,
            "price_fair": 125.1,
            "eps_avg_yearly": 3.57,
            "eps_latest_yearly": 3.64,
            "eps_growth_yearly": 142.15
        }
    },
    "months": {
        "2001-06": {
            "month": "2001-06",
            "price": "22.09",
            "revenue": 203720
        },
        "2001-07": {
            "month": "2001-07",
            "price": "17.18",
            "revenue": 228420
        },
        "2001-08": {
            "month": "2001-08",
            "price": "15.48",
            "revenue": 230007
        },
        "2001-09": {
            "month": "2001-09",
            "price": "11.16",
            "revenue": 210272
        },
        "2001-10": {
            "month": "2001-10",
            "price": "12.31",
            "revenue": 220879
        },
        "2001-11": {
            "month": "2001-11",
            "price": "15.81",
            "revenue": 220000
        },
        "2001-12": {
            "month": "2001-12",
            "price": "18.70",
            "revenue": 211982
        },
        "2002-01": {
            "month": "2002-01",
            "price": "20.93",
            "revenue": 235905
        },
        "2002-02": {
            "month": "2002-02",
            "price": "24.32",
            "revenue": 217476
        },
        "2002-03": {
            "month": "2002-03",
            "price": "28.45",
            "revenue": 284583
        },
        "2002-04": {
            "month": "2002-04",
            "price": "37.31",
            "revenue": 333283
        },
        "2002-05": {
            "month": "2002-05",
            "price": "35.71",
            "revenue": 352923
        },
        "2002-06": {
            "month": "2002-06",
            "price": "31.03",
            "revenue": 313583
        },
        "2002-07": {
            "month": "2002-07",
            "price": "30.39",
            "revenue": 320512
        },
        "2002-08": {
            "month": "2002-08",
            "price": "33.78",
            "revenue": 330816
        },
        "2002-09": {
            "month": "2002-09",
            "price": "33.24",
            "revenue": 333784
        },
        "2002-10": {
            "month": "2002-10",
            "price": "28.14",
            "revenue": 371684
        },
        "2002-11": {
            "month": "2002-11",
            "price": "33.67",
            "revenue": 385709
        },
        "2002-12": {
            "month": "2002-12",
            "price": "39.24",
            "revenue": 391639
        },
        "2003-01": {
            "month": "2003-01",
            "price": "37.24",
            "revenue": 383289
        },
        "2003-02": {
            "month": "2003-02",
            "price": "34.62",
            "revenue": 397948
        },
        "2003-03": {
            "month": "2003-03",
            "price": "34.50",
            "revenue": 470940
        },
        "2003-04": {
            "month": "2003-04",
            "price": "36.98",
            "revenue": 390625
        },
        "2003-05": {
            "month": "2003-05",
            "price": "32.40",
            "revenue": 370372
        },
        "2003-06": {
            "month": "2003-06",
            "price": "36.58",
            "revenue": 384414
        },
        "2003-07": {
            "month": "2003-07",
            "price": "39.63",
            "revenue": 359359
        },
        "2003-08": {
            "month": "2003-08",
            "price": "40.60",
            "revenue": 362971
        },
        "2003-09": {
            "month": "2003-09",
            "price": "42.35",
            "revenue": 436561
        },
        "2003-10": {
            "month": "2003-10",
            "price": "49.59",
            "revenue": 490070
        },
        "2003-11": {
            "month": "2003-11",
            "price": "59.75",
            "revenue": 505051
        },
        "2003-12": {
            "month": "2003-12",
            "price": "61.04",
            "revenue": 524030
        },
        "2004-01": {
            "month": "2004-01",
            "price": "68.27",
            "revenue": 460575
        },
        "2004-02": {
            "month": "2004-02",
            "price": "70.05",
            "revenue": 478945
        },
        "2004-03": {
            "month": "2004-03",
            "price": "61.50",
            "revenue": 566122
        },
        "2004-04": {
            "month": "2004-04",
            "price": "62.89",
            "revenue": 469035
        },
        "2004-05": {
            "month": "2004-05",
            "price": "49.17",
            "revenue": 583193
        },
        "2004-06": {
            "month": "2004-06",
            "price": "47.53",
            "revenue": 603498
        },
        "2004-07": {
            "month": "2004-07",
            "price": "39.71",
            "revenue": 507022
        },
        "2004-08": {
            "month": "2004-08",
            "price": "34.34",
            "revenue": 483655
        },
        "2004-09": {
            "month": "2004-09",
            "price": "35.09",
            "revenue": 500686
        },
        "2004-10": {
            "month": "2004-10",
            "price": "32.18",
            "revenue": 494293
        },
        "2004-11": {
            "month": "2004-11",
            "price": "32.59",
            "revenue": 470894
        },
        "2004-12": {
            "month": "2004-12",
            "price": "35.59",
            "revenue": 392623
        },
        "2005-01": {
            "month": "2005-01",
            "price": "32.12",
            "revenue": 424820
        },
        "2005-02": {
            "month": "2005-02",
            "price": "35.91",
            "revenue": 381507
        },
        "2005-03": {
            "month": "2005-03",
            "price": "38.36",
            "revenue": 505838
        },
        "2005-04": {
            "month": "2005-04",
            "price": "41.72",
            "revenue": 493629
        },
        "2005-05": {
            "month": "2005-05",
            "price": "41.55",
            "revenue": 529731
        },
        "2005-06": {
            "month": "2005-06",
            "price": "42.55",
            "revenue": 491108
        },
        "2005-07": {
            "month": "2005-07",
            "price": "43.61",
            "revenue": 515911
        },
        "2005-08": {
            "month": "2005-08",
            "price": "39.43",
            "revenue": 615495
        },
        "2005-09": {
            "month": "2005-09",
            "price": "41.89",
            "revenue": 686297
        },
        "2005-10": {
            "month": "2005-10",
            "price": "52.89",
            "revenue": 711481
        },
        "2005-11": {
            "month": "2005-11",
            "price": "58.73",
            "revenue": 702612
        },
        "2005-12": {
            "month": "2005-12",
            "price": "66.93",
            "revenue": 624335
        },
        "2006-01": {
            "month": "2006-01",
            "price": "81.69",
            "revenue": 552396
        },
        "2006-02": {
            "month": "2006-02",
            "price": "80.14",
            "revenue": 507669
        },
        "2006-03": {
            "month": "2006-03",
            "price": "85.17",
            "revenue": 621162
        },
        "2006-04": {
            "month": "2006-04",
            "price": "95.67",
            "revenue": 690053
        },
        "2006-05": {
            "month": "2006-05",
            "price": "97.42",
            "revenue": 680079
        },
        "2006-06": {
            "month": "2006-06",
            "price": "81.80",
            "revenue": 677871
        },
        "2006-07": {
            "month": "2006-07",
            "price": "82.35",
            "revenue": 670099
        },
        "2006-08": {
            "month": "2006-08",
            "price": "85.37",
            "revenue": 707950
        },
        "2006-09": {
            "month": "2006-09",
            "price": "93.29",
            "revenue": 722770
        },
        "2006-10": {
            "month": "2006-10",
            "price": "89.42",
            "revenue": 747098
        },
        "2006-11": {
            "month": "2006-11",
            "price": "84.63",
            "revenue": 752342
        },
        "2006-12": {
            "month": "2006-12",
            "price": "89.52",
            "revenue": 619883
        },
        "2007-01": {
            "month": "2007-01",
            "price": "101.85",
            "revenue": 633468
        },
        "2007-02": {
            "month": "2007-02",
            "price": "117.42",
            "revenue": 601369
        },
        "2007-03": {
            "month": "2007-03",
            "price": "125.91",
            "revenue": 730457
        },
        "2007-04": {
            "month": "2007-04",
            "price": "121.30",
            "revenue": 708743
        },
        "2007-05": {
            "month": "2007-05",
            "price": "122.84",
            "revenue": 761686
        },
        "2007-06": {
            "month": "2007-06",
            "price": "125.35",
            "revenue": 800318
        },
        "2007-07": {
            "month": "2007-07",
            "price": "134.50",
            "revenue": 869553
        },
        "2007-08": {
            "month": "2007-08",
            "price": "141.70",
            "revenue": 931011
        },
        "2007-09": {
            "month": "2007-09",
            "price": "142.33",
            "revenue": 991462
        },
        "2007-10": {
            "month": "2007-10",
            "price": "141.32",
            "revenue": 962161
        },
        "2007-11": {
            "month": "2007-11",
            "price": "125.27",
            "revenue": 976724
        },
        "2007-12": {
            "month": "2007-12",
            "price": "115.19",
            "revenue": 900360
        },
        "2008-01": {
            "month": "2008-01",
            "price": "107.10",
            "revenue": 948058
        },
        "2008-02": {
            "month": "2008-02",
            "price": "103.70",
            "revenue": 863968
        },
        "2008-03": {
            "month": "2008-03",
            "price": "110.88",
            "revenue": 920825
        },
        "2008-04": {
            "month": "2008-04",
            "price": "111.60",
            "revenue": 945953
        },
        "2008-05": {
            "month": "2008-05",
            "price": "117.00",
            "revenue": 960091
        },
        "2008-06": {
            "month": "2008-06",
            "price": "97.53",
            "revenue": 905797
        },
        "2008-07": {
            "month": "2008-07",
            "price": "85.67",
            "revenue": 925683
        },
        "2008-08": {
            "month": "2008-08",
            "price": "81.48",
            "revenue": 1019918
        },
        "2008-09": {
            "month": "2008-09",
            "price": "67.36",
            "revenue": 1048121
        },
        "2008-10": {
            "month": "2008-10",
            "price": "54.97",
            "revenue": 1049887
        },
        "2008-11": {
            "month": "2008-11",
            "price": "42.36",
            "revenue": 824349
        },
        "2008-12": {
            "month": "2008-12",
            "price": "43.25",
            "revenue": 615451
        },
        "2009-01": {
            "month": "2009-01",
            "price": "44.27",
            "revenue": 530118
        },
        "2009-02": {
            "month": "2009-02",
            "price": "49.23",
            "revenue": 600422
        },
        "2009-03": {
            "month": "2009-03",
            "price": "59.57",
            "revenue": 804818
        },
        "2009-04": {
            "month": "2009-04",
            "price": "67.20",
            "revenue": 925900
        },
        "2009-05": {
            "month": "2009-05",
            "price": "83.52",
            "revenue": 901495
        },
        "2009-06": {
            "month": "2009-06",
            "price": "81.90",
            "revenue": 908363
        },
        "2009-07": {
            "month": "2009-07",
            "price": "91.72",
            "revenue": 953066
        },
        "2009-08": {
            "month": "2009-08",
            "price": "89.26",
            "revenue": 1116796
        },
        "2009-09": {
            "month": "2009-09",
            "price": "99.39",
            "revenue": 1170858
        },
        "2009-10": {
            "month": "2009-10",
            "price": "99.98",
            "revenue": 1136535
        },
        "2009-11": {
            "month": "2009-11",
            "price": "94.77",
            "revenue": 1106729
        },
        "2009-12": {
            "month": "2009-12",
            "price": "112.85",
            "revenue": 1053300
        },
        "2010-01": {
            "month": "2010-01",
            "price": "106.74",
            "revenue": 1160491
        },
        "2010-02": {
            "month": "2010-02",
            "price": "91.51",
            "revenue": 1022646
        },
        "2010-03": {
            "month": "2010-03",
            "price": "97.30",
            "revenue": 1401031
        },
        "2010-04": {
            "month": "2010-04",
            "price": "101.19",
            "revenue": 1423614
        },
        "2010-05": {
            "month": "2010-05",
            "price": "89.72",
            "revenue": 1432275
        },
        "2010-06": {
            "month": "2010-06",
            "price": "84.60",
            "revenue": 1606684
        },
        "2010-07": {
            "month": "2010-07",
            "price": "90.15",
            "revenue": 1724778
        },
        "2010-08": {
            "month": "2010-08",
            "price": "85.82",
            "revenue": 1631791
        },
        "2010-09": {
            "month": "2010-09",
            "price": "86.49",
            "revenue": 1402072
        },
        "2010-10": {
            "month": "2010-10",
            "price": "84.44",
            "revenue": 1252955
        },
        "2010-11": {
            "month": "2010-11",
            "price": "83.75",
            "revenue": 1310524
        },
        "2010-12": {
            "month": "2010-12",
            "price": "84.03",
            "revenue": 1298436
        },
        "2011-01": {
            "month": "2011-01",
            "price": "86.12",
            "revenue": 1175635
        },
        "2011-02": {
            "month": "2011-02",
            "price": "86.99",
            "revenue": 1101455
        },
        "2011-03": {
            "month": "2011-03",
            "price": "84.54",
            "revenue": 1460627
        },
        "2011-04": {
            "month": "2011-04",
            "price": "83.24",
            "revenue": 1421417
        },
        "2011-05": {
            "month": "2011-05",
            "price": "78.83",
            "revenue": 1574736
        },
        "2011-06": {
            "month": "2011-06",
            "price": "77.19",
            "revenue": 1489501
        },
        "2011-07": {
            "month": "2011-07",
            "price": "67.80",
            "revenue": 1344107
        },
        "2011-08": {
            "month": "2011-08",
            "price": "52.90",
            "revenue": 1351246
        },
        "2011-09": {
            "month": "2011-09",
            "price": "53.37",
            "revenue": 1352512
        },
        "2011-10": {
            "month": "2011-10",
            "price": "56.63",
            "revenue": 1348701
        },
        "2011-11": {
            "month": "2011-11",
            "price": "53.72",
            "revenue": 1336785
        },
        "2011-12": {
            "month": "2011-12",
            "price": "51.24",
            "revenue": 1280951
        },
        "2012-01": {
            "month": "2012-01",
            "price": "52.75",
            "revenue": 1147411
        },
        "2012-02": {
            "month": "2012-02",
            "price": "62.10",
            "revenue": 1221417
        },
        "2012-03": {
            "month": "2012-03",
            "price": "64.11",
            "revenue": 1376571
        },
        "2012-04": {
            "month": "2012-04",
            "price": "60.92",
            "revenue": 1368785
        },
        "2012-05": {
            "month": "2012-05",
            "price": "55.81",
            "revenue": 1449562
        },
        "2012-06": {
            "month": "2012-06",
            "price": "49.84",
            "revenue": 1491451
        },
        "2012-07": {
            "month": "2012-07",
            "price": "48.65",
            "revenue": 1419350
        },
        "2012-08": {
            "month": "2012-08",
            "price": "47.90",
            "revenue": 1577984
        },
        "2012-09": {
            "month": "2012-09",
            "price": "46.98",
            "revenue": 1471277
        },
        "2012-10": {
            "month": "2012-10",
            "price": "39.79",
            "revenue": 1497133
        },
        "2012-11": {
            "month": "2012-11",
            "price": "32.71",
            "revenue": 1478054
        },
        "2012-12": {
            "month": "2012-12",
            "price": "37.20",
            "revenue": 1331091
        },
        "2013-01": {
            "month": "2013-01",
            "price": "40.46",
            "revenue": 1652522
        },
        "2013-02": {
            "month": "2013-02",
            "price": "41.75",
            "revenue": 1443594
        },
        "2013-03": {
            "month": "2013-03",
            "price": "46.31",
            "revenue": 1851648
        },
        "2013-04": {
            "month": "2013-04",
            "price": "47.48",
            "revenue": 1934605
        },
        "2013-05": {
            "month": "2013-05",
            "price": "50.98",
            "revenue": 2145085
        },
        "2013-06": {
            "month": "2013-06",
            "price": "53.19",
            "revenue": 1891620
        },
        "2013-07": {
            "month": "2013-07",
            "price": "49.17",
            "revenue": 2188706
        },
        "2013-08": {
            "month": "2013-08",
            "price": "47.27",
            "revenue": 2410353
        },
        "2013-09": {
            "month": "2013-09",
            "price": "51.36",
            "revenue": 2412574
        },
        "2013-10": {
            "month": "2013-10",
            "price": "54.78",
            "revenue": 2238469
        },
        "2013-11": {
            "month": "2013-11",
            "price": "53.86",
            "revenue": 2259219
        },
        "2013-12": {
            "month": "2013-12",
            "price": "61.25",
            "revenue": 2261320
        },
        "2014-01": {
            "month": "2014-01",
            "price": "73.60",
            "revenue": 2107848
        },
        "2014-02": {
            "month": "2014-02",
            "price": "73.21",
            "revenue": 1885978
        },
        "2014-03": {
            "month": "2014-03",
            "price": "78.26",
            "revenue": 2234167
        },
        "2014-04": {
            "month": "2014-04",
            "price": "74.13",
            "revenue": 2557527
        },
        "2014-05": {
            "month": "2014-05",
            "price": "69.61",
            "revenue": 2600485
        },
        "2014-06": {
            "month": "2014-06",
            "price": "73.80",
            "revenue": 2532054
        },
        "2014-07": {
            "month": "2014-07",
            "price": "75.80",
            "revenue": 2612712
        },
        "2014-08": {
            "month": "2014-08",
            "price": "66.53",
            "revenue": 2858970
        },
        "2014-09": {
            "month": "2014-09",
            "price": "63.80",
            "revenue": 3045822
        },
        "2014-10": {
            "month": "2014-10",
            "price": "59.91",
            "revenue": 2806275
        },
        "2014-11": {
            "month": "2014-11",
            "price": "62.22",
            "revenue": 2744320
        },
        "2014-12": {
            "month": "2014-12",
            "price": "67.47",
            "revenue": 2625871
        },
        "2015-01": {
            "month": "2015-01",
            "price": "72.54",
            "revenue": 2540070
        },
        "2015-02": {
            "month": "2015-02",
            "price": "77.78",
            "revenue": 2202868
        },
        "2015-03": {
            "month": "2015-03",
            "price": "76.67",
            "revenue": 2503236
        },
        "2015-04": {
            "month": "2015-04",
            "price": "70.13",
            "revenue": 2424333
        },
        "2015-05": {
            "month": "2015-05",
            "price": "70.17",
            "revenue": 2200206
        },
        "2015-06": {
            "month": "2015-06",
            "price": "62.93",
            "revenue": 2428677
        },
        "2015-07": {
            "month": "2015-07",
            "price": "53.28",
            "revenue": 2253423
        },
        "2015-08": {
            "month": "2015-08",
            "price": "40.80",
            "revenue": 2334768
        },
        "2015-09": {
            "month": "2015-09",
            "price": "47.90",
            "revenue": 2491713
        },
        "2015-10": {
            "month": "2015-10",
            "price": "49.17",
            "revenue": 2321101
        },
        "2015-11": {
            "month": "2015-11",
            "price": "46.48",
            "revenue": 2539321
        },
        "2015-12": {
            "month": "2015-12",
            "price": "46.71",
            "revenue": 2579387
        },
        "2016-01": {
            "month": "2016-01",
            "price": "50.12",
            "revenue": 2409013
        },
        "2016-02": {
            "month": "2016-02",
            "price": "56.67",
            "revenue": 2104174
        },
        "2016-03": {
            "month": "2016-03",
            "price": "54.95",
            "revenue": 2443041
        },
        "2016-04": {
            "month": "2016-04",
            "price": "47.31",
            "revenue": 2412016
        },
        "2016-05": {
            "month": "2016-05",
            "price": "46.12",
            "revenue": 2311326
        },
        "2016-06": {
            "month": "2016-06",
            "price": "48.16",
            "revenue": 2419131
        },
        "2016-07": {
            "month": "2016-07",
            "price": "54.12",
            "revenue": 2266668
        },
        "2016-08": {
            "month": "2016-08",
            "price": "50.07",
            "revenue": 2741550
        },
        "2016-09": {
            "month": "2016-09",
            "price": "50.90",
            "revenue": 2565428
        },
        "2016-10": {
            "month": "2016-10",
            "price": "49.05",
            "revenue": 2411425
        },
        "2016-11": {
            "month": "2016-11",
            "price": "45.91",
            "revenue": 2653141
        },
        "2016-12": {
            "month": "2016-12",
            "price": "46.38",
            "revenue": 2535278
        },
        "2017-01": {
            "month": "2017-01",
            "price": "48.02",
            "revenue": 2039117
        },
        "2017-02": {
            "month": "2017-02",
            "price": "48.72",
            "revenue": 2140271
        },
        "2017-03": {
            "month": "2017-03",
            "price": "48.52",
            "revenue": 2536441
        },
        "2017-04": {
            "month": "2017-04",
            "price": "47.21",
            "revenue": 2251786
        },
        "2017-05": {
            "month": "2017-05",
            "price": "48.38",
            "revenue": 2367763
        },
        "2017-06": {
            "month": "2017-06",
            "price": "48.64",
            "revenue": 2373381
        },
        "2017-07": {
            "month": "2017-07",
            "price": "48.90",
            "revenue": 2204999
        },
        "2017-08": {
            "month": "2017-08",
            "price": "45.75",
            "revenue": 2351450
        },
        "2017-09": {
            "month": "2017-09",
            "price": "46.37",
            "revenue": 2351832
        },
        "2017-10": {
            "month": "2017-10",
            "price": "46.86",
            "revenue": 2341770
        },
        "2017-11": {
            "month": "2017-11",
            "price": "46.58",
            "revenue": 2242138
        },
        "2017-12": {
            "month": "2017-12",
            "price": "44.74",
            "revenue": 2136664
        },
        "2018-01": {
            "month": "2018-01",
            "price": "45.20",
            "revenue": 2390886
        },
        "2018-02": {
            "month": "2018-02",
            "price": "45.41",
            "revenue": 1769238
        },
        "2018-03": {
            "month": "2018-03",
            "price": "45.55",
            "revenue": 2108257
        },
        "2018-04": {
            "month": "2018-04",
            "price": "43.50",
            "revenue": 1937981
        },
        "2018-05": {
            "month": "2018-05",
            "price": "40.25",
            "revenue": 1985160
        },
        "2018-06": {
            "month": "2018-06",
            "price": "40.61",
            "revenue": 1990548
        },
        "2018-07": {
            "month": "2018-07",
            "price": "38.52",
            "revenue": 2026343
        },
        "2018-08": {
            "month": "2018-08",
            "price": "34.92",
            "revenue": 2214167
        },
        "2018-09": {
            "month": "2018-09",
            "price": "30.81",
            "revenue": 2043431
        },
        "2018-10": {
            "month": "2018-10",
            "price": "28.89",
            "revenue": 2046588
        },
        "2018-11": {
            "month": "2018-11",
            "price": "28.63",
            "revenue": 1961445
        },
        "2018-12": {
            "month": "2018-12",
            "price": "30.33",
            "revenue": 1608803
        },
        "2019-01": {
            "month": "2019-01",
            "price": "30.11",
            "revenue": 1990418
        },
        "2019-02": {
            "month": "2019-02",
            "price": "31.11",
            "revenue": 1325420
        },
        "2019-03": {
            "month": "2019-03",
            "price": "31.95",
            "revenue": 1805126
        },
        "2019-04": {
            "month": "2019-04",
            "price": "30.87",
            "revenue": 1732781
        },
        "2019-05": {
            "month": "2019-05",
            "price": "28.54",
            "revenue": 1849052
        },
        "2019-06": {
            "month": "2019-06",
            "price": "28.61",
            "revenue": 1640736
        },
        "2019-07": {
            "month": "2019-07",
            "price": "29.38",
            "revenue": 1656120
        },
        "2019-08": {
            "month": "2019-08",
            "price": "27.53",
            "revenue": 1773483
        },
        "2019-09": {
            "month": "2019-09",
            "price": "28.47",
            "revenue": 1729659
        },
        "2019-10": {
            "month": "2019-10",
            "price": "27.48",
            "revenue": 1767432
        },
        "2019-11": {
            "month": "2019-11",
            "price": "31.10",
            "revenue": 1899624
        },
        "2019-12": {
            "month": "2019-12",
            "price": "34.56",
            "revenue": 1775723
        },
        "2020-01": {
            "month": "2020-01",
            "price": "36.51",
            "revenue": 1607148
        },
        "2020-02": {
            "month": "2020-02",
            "price": "35.21",
            "revenue": 1134767
        },
        "2020-03": {
            "month": "2020-03",
            "price": "27.12",
            "revenue": 1775817
        },
        "2020-04": {
            "month": "2020-04",
            "price": "29.07",
            "revenue": 1935293
        },
        "2020-05": {
            "month": "2020-05",
            "price": "32.58",
            "revenue": 1925532
        },
        "2020-06": {
            "month": "2020-06",
            "price": "32.26",
            "revenue": 1785872
        },
        "2020-07": {
            "month": "2020-07",
            "price": "33.22",
            "revenue": 1888521
        },
        "2020-08": {
            "month": "2020-08",
            "price": "35.17",
            "revenue": 1918067
        },
        "2020-09": {
            "month": "2020-09",
            "price": "37.12",
            "revenue": 2081342
        },
        "2020-10": {
            "month": "2020-10",
            "price": "38.68",
            "revenue": 1763774
        },
        "2020-11": {
            "month": "2020-11",
            "price": "37.76",
            "revenue": 1811003
        },
        "2020-12": {
            "month": "2020-12",
            "price": "38.04",
            "revenue": 1975313
        },
        "2021-01": {
            "month": "2021-01",
            "price": "44.80",
            "revenue": 2028397
        },
        "2021-02": {
            "month": "2021-02",
            "price": "43.99",
            "revenue": 1679064
        },
        "2021-03": {
            "month": "2021-03",
            "price": "44.95",
            "revenue": 2179112
        },
        "2021-04": {
            "month": "2021-04",
            "price": "47.41",
            "revenue": 2066504
        },
        "2021-05": {
            "month": "2021-05",
            "price": "43.05",
            "revenue": 2275834
        },
        "2021-06": {
            "month": "2021-06",
            "price": "50.13",
            "revenue": 2416927
        },
        "2021-07": {
            "month": "2021-07",
            "price": "57.31",
            "revenue": 2147672
        },
        "2021-08": {
            "month": "2021-08",
            "price": "58.24",
            "revenue": 2242825
        },
        "2021-09": {
            "month": "2021-09",
            "price": "51.63",
            "revenue": 2230341
        },
        "2021-10": {
            "month": "2021-10",
            "price": "46.86",
            "revenue": 1957464
        },
        "2021-11": {
            "month": "2021-11",
            "price": "51.26",
            "revenue": 1961745
        },
        "2021-12": {
            "month": "2021-12",
            "price": "51.62",
            "revenue": 1842212
        },
        "2022-01": {
            "month": "2022-01",
            "price": "53.64",
            "revenue": 1865628
        },
        "2022-02": {
            "month": "2022-02",
            "price": "53.07",
            "revenue": 1605519
        },
        "2022-03": {
            "month": "2022-03",
            "price": "49.00",
            "revenue": 2030909
        },
        "2022-04": {
            "month": "2022-04",
            "price": "45.69",
            "revenue": 1360067
        },
        "2022-05": {
            "month": "2022-05",
            "price": "43.87",
            "revenue": 1970927
        },
        "2022-06": {
            "month": "2022-06",
            "price": "43.13",
            "revenue": 1797000
        },
        "2022-07": {
            "month": "2022-07",
            "price": "40.61",
            "revenue": 1638776
        },
        "2022-08": {
            "month": "2022-08",
            "price": "38.69",
            "revenue": 1562931
        },
        "2022-09": {
            "month": "2022-09",
            "price": "37.31",
            "revenue": 1558438
        },
        "2022-10": {
            "month": "2022-10",
            "price": "34.80",
            "revenue": 1515740
        },
        "2022-11": {
            "month": "2022-11",
            "price": "36.56",
            "revenue": 1538372
        },
        "2022-12": {
            "month": "2022-12",
            "price": "37.71",
            "revenue": 1411433
        },
        "2023-01": {
            "month": "2023-01",
            "price": "37.18",
            "revenue": 1409739
        },
        "2023-02": {
            "month": "2023-02",
            "price": "37.81",
            "revenue": 1403776
        },
        "2023-03": {
            "month": "2023-03",
            "price": "39.42",
            "revenue": 1638865
        },
        "2023-04": {
            "month": "2023-04",
            "price": "40.11",
            "revenue": 1376721
        },
        "2023-05": {
            "month": "2023-05",
            "price": "43.51",
            "revenue": 1579027
        },
        "2023-06": {
            "month": "2023-06",
            "price": "49.78",
            "revenue": 1454284
        },
        "2023-07": {
            "month": "2023-07",
            "price": "53.07",
            "revenue": 1414247
        },
        "2023-08": {
            "month": "2023-08",
            "price": "47.53",
            "revenue": 1598014
        },
        "2023-09": {
            "month": "2023-09",
            "price": "47.25",
            "revenue": 1512452
        },
        "2023-10": {
            "month": "2023-10",
            "price": "44.82",
            "revenue": 1477948
        },
        "2023-11": {
            "month": "2023-11",
            "price": "45.75",
            "revenue": 1498582
        },
        "2023-12": {
            "month": "2023-12",
            "price": "47.33",
            "revenue": 1449860
        }
    }
}
