{
    "summary": {
        "stock_name": "研華",
        "stock_id": "2395",
        "category": "電腦及週邊設備",
        "main_business": "工業測控產品<br>工業用電腦/工業用工作站<br>嵌入式電腦卡/超薄液晶電腦",
        "website_url": "http://www.advantech.com",
        "ceo": "陳清熙、蔡淑妍、張家豪",
        "pe_ratio": 25,
        "report_year_from": 2001,
        "report_year_to": 2023,
        "age": 22,
        "eps_negative_percentage": 0,
        "eps_growth_avg": {
            "last_all": 7.06,
            "last_2y": 10.64,
            "last_4y": 9.73,
            "last_8y": 7.96,
            "last_12y": 12.09,
            "last_16y": 6.36,
            "last_20y": 7.06,
            "at_2006_last_3y": 14.63,
            "at_2007_last_3y": 21.66,
            "at_2008_last_3y": -3.63,
            "at_2009_last_3y": -12.26,
            "at_2010_last_3y": -1.79,
            "at_2011_last_3y": 6.42,
            "at_2012_last_3y": 8.79,
            "at_2013_last_3y": 21.37,
            "at_2014_last_3y": 13.44,
            "at_2015_last_3y": 5.59,
            "at_2016_last_3y": 9.89,
            "at_2017_last_3y": 5.74,
            "at_2018_last_3y": 2.59,
            "at_2019_last_3y": 7.06,
            "at_2020_last_3y": 2.75,
            "at_2021_last_3y": 4.69,
            "at_2022_last_3y": 12.14,
            "at_2023_last_3y": 12.14,
            "at_2006_last_all": 8.55,
            "at_2007_last_all": 6.68,
            "at_2008_last_all": 3.51,
            "at_2009_last_all": -1.11,
            "at_2010_last_all": 3.96,
            "at_2011_last_all": 6.58,
            "at_2012_last_all": 5.43,
            "at_2013_last_all": 6.39,
            "at_2014_last_all": 6.87,
            "at_2015_last_all": 6.29,
            "at_2016_last_all": 6.62,
            "at_2017_last_all": 6.23,
            "at_2018_last_all": 5.87,
            "at_2019_last_all": 6.46,
            "at_2020_last_all": 5.8,
            "at_2021_last_all": 5.92,
            "at_2022_last_all": 7.06,
            "at_2023_last_all": 7.06
        },
        "latest_eps": 13.65,
        "latest_price": 345,
        "latest_roe": 28.83,
        "latest_gross_margin": 41.19,
        "latest_equity": 43175260,
        "latest_revenue": 17028135,
        "latest_gross_profit": 7014301,
        "latest_net_income": 3005793,
        "latest_debt_ratio": 38.55,
        "latest_current_ratio": 192.06,
        "latest_account_receivable_turnover_ratio": 1.54,
        "latest_inventory_turnover_ratio": 0.8,
        "latest_reinvestment_rate": 16.86,
        "latest_research_to_sale_ratio": 7.06
    },
    "eps_dividends": {
        "1997": {
            "cash": 0,
            "stock": 6,
            "eps": 0
        },
        "1998": {
            "cash": 0,
            "stock": 5,
            "eps": 0
        },
        "1999": {
            "cash": 0,
            "stock": 6,
            "eps": 0
        },
        "2000": {
            "cash": 1,
            "stock": 3,
            "eps": 0
        },
        "2001": {
            "cash": 1,
            "stock": 3,
            "eps": 5.71
        },
        "2002": {
            "cash": 1.5,
            "stock": 2,
            "eps": 4.81
        },
        "2003": {
            "cash": 1.47,
            "stock": 1.47,
            "eps": 3.33
        },
        "2004": {
            "cash": 2.48,
            "stock": 0.5,
            "eps": 6.18
        },
        "2005": {
            "cash": 3.67,
            "stock": 0.5,
            "eps": 6.25
        },
        "2006": {
            "cash": 4,
            "stock": 0.2,
            "eps": 6.41
        },
        "2007": {
            "cash": 4,
            "stock": 0.5,
            "eps": 6.24
        },
        "2008": {
            "cash": 4,
            "stock": 0.5,
            "eps": 5.27
        },
        "2009": {
            "cash": 3,
            "stock": 0.05,
            "eps": 3.51
        },
        "2010": {
            "cash": 4,
            "stock": 0,
            "eps": 5.07
        },
        "2011": {
            "cash": 8.5,
            "stock": 1,
            "eps": 6.6
        },
        "2012": {
            "cash": 0,
            "stock": 0,
            "eps": 6.2
        },
        "2013": {
            "cash": 4.9,
            "stock": 0,
            "eps": 7.25
        },
        "2014": {
            "cash": 5.3,
            "stock": 1,
            "eps": 8.17
        },
        "2015": {
            "cash": 6,
            "stock": 0,
            "eps": 8.07
        },
        "2016": {
            "cash": 6,
            "stock": 0,
            "eps": 8.97
        },
        "2017": {
            "cash": 6.3,
            "stock": 1,
            "eps": 9
        },
        "2018": {
            "cash": 6.6,
            "stock": 0,
            "eps": 9.01
        },
        "2019": {
            "cash": 6.8,
            "stock": 0,
            "eps": 10.51
        },
        "2020": {
            "cash": 7.8,
            "stock": 1,
            "eps": 9.87
        },
        "2021": {
            "cash": 7.1,
            "stock": 0,
            "eps": 10.67
        },
        "2022": {
            "cash": 8,
            "stock": 0,
            "eps": 13.86
        },
        "2023": {
            "cash": 10,
            "stock": 1,
            "eps": 7.31
        }
    },
    "dividends": {
        "1997-05-03": {
            "cash": 0,
            "stock": 6
        },
        "1998-04-18": {
            "cash": 0,
            "stock": 5
        },
        "1999-04-24": {
            "cash": 0,
            "stock": 6
        },
        "2000-04-29": {
            "cash": 1,
            "stock": 3
        },
        "2001-05-04": {
            "cash": 1,
            "stock": 3
        },
        "2002-05-30": {
            "cash": 1.5,
            "stock": 2
        },
        "2003-03-19": {
            "cash": 1.47,
            "stock": 1.47
        },
        "2004-03-25": {
            "cash": 2.48,
            "stock": 0.5
        },
        "2005-04-08": {
            "cash": 3.67,
            "stock": 0.5
        },
        "2006-03-24": {
            "cash": 4,
            "stock": 0.2
        },
        "2007-03-20": {
            "cash": 4,
            "stock": 0.5
        },
        "2008-03-21": {
            "cash": 4,
            "stock": 0.5
        },
        "2009-03-27": {
            "cash": 3,
            "stock": 0.05
        },
        "2010-03-29": {
            "cash": 4,
            "stock": 0
        },
        "2011-01-01": {
            "cash": 5,
            "stock": 0
        },
        "2011-03-23": {
            "cash": 3.5,
            "stock": 1
        },
        "2013-03-22": {
            "cash": 4.9,
            "stock": 0
        },
        "2014-08-08": {
            "cash": 5.3,
            "stock": 1
        },
        "2015-07-10": {
            "cash": 6,
            "stock": 0
        },
        "2016-08-05": {
            "cash": 6,
            "stock": 0
        },
        "2017-08-16": {
            "cash": 6.3,
            "stock": 1
        },
        "2018-08-08": {
            "cash": 6.6,
            "stock": 0
        },
        "2019-08-08": {
            "cash": 6.8,
            "stock": 0
        },
        "2020-08-19": {
            "cash": 7.8,
            "stock": 1
        },
        "2021-08-06": {
            "cash": 7.1,
            "stock": 0
        },
        "2022-08-08": {
            "cash": 8,
            "stock": 0
        },
        "2023-08-08": {
            "cash": 10,
            "stock": 1
        }
    },
    "prices": {
        "200101": "122.47",
        "200102": "137.84",
        "200103": "134.20",
        "200104": "128.12",
        "200105": "116.64",
        "200106": "112.62",
        "200107": "95.45",
        "200108": "71.37",
        "200109": "60.53",
        "200110": "64.05",
        "200111": "73.66",
        "200112": "87.05",
        "200201": "94.16",
        "200202": "98.00",
        "200203": "92.67",
        "200204": "88.62",
        "200205": "85.05",
        "200206": "81.62",
        "200207": "70.15",
        "200208": "63.70",
        "200209": "65.50",
        "200210": "64.66",
        "200211": "65.24",
        "200212": "64.70",
        "200301": "66.76",
        "200302": "66.72",
        "200303": "64.52",
        "200304": "62.84",
        "200305": "61.74",
        "200306": "53.88",
        "200307": "55.52",
        "200308": "52.76",
        "200309": "55.71",
        "200310": "51.98",
        "200311": "54.15",
        "200312": "55.83",
        "200401": "61.43",
        "200402": "67.38",
        "200403": "65.20",
        "200404": "72.16",
        "200405": "65.74",
        "200406": "65.64",
        "200407": "66.34",
        "200408": "65.22",
        "200409": "69.79",
        "200410": "70.85",
        "200411": "73.43",
        "200412": "75.20",
        "200501": "73.45",
        "200502": "74.50",
        "200503": "73.40",
        "200504": "72.29",
        "200505": "74.44",
        "200506": "74.33",
        "200507": "80.96",
        "200508": "78.69",
        "200509": "77.27",
        "200510": "77.12",
        "200511": "80.55",
        "200512": "92.09",
        "200601": "91.45",
        "200602": "86.58",
        "200603": "87.10",
        "200604": "97.04",
        "200605": "89.28",
        "200606": "88.63",
        "200607": "94.29",
        "200608": "95.18",
        "200609": "94.81",
        "200610": "94.11",
        "200611": "98.17",
        "200612": "106.29",
        "200701": "112.80",
        "200702": "109.25",
        "200703": "102.13",
        "200704": "103.05",
        "200705": "99.37",
        "200706": "103.44",
        "200707": "103.70",
        "200708": "94.58",
        "200709": "96.19",
        "200710": "92.23",
        "200711": "82.64",
        "200712": "71.62",
        "200801": "69.85",
        "200802": "68.73",
        "200803": "69.70",
        "200804": "78.29",
        "200805": "79.32",
        "200806": "76.79",
        "200807": "71.90",
        "200808": "66.75",
        "200809": "64.39",
        "200810": "49.68",
        "200811": "42.72",
        "200812": "43.49",
        "200901": "42.56",
        "200902": "41.24",
        "200903": "44.67",
        "200904": "50.58",
        "200905": "51.16",
        "200906": "46.92",
        "200907": "49.32",
        "200908": "50.94",
        "200909": "57.59",
        "200910": "59.77",
        "200911": "61.07",
        "200912": "67.44",
        "201001": "69.00",
        "201002": "63.08",
        "201003": "66.08",
        "201004": "70.10",
        "201005": "67.09",
        "201006": "69.25",
        "201007": "68.34",
        "201008": "71.61",
        "201009": "79.88",
        "201010": "80.47",
        "201011": "82.86",
        "201012": "83.62",
        "201101": "83.96",
        "201102": "82.36",
        "201103": "83.76",
        "201104": "93.06",
        "201105": "94.60",
        "201106": "96.50",
        "201107": "94.80",
        "201108": "87.44",
        "201109": "81.51",
        "201110": "80.99",
        "201111": "81.41",
        "201112": "82.88",
        "201201": "85.24",
        "201202": "92.29",
        "201203": "97.37",
        "201204": "99.30",
        "201205": "100.30",
        "201206": "98.97",
        "201207": "103.93",
        "201208": "104.82",
        "201209": "105.00",
        "201210": "108.23",
        "201211": "108.61",
        "201212": "113.93",
        "201301": "120.89",
        "201302": "131.54",
        "201303": "126.69",
        "201304": "130.92",
        "201305": "146.27",
        "201306": "146.79",
        "201307": "146.15",
        "201308": "148.00",
        "201309": "162.30",
        "201310": "181.16",
        "201311": "181.71",
        "201312": "193.77",
        "201401": "198.14",
        "201402": "189.56",
        "201403": "191.52",
        "201404": "200.38",
        "201405": "205.14",
        "201406": "238.02",
        "201407": "243.02",
        "201408": "251.00",
        "201409": "229.81",
        "201410": "206.48",
        "201411": "201.40",
        "201412": "218.04",
        "201501": "234.20",
        "201502": "242.92",
        "201503": "255.70",
        "201504": "249.30",
        "201505": "246.65",
        "201506": "223.55",
        "201507": "213.30",
        "201508": "211.57",
        "201509": "213.90",
        "201510": "233.12",
        "201511": "220.62",
        "201512": "212.30",
        "201601": "204.43",
        "201602": "213.23",
        "201603": "235.76",
        "201604": "227.66",
        "201605": "228.07",
        "201606": "244.69",
        "201607": "249.82",
        "201608": "254.67",
        "201609": "269.63",
        "201610": "259.80",
        "201611": "251.52",
        "201612": "251.48",
        "201701": "260.12",
        "201702": "266.08",
        "201703": "256.33",
        "201704": "245.14",
        "201705": "241.85",
        "201706": "242.41",
        "201707": "222.36",
        "201708": "226.09",
        "201709": "218.59",
        "201710": "207.92",
        "201711": "203.95",
        "201712": "205.02",
        "201801": "228.86",
        "201802": "216.62",
        "201803": "213.33",
        "201804": "204.50",
        "201805": "206.48",
        "201806": "204.25",
        "201807": "197.45",
        "201808": "202.65",
        "201809": "215.29",
        "201810": "208.52",
        "201811": "225.27",
        "201812": "221.74",
        "201901": "223.45",
        "201902": "229.85",
        "201903": "249.85",
        "201904": "248.62",
        "201905": "249.64",
        "201906": "260.29",
        "201907": "262.02",
        "201908": "262.45",
        "201909": "271.45",
        "201910": "287.38",
        "201911": "309.95",
        "201912": "301.64",
        "202001": "303.93",
        "202002": "303.97",
        "202003": "260.61",
        "202004": "265.90",
        "202005": "284.50",
        "202006": "295.12",
        "202007": "324.48",
        "202008": "306.90",
        "202009": "290.11",
        "202010": "295.63",
        "202011": "302.88",
        "202012": "326.11",
        "202101": "356.55",
        "202102": "362.46",
        "202103": "358.66",
        "202104": "355.05",
        "202105": "330.14",
        "202106": "331.33",
        "202107": "357.09",
        "202108": "365.84",
        "202109": "375.92",
        "202110": "350.15",
        "202111": "381.09",
        "202112": "387.36",
        "202201": "389.81",
        "202202": "383.13",
        "202203": "364.52",
        "202204": "369.37",
        "202205": "352.05",
        "202206": "344.00",
        "202207": "334.40",
        "202208": "339.02",
        "202209": "312.55",
        "202210": "297.38",
        "202211": "309.68",
        "202212": "331.95",
        "202301": "339.81",
        "202302": "359.03",
        "202303": "362.59",
        "202304": "365.94",
        "202305": "391.59",
        "202306": "405.20",
        "202307": "394.38",
        "202308": "352.11",
        "202309": "345.77"
    },
    "quarters": {
        "20011": {
            "year_quarter": 20011,
            "year": 2001,
            "quarter": 1,
            "eps": 1.58,
            "eps_growth_year": -7.06,
            "eps_4q": 5.7,
            "eps_4q_growth_year": -2.63,
            "roe": 8.24,
            "roe_4q": 8.24,
            "gross_profit": 521790,
            "gross_margin": 39.02,
            "gross_margin_4q_avg": 39.02,
            "net_income": 275734,
            "revenue": 1337406,
            "common_shares": 1745000,
            "book_valuer_per_share": 19.86,
            "book_valuer_per_share_4q_avg": 19.86,
            "equity": 3464805,
            "current_ratio": 233.88,
            "debt_ratio": 24.08,
            "inventory_turnover_ratio": 0.97,
            "account_receivable_turnover_ratio": null,
            "reinvestment_rate": null,
            "research_to_sale_ratio": null,
            "price_fair": 0,
            "eps_avg_yearly": 0,
            "eps_latest_yearly": 0,
            "eps_growth_yearly": 0
        },
        "20012": {
            "year_quarter": 20012,
            "year": 2001,
            "quarter": 2,
            "eps": 1.27,
            "eps_growth_year": 6.72,
            "eps_4q": 5.77,
            "eps_4q_growth_year": 24.55,
            "roe": 6.36,
            "roe_4q": 14.600000000000001,
            "gross_profit": 500066,
            "gross_margin": 38,
            "gross_margin_4q_avg": 38.51,
            "net_income": 222060,
            "revenue": 1316113,
            "common_shares": 1745000,
            "book_valuer_per_share": 20.17,
            "book_valuer_per_share_4q_avg": 20.02,
            "equity": 3520431,
            "current_ratio": 177.49,
            "debt_ratio": 31.61,
            "inventory_turnover_ratio": 1.44,
            "account_receivable_turnover_ratio": null,
            "reinvestment_rate": null,
            "research_to_sale_ratio": null,
            "price_fair": 0,
            "eps_avg_yearly": 0,
            "eps_latest_yearly": 0,
            "eps_growth_yearly": 0
        },
        "20013": {
            "year_quarter": 20013,
            "year": 2001,
            "quarter": 3,
            "eps": 1.52,
            "eps_growth_year": 13.43,
            "eps_4q": 4.84,
            "eps_4q_growth_year": -1.42,
            "roe": 9.55,
            "roe_4q": 24.15,
            "gross_profit": 561556,
            "gross_margin": 40.09,
            "gross_margin_4q_avg": 39.04,
            "net_income": 355054,
            "revenue": 1400882,
            "common_shares": 2332000,
            "book_valuer_per_share": 16.78,
            "book_valuer_per_share_4q_avg": 18.94,
            "equity": 3912881,
            "current_ratio": 327.64,
            "debt_ratio": 36.73,
            "inventory_turnover_ratio": 1.6,
            "account_receivable_turnover_ratio": null,
            "reinvestment_rate": null,
            "research_to_sale_ratio": null,
            "price_fair": 0,
            "eps_avg_yearly": 0,
            "eps_latest_yearly": 0,
            "eps_growth_yearly": 0
        },
        "20014": {
            "year_quarter": 20014,
            "year": 2001,
            "quarter": 4,
            "eps": 1.34,
            "eps_growth_year": -15.72,
            "eps_4q": 5,
            "eps_4q_growth_year": -7.2,
            "roe": 7.61,
            "roe_4q": 31.759999999999998,
            "gross_profit": 523613,
            "gross_margin": 37.69,
            "gross_margin_4q_avg": 38.7,
            "net_income": 312039,
            "revenue": 1389444,
            "common_shares": 2334294,
            "book_valuer_per_share": 18.14,
            "book_valuer_per_share_4q_avg": 18.74,
            "equity": 4287236,
            "current_ratio": 334.4,
            "debt_ratio": 37.41,
            "inventory_turnover_ratio": 1.26,
            "account_receivable_turnover_ratio": null,
            "reinvestment_rate": null,
            "research_to_sale_ratio": null,
            "price_fair": 0,
            "eps_avg_yearly": 0,
            "eps_latest_yearly": 0,
            "eps_growth_yearly": 0
        },
        "20021": {
            "year_quarter": 20021,
            "year": 2002,
            "quarter": 1,
            "eps": 1.45,
            "eps_growth_year": -8.23,
            "eps_4q": 5.27,
            "eps_4q_growth_year": -7.59,
            "roe": 7.62,
            "roe_4q": 31.14,
            "gross_profit": 540737,
            "gross_margin": 38.9,
            "gross_margin_4q_avg": 38.67,
            "net_income": 337846,
            "revenue": 1390073,
            "common_shares": 2334865,
            "book_valuer_per_share": 19.59,
            "book_valuer_per_share_4q_avg": 18.67,
            "equity": 4574392,
            "current_ratio": 365.02,
            "debt_ratio": 33.3,
            "inventory_turnover_ratio": 1.22,
            "account_receivable_turnover_ratio": null,
            "reinvestment_rate": null,
            "research_to_sale_ratio": null,
            "price_fair": 203,
            "eps_avg_yearly": 5.8,
            "eps_latest_yearly": 5.8,
            "eps_growth_yearly": 32.84
        },
        "20022": {
            "year_quarter": 20022,
            "year": 2002,
            "quarter": 2,
            "eps": 1.17,
            "eps_growth_year": -7.87,
            "eps_4q": 5.48,
            "eps_4q_growth_year": -5.1,
            "roe": 6.06,
            "roe_4q": 30.84,
            "gross_profit": 551157,
            "gross_margin": 35.99,
            "gross_margin_4q_avg": 38.17,
            "net_income": 272964,
            "revenue": 1531263,
            "common_shares": 2334865,
            "book_valuer_per_share": 19,
            "book_valuer_per_share_4q_avg": 18.38,
            "equity": 4435327,
            "current_ratio": 255.41,
            "debt_ratio": 39.17,
            "inventory_turnover_ratio": 1.71,
            "account_receivable_turnover_ratio": null,
            "reinvestment_rate": null,
            "research_to_sale_ratio": null,
            "price_fair": 15.72,
            "eps_avg_yearly": 5.24,
            "eps_latest_yearly": 4.68,
            "eps_growth_yearly": -22.2
        },
        "20023": {
            "year_quarter": 20023,
            "year": 2002,
            "quarter": 3,
            "eps": 1.19,
            "eps_growth_year": -21.71,
            "eps_4q": 4.43,
            "eps_4q_growth_year": -8.44,
            "roe": 7.33,
            "roe_4q": 28.62,
            "gross_profit": 595146,
            "gross_margin": 35.06,
            "gross_margin_4q_avg": 36.91,
            "net_income": 338822,
            "revenue": 1697596,
            "common_shares": 2855129,
            "book_valuer_per_share": 16.86,
            "book_valuer_per_share_4q_avg": 18.4,
            "equity": 4813333,
            "current_ratio": 340.35,
            "debt_ratio": 34,
            "inventory_turnover_ratio": 1.7,
            "account_receivable_turnover_ratio": null,
            "reinvestment_rate": null,
            "research_to_sale_ratio": null,
            "price_fair": 15.24,
            "eps_avg_yearly": 5.08,
            "eps_latest_yearly": 4.76,
            "eps_growth_yearly": -12.52
        },
        "20024": {
            "year_quarter": 20024,
            "year": 2002,
            "quarter": 4,
            "eps": 1,
            "eps_growth_year": -25.37,
            "eps_4q": 4.34,
            "eps_4q_growth_year": -13.28,
            "roe": 5.49,
            "roe_4q": 26.5,
            "gross_profit": 709199,
            "gross_margin": 40.47,
            "gross_margin_4q_avg": 37.61,
            "net_income": 284477,
            "revenue": 1752423,
            "common_shares": 2855129,
            "book_valuer_per_share": 17.91,
            "book_valuer_per_share_4q_avg": 18.34,
            "equity": 5557098,
            "current_ratio": 294.48,
            "debt_ratio": 37.22,
            "inventory_turnover_ratio": 0.98,
            "account_receivable_turnover_ratio": null,
            "reinvestment_rate": 33.51,
            "research_to_sale_ratio": null,
            "price_fair": 14.43,
            "eps_avg_yearly": 4.81,
            "eps_latest_yearly": 4,
            "eps_growth_yearly": -25.36
        },
        "20031": {
            "year_quarter": 20031,
            "year": 2003,
            "quarter": 1,
            "eps": 1.03,
            "eps_growth_year": -28.97,
            "eps_4q": 4.15,
            "eps_4q_growth_year": -21.19,
            "roe": 5.37,
            "roe_4q": 24.249999999999996,
            "gross_profit": 568579,
            "gross_margin": 37.89,
            "gross_margin_4q_avg": 37.35,
            "net_income": 295848,
            "revenue": 1500691,
            "common_shares": 2862423,
            "book_valuer_per_share": 19.07,
            "book_valuer_per_share_4q_avg": 18.21,
            "equity": 5458153,
            "current_ratio": 400.72,
            "debt_ratio": 30.33,
            "inventory_turnover_ratio": 0.87,
            "account_receivable_turnover_ratio": null,
            "reinvestment_rate": 19.66,
            "research_to_sale_ratio": null,
            "price_fair": 14.02,
            "eps_avg_yearly": 4.67,
            "eps_latest_yearly": 4.12,
            "eps_growth_yearly": -17.89
        },
        "20032": {
            "year_quarter": 20032,
            "year": 2003,
            "quarter": 2,
            "eps": 0.64,
            "eps_growth_year": -45.3,
            "eps_4q": 3.36,
            "eps_4q_growth_year": -38.62,
            "roe": 3.96,
            "roe_4q": 22.15,
            "gross_profit": 669783,
            "gross_margin": 39.57,
            "gross_margin_4q_avg": 38.25,
            "net_income": 216110,
            "revenue": 1692553,
            "common_shares": 2928462,
            "book_valuer_per_share": 18.66,
            "book_valuer_per_share_4q_avg": 18.13,
            "equity": 5463911,
            "current_ratio": 288.44,
            "debt_ratio": 33.6,
            "inventory_turnover_ratio": 1.64,
            "account_receivable_turnover_ratio": null,
            "reinvestment_rate": 21.13,
            "research_to_sale_ratio": null,
            "price_fair": 12.96,
            "eps_avg_yearly": 4.32,
            "eps_latest_yearly": 2.56,
            "eps_growth_yearly": -40.15
        },
        "20033": {
            "year_quarter": 20033,
            "year": 2003,
            "quarter": 3,
            "eps": 0.92,
            "eps_growth_year": -22.69,
            "eps_4q": 3.28,
            "eps_4q_growth_year": -25.98,
            "roe": 5.54,
            "roe_4q": 20.36,
            "gross_profit": 603938,
            "gross_margin": 34.16,
            "gross_margin_4q_avg": 38.02,
            "net_income": 310472,
            "revenue": 1768025,
            "common_shares": 3413039,
            "book_valuer_per_share": 16.81,
            "book_valuer_per_share_4q_avg": 18.11,
            "equity": 5738859,
            "current_ratio": 177.21,
            "debt_ratio": 29.61,
            "inventory_turnover_ratio": 2.01,
            "account_receivable_turnover_ratio": null,
            "reinvestment_rate": 14.9,
            "research_to_sale_ratio": null,
            "price_fair": 12.69,
            "eps_avg_yearly": 4.23,
            "eps_latest_yearly": 3.68,
            "eps_growth_yearly": -9.41
        },
        "20034": {
            "year_quarter": 20034,
            "year": 2003,
            "quarter": 4,
            "eps": 0.74,
            "eps_growth_year": -26,
            "eps_4q": 3.17,
            "eps_4q_growth_year": -26.82,
            "roe": 4.22,
            "roe_4q": 19.09,
            "gross_profit": 562248,
            "gross_margin": 29.95,
            "gross_margin_4q_avg": 35.39,
            "net_income": 249992,
            "revenue": 1877371,
            "common_shares": 3413039,
            "book_valuer_per_share": 17.04,
            "book_valuer_per_share_4q_avg": 17.9,
            "equity": 6114815,
            "current_ratio": 221.49,
            "debt_ratio": 34.84,
            "inventory_turnover_ratio": 1.21,
            "account_receivable_turnover_ratio": null,
            "reinvestment_rate": 26.02,
            "research_to_sale_ratio": null,
            "price_fair": 12.21,
            "eps_avg_yearly": 4.07,
            "eps_latest_yearly": 2.96,
            "eps_growth_yearly": -18.02
        },
        "20041": {
            "year_quarter": 20041,
            "year": 2004,
            "quarter": 1,
            "eps": 1.66,
            "eps_growth_year": 61.16,
            "eps_4q": 3.96,
            "eps_4q_growth_year": -4.48,
            "roe": 8.99,
            "roe_4q": 22.71,
            "gross_profit": 577246,
            "gross_margin": 30.79,
            "gross_margin_4q_avg": 33.62,
            "net_income": 559456,
            "revenue": 1874702,
            "common_shares": 3377279,
            "book_valuer_per_share": 18.75,
            "book_valuer_per_share_4q_avg": 17.82,
            "equity": 6331141,
            "current_ratio": 185.1,
            "debt_ratio": 31.33,
            "inventory_turnover_ratio": 1.12,
            "account_receivable_turnover_ratio": null,
            "reinvestment_rate": 7.56,
            "research_to_sale_ratio": null,
            "price_fair": 152.44,
            "eps_avg_yearly": 4.36,
            "eps_latest_yearly": 6.64,
            "eps_growth_yearly": 39.24
        },
        "20042": {
            "year_quarter": 20042,
            "year": 2004,
            "quarter": 2,
            "eps": 1.61,
            "eps_growth_year": 151.56,
            "eps_4q": 4.92,
            "eps_4q_growth_year": 46.24,
            "roe": 8.74,
            "roe_4q": 27.49,
            "gross_profit": 587405,
            "gross_margin": 29.42,
            "gross_margin_4q_avg": 31.08,
            "net_income": 545318,
            "revenue": 1996481,
            "common_shares": 3400907,
            "book_valuer_per_share": 18.08,
            "book_valuer_per_share_4q_avg": 17.67,
            "equity": 6147770,
            "current_ratio": 154.61,
            "debt_ratio": 39.68,
            "inventory_turnover_ratio": 1.81,
            "account_receivable_turnover_ratio": null,
            "reinvestment_rate": 5.82,
            "research_to_sale_ratio": null,
            "price_fair": 159.74,
            "eps_avg_yearly": 4.56,
            "eps_latest_yearly": 6.44,
            "eps_growth_yearly": 34.11
        },
        "20043": {
            "year_quarter": 20043,
            "year": 2004,
            "quarter": 3,
            "eps": 1.59,
            "eps_growth_year": 72.83,
            "eps_4q": 5.34,
            "eps_4q_growth_year": 62.73,
            "roe": 8.71,
            "roe_4q": 30.660000000000004,
            "gross_profit": 621119,
            "gross_margin": 30.16,
            "gross_margin_4q_avg": 30.08,
            "net_income": 574793,
            "revenue": 2059093,
            "common_shares": 3692427,
            "book_valuer_per_share": 19.08,
            "book_valuer_per_share_4q_avg": 18.24,
            "equity": 7045692,
            "current_ratio": 216,
            "debt_ratio": 27.99,
            "inventory_turnover_ratio": 1.74,
            "account_receivable_turnover_ratio": null,
            "reinvestment_rate": 6.12,
            "research_to_sale_ratio": null,
            "price_fair": 165.45,
            "eps_avg_yearly": 4.73,
            "eps_latest_yearly": 6.36,
            "eps_growth_yearly": 30.56
        },
        "20044": {
            "year_quarter": 20044,
            "year": 2004,
            "quarter": 4,
            "eps": 1.32,
            "eps_growth_year": 78.38,
            "eps_4q": 5.93,
            "eps_4q_growth_year": 86.9,
            "roe": 6.35,
            "roe_4q": 32.79,
            "gross_profit": 599721,
            "gross_margin": 31.91,
            "gross_margin_4q_avg": 30.57,
            "net_income": 480588,
            "revenue": 1879687,
            "common_shares": 3742962,
            "book_valuer_per_share": 20.62,
            "book_valuer_per_share_4q_avg": 19.13,
            "equity": 8080476,
            "current_ratio": 331.47,
            "debt_ratio": 25.03,
            "inventory_turnover_ratio": 1.08,
            "account_receivable_turnover_ratio": null,
            "reinvestment_rate": 14.58,
            "research_to_sale_ratio": null,
            "price_fair": 154.42,
            "eps_avg_yearly": 4.77,
            "eps_latest_yearly": 5.28,
            "eps_growth_yearly": 22.35
        },
        "20051": {
            "year_quarter": 20051,
            "year": 2005,
            "quarter": 1,
            "eps": 1.37,
            "eps_growth_year": -17.47,
            "eps_4q": 5.66,
            "eps_4q_growth_year": 42.67,
            "roe": 6.28,
            "roe_4q": 30.08,
            "gross_profit": 562759,
            "gross_margin": 31.11,
            "gross_margin_4q_avg": 30.65,
            "net_income": 511698,
            "revenue": 1808806,
            "common_shares": 3747672,
            "book_valuer_per_share": 21.91,
            "book_valuer_per_share_4q_avg": 19.92,
            "equity": 8210138,
            "current_ratio": 284.87,
            "debt_ratio": 23.83,
            "inventory_turnover_ratio": 1.07,
            "account_receivable_turnover_ratio": null,
            "reinvestment_rate": 3.32,
            "research_to_sale_ratio": null,
            "price_fair": 153.5,
            "eps_avg_yearly": 4.83,
            "eps_latest_yearly": 5.48,
            "eps_growth_yearly": 21.8
        },
        "20052": {
            "year_quarter": 20052,
            "year": 2005,
            "quarter": 2,
            "eps": 1.52,
            "eps_growth_year": -5.59,
            "eps_4q": 5.69,
            "eps_4q_growth_year": 15.65,
            "roe": 7.33,
            "roe_4q": 28.67,
            "gross_profit": 627155,
            "gross_margin": 31.41,
            "gross_margin_4q_avg": 31.15,
            "net_income": 571758,
            "revenue": 1996605,
            "common_shares": 3779407,
            "book_valuer_per_share": 19.57,
            "book_valuer_per_share_4q_avg": 20.3,
            "equity": 7396721,
            "current_ratio": 202.47,
            "debt_ratio": 34.23,
            "inventory_turnover_ratio": 1.55,
            "account_receivable_turnover_ratio": null,
            "reinvestment_rate": 1.4,
            "research_to_sale_ratio": null,
            "price_fair": 164.08,
            "eps_avg_yearly": 4.92,
            "eps_latest_yearly": 6.08,
            "eps_growth_yearly": 23.37
        },
        "20053": {
            "year_quarter": 20053,
            "year": 2005,
            "quarter": 3,
            "eps": 1.72,
            "eps_growth_year": 8.18,
            "eps_4q": 5.64,
            "eps_4q_growth_year": 5.58,
            "roe": 8.72,
            "roe_4q": 28.68,
            "gross_profit": 740617,
            "gross_margin": 32.17,
            "gross_margin_4q_avg": 31.65,
            "net_income": 687046,
            "revenue": 2302119,
            "common_shares": 4038893,
            "book_valuer_per_share": 20.71,
            "book_valuer_per_share_4q_avg": 20.7,
            "equity": 8366522,
            "current_ratio": 305.01,
            "debt_ratio": 23.04,
            "inventory_turnover_ratio": 1.37,
            "account_receivable_turnover_ratio": null,
            "reinvestment_rate": 0.65,
            "research_to_sale_ratio": null,
            "price_fair": 176.68,
            "eps_avg_yearly": 5.05,
            "eps_latest_yearly": 6.88,
            "eps_growth_yearly": 25.32
        },
        "20054": {
            "year_quarter": 20054,
            "year": 2005,
            "quarter": 4,
            "eps": 1.64,
            "eps_growth_year": 24.24,
            "eps_4q": 6.04,
            "eps_4q_growth_year": 1.87,
            "roe": 6.32,
            "roe_4q": 28.650000000000002,
            "gross_profit": 742283,
            "gross_margin": 30.87,
            "gross_margin_4q_avg": 31.39,
            "net_income": 659301,
            "revenue": 2404639,
            "common_shares": 4489003,
            "book_valuer_per_share": 27.78,
            "book_valuer_per_share_4q_avg": 22.49,
            "equity": 12510570,
            "current_ratio": 325.85,
            "debt_ratio": 18.9,
            "inventory_turnover_ratio": 0.92,
            "account_receivable_turnover_ratio": null,
            "reinvestment_rate": 7.61,
            "research_to_sale_ratio": null,
            "price_fair": 167.51,
            "eps_avg_yearly": 5.14,
            "eps_latest_yearly": 6.56,
            "eps_growth_yearly": 22.57
        },
        "20061": {
            "year_quarter": 20061,
            "year": 2006,
            "quarter": 1,
            "eps": 1.5,
            "eps_growth_year": 9.49,
            "eps_4q": 5.78,
            "eps_4q_growth_year": 2.23,
            "roe": 5.22,
            "roe_4q": 27.589999999999996,
            "gross_profit": 699440,
            "gross_margin": 30.11,
            "gross_margin_4q_avg": 31.14,
            "net_income": 671954,
            "revenue": 2322593,
            "common_shares": 4489603,
            "book_valuer_per_share": 29.46,
            "book_valuer_per_share_4q_avg": 24.38,
            "equity": 13224975,
            "current_ratio": 427.77,
            "debt_ratio": 13.01,
            "inventory_turnover_ratio": 0.89,
            "account_receivable_turnover_ratio": null,
            "reinvestment_rate": 0.45,
            "research_to_sale_ratio": null,
            "price_fair": 146.34,
            "eps_avg_yearly": 5.16,
            "eps_latest_yearly": 6,
            "eps_growth_yearly": 18.39
        },
        "20062": {
            "year_quarter": 20062,
            "year": 2006,
            "quarter": 2,
            "eps": 1.75,
            "eps_growth_year": 15.13,
            "eps_4q": 6.25,
            "eps_4q_growth_year": 9.87,
            "roe": 6.3,
            "roe_4q": 26.560000000000002,
            "gross_profit": 793950,
            "gross_margin": 29.43,
            "gross_margin_4q_avg": 30.65,
            "net_income": 785400,
            "revenue": 2697350,
            "common_shares": 4491383,
            "book_valuer_per_share": 26.1,
            "book_valuer_per_share_4q_avg": 26.01,
            "equity": 11720731,
            "current_ratio": 204.93,
            "debt_ratio": 25.66,
            "inventory_turnover_ratio": 1.49,
            "account_receivable_turnover_ratio": null,
            "reinvestment_rate": 0.47,
            "research_to_sale_ratio": null,
            "price_fair": 185.5,
            "eps_avg_yearly": 5.3,
            "eps_latest_yearly": 7,
            "eps_growth_yearly": 27.38
        },
        "20063": {
            "year_quarter": 20063,
            "year": 2006,
            "quarter": 3,
            "eps": 1.88,
            "eps_growth_year": 9.3,
            "eps_4q": 6.46,
            "eps_4q_growth_year": 14.68,
            "roe": 7.05,
            "roe_4q": 24.89,
            "gross_profit": 870046,
            "gross_margin": 30.87,
            "gross_margin_4q_avg": 30.32,
            "net_income": 868360,
            "revenue": 2818261,
            "common_shares": 4633645,
            "book_valuer_per_share": 27.84,
            "book_valuer_per_share_4q_avg": 27.8,
            "equity": 12900668,
            "current_ratio": 334.61,
            "debt_ratio": 15.83,
            "inventory_turnover_ratio": 1.54,
            "account_receivable_turnover_ratio": null,
            "reinvestment_rate": 0.69,
            "research_to_sale_ratio": null,
            "price_fair": 191.54,
            "eps_avg_yearly": 5.47,
            "eps_latest_yearly": 7.52,
            "eps_growth_yearly": 28.81
        },
        "20064": {
            "year_quarter": 20064,
            "year": 2006,
            "quarter": 4,
            "eps": 1.28,
            "eps_growth_year": -21.95,
            "eps_4q": 6.31,
            "eps_4q_growth_year": 4.35,
            "roe": 4.39,
            "roe_4q": 22.959999999999997,
            "gross_profit": 852755,
            "gross_margin": 30.51,
            "gross_margin_4q_avg": 30.23,
            "net_income": 592177,
            "revenue": 2795207,
            "common_shares": 4636295,
            "book_valuer_per_share": 30.27,
            "book_valuer_per_share_4q_avg": 28.42,
            "equity": 14068147,
            "current_ratio": 382.3,
            "debt_ratio": 16.07,
            "inventory_turnover_ratio": 1.02,
            "account_receivable_turnover_ratio": null,
            "reinvestment_rate": 7.44,
            "research_to_sale_ratio": null,
            "price_fair": 193.01,
            "eps_avg_yearly": 5.54,
            "eps_latest_yearly": 5.12,
            "eps_growth_yearly": 24.82
        },
        "20071": {
            "year_quarter": 20071,
            "year": 2007,
            "quarter": 1,
            "eps": 1.27,
            "eps_growth_year": -15.33,
            "eps_4q": 6.13,
            "eps_4q_growth_year": 6.07,
            "roe": 4.15,
            "roe_4q": 21.89,
            "gross_profit": 678924,
            "gross_margin": 29.02,
            "gross_margin_4q_avg": 29.96,
            "net_income": 586551,
            "revenue": 2339453,
            "common_shares": 4636645,
            "book_valuer_per_share": 30.61,
            "book_valuer_per_share_4q_avg": 28.71,
            "equity": 14191313,
            "current_ratio": 417.27,
            "debt_ratio": 13.35,
            "inventory_turnover_ratio": 0.91,
            "account_receivable_turnover_ratio": null,
            "reinvestment_rate": 2.86,
            "research_to_sale_ratio": null,
            "price_fair": 189.81,
            "eps_avg_yearly": 5.6,
            "eps_latest_yearly": 5.08,
            "eps_growth_yearly": 23.88
        },
        "20072": {
            "year_quarter": 20072,
            "year": 2007,
            "quarter": 2,
            "eps": 1.78,
            "eps_growth_year": 1.71,
            "eps_4q": 6.19,
            "eps_4q_growth_year": -0.95,
            "roe": 6,
            "roe_4q": 21.59,
            "gross_profit": 880691,
            "gross_margin": 30.12,
            "gross_margin_4q_avg": 30.13,
            "net_income": 826738,
            "revenue": 2924216,
            "common_shares": 4636645,
            "book_valuer_per_share": 28.84,
            "book_valuer_per_share_4q_avg": 29.39,
            "equity": 13373192,
            "current_ratio": 192.59,
            "debt_ratio": 25.21,
            "inventory_turnover_ratio": 1.87,
            "account_receivable_turnover_ratio": null,
            "reinvestment_rate": 3.45,
            "research_to_sale_ratio": null,
            "price_fair": 206.06,
            "eps_avg_yearly": 5.89,
            "eps_latest_yearly": 7.12,
            "eps_growth_yearly": 43.38
        },
        "20073": {
            "year_quarter": 20073,
            "year": 2007,
            "quarter": 3,
            "eps": 1.64,
            "eps_growth_year": -12.77,
            "eps_4q": 5.74,
            "eps_4q_growth_year": -11.12,
            "roe": 5.98,
            "roe_4q": 20.520000000000003,
            "gross_profit": 879881,
            "gross_margin": 30.23,
            "gross_margin_4q_avg": 29.97,
            "net_income": 801398,
            "revenue": 2911086,
            "common_shares": 4912270,
            "book_valuer_per_share": 27.3,
            "book_valuer_per_share_4q_avg": 29.26,
            "equity": 13408297,
            "current_ratio": 238.58,
            "debt_ratio": 16.2,
            "inventory_turnover_ratio": 1.83,
            "account_receivable_turnover_ratio": null,
            "reinvestment_rate": 4.78,
            "research_to_sale_ratio": null,
            "price_fair": 212.36,
            "eps_avg_yearly": 6.07,
            "eps_latest_yearly": 6.56,
            "eps_growth_yearly": 30.48
        },
        "20074": {
            "year_quarter": 20074,
            "year": 2007,
            "quarter": 4,
            "eps": 1.55,
            "eps_growth_year": 21.09,
            "eps_4q": 6.09,
            "eps_4q_growth_year": -3.47,
            "roe": 5.5,
            "roe_4q": 21.630000000000003,
            "gross_profit": 912554,
            "gross_margin": 28.49,
            "gross_margin_4q_avg": 29.47,
            "net_income": 756362,
            "revenue": 3202872,
            "common_shares": 4915770,
            "book_valuer_per_share": 28.56,
            "book_valuer_per_share_4q_avg": 28.83,
            "equity": 14112160,
            "current_ratio": 278.64,
            "debt_ratio": 21.64,
            "inventory_turnover_ratio": 1.28,
            "account_receivable_turnover_ratio": null,
            "reinvestment_rate": 10.36,
            "research_to_sale_ratio": null,
            "price_fair": 219.45,
            "eps_avg_yearly": 6.27,
            "eps_latest_yearly": 6.2,
            "eps_growth_yearly": 34
        },
        "20081": {
            "year_quarter": 20081,
            "year": 2008,
            "quarter": 1,
            "eps": 1.33,
            "eps_growth_year": 4.72,
            "eps_4q": 6.37,
            "eps_4q_growth_year": 3.82,
            "roe": 4.55,
            "roe_4q": 22.03,
            "gross_profit": 1800729,
            "gross_margin": 43.4,
            "gross_margin_4q_avg": 33.06,
            "net_income": 629893,
            "revenue": 4149509,
            "common_shares": 4918770,
            "book_valuer_per_share": 27.47,
            "book_valuer_per_share_4q_avg": 28.04,
            "equity": 13584875,
            "current_ratio": 274.88,
            "debt_ratio": 22,
            "inventory_turnover_ratio": 0.95,
            "account_receivable_turnover_ratio": null,
            "reinvestment_rate": 17.87,
            "research_to_sale_ratio": null,
            "price_fair": 18.56,
            "eps_avg_yearly": 6.19,
            "eps_latest_yearly": 5.32,
            "eps_growth_yearly": -0.63
        },
        "20082": {
            "year_quarter": 20082,
            "year": 2008,
            "quarter": 2,
            "eps": 1.36,
            "eps_growth_year": -23.6,
            "eps_4q": 6.04,
            "eps_4q_growth_year": -2.39,
            "roe": 5,
            "roe_4q": 21.03,
            "gross_profit": 1920604,
            "gross_margin": 42.2,
            "gross_margin_4q_avg": 36.08,
            "net_income": 636813,
            "revenue": 4550908,
            "common_shares": 4819620,
            "book_valuer_per_share": 24.51,
            "book_valuer_per_share_4q_avg": 26.96,
            "equity": 11899593,
            "current_ratio": 169.68,
            "debt_ratio": 34.07,
            "inventory_turnover_ratio": 1.01,
            "account_receivable_turnover_ratio": null,
            "reinvestment_rate": 21.08,
            "research_to_sale_ratio": null,
            "price_fair": 61.25,
            "eps_avg_yearly": 6.13,
            "eps_latest_yearly": 5.44,
            "eps_growth_yearly": 0.69
        },
        "20083": {
            "year_quarter": 20083,
            "year": 2008,
            "quarter": 3,
            "eps": 1.46,
            "eps_growth_year": -10.98,
            "eps_4q": 5.49,
            "eps_4q_growth_year": -4.37,
            "roe": 6.09,
            "roe_4q": 21.14,
            "gross_profit": 1895523,
            "gross_margin": 42.29,
            "gross_margin_4q_avg": 39.1,
            "net_income": 732440,
            "revenue": 4482453,
            "common_shares": 5113458,
            "book_valuer_per_share": 23.62,
            "book_valuer_per_share_4q_avg": 26.04,
            "equity": 12167802,
            "current_ratio": 228.07,
            "debt_ratio": 25.09,
            "inventory_turnover_ratio": 0.96,
            "account_receivable_turnover_ratio": null,
            "reinvestment_rate": 21.28,
            "research_to_sale_ratio": null,
            "price_fair": 78.2,
            "eps_avg_yearly": 6.09,
            "eps_latest_yearly": 5.84,
            "eps_growth_yearly": 2.84
        },
        "20084": {
            "year_quarter": 20084,
            "year": 2008,
            "quarter": 4,
            "eps": 1.12,
            "eps_growth_year": -27.74,
            "eps_4q": 5.11,
            "eps_4q_growth_year": -16.03,
            "roe": 4.71,
            "roe_4q": 20.35,
            "gross_profit": 1755346,
            "gross_margin": 42.04,
            "gross_margin_4q_avg": 42.48,
            "net_income": 560082,
            "revenue": 4175348,
            "common_shares": 5113458,
            "book_valuer_per_share": 22.57,
            "book_valuer_per_share_4q_avg": 24.54,
            "equity": 11633604,
            "current_ratio": 247.3,
            "debt_ratio": 23.99,
            "inventory_turnover_ratio": 0.95,
            "account_receivable_turnover_ratio": null,
            "reinvestment_rate": 17.47,
            "research_to_sale_ratio": null,
            "price_fair": 68.04,
            "eps_avg_yearly": 6.04,
            "eps_latest_yearly": 4.48,
            "eps_growth_yearly": 1.26
        },
        "20091": {
            "year_quarter": 20091,
            "year": 2009,
            "quarter": 1,
            "eps": 0.76,
            "eps_growth_year": -42.86,
            "eps_4q": 4.63,
            "eps_4q_growth_year": -27.22,
            "roe": 3.19,
            "roe_4q": 18.990000000000002,
            "gross_profit": 1453957,
            "gross_margin": 40.9,
            "gross_margin_4q_avg": 41.86,
            "net_income": 377472,
            "revenue": 3555300,
            "common_shares": 5113658,
            "book_valuer_per_share": 23.42,
            "book_valuer_per_share_4q_avg": 23.53,
            "equity": 12060317,
            "current_ratio": 284.99,
            "debt_ratio": 20.78,
            "inventory_turnover_ratio": 0.95,
            "account_receivable_turnover_ratio": null,
            "reinvestment_rate": 25.7,
            "research_to_sale_ratio": null,
            "price_fair": 17.67,
            "eps_avg_yearly": 5.89,
            "eps_latest_yearly": 3.04,
            "eps_growth_yearly": -7.72
        },
        "20092": {
            "year_quarter": 20092,
            "year": 2009,
            "quarter": 2,
            "eps": 0.72,
            "eps_growth_year": -47.06,
            "eps_4q": 4.04,
            "eps_4q_growth_year": -33.13,
            "roe": 3.09,
            "roe_4q": 17.08,
            "gross_profit": 1447295,
            "gross_margin": 39.83,
            "gross_margin_4q_avg": 41.27,
            "net_income": 360120,
            "revenue": 3633516,
            "common_shares": 5113858,
            "book_valuer_per_share": 21.81,
            "book_valuer_per_share_4q_avg": 22.86,
            "equity": 11228811,
            "current_ratio": 193.84,
            "debt_ratio": 29.44,
            "inventory_turnover_ratio": 1.11,
            "account_receivable_turnover_ratio": 3.03,
            "reinvestment_rate": 26.04,
            "research_to_sale_ratio": null,
            "price_fair": 17.07,
            "eps_avg_yearly": 5.69,
            "eps_latest_yearly": 2.88,
            "eps_growth_yearly": -11.78
        },
        "20093": {
            "year_quarter": 20093,
            "year": 2009,
            "quarter": 3,
            "eps": 1.11,
            "eps_growth_year": -23.97,
            "eps_4q": 3.67,
            "eps_4q_growth_year": -33.11,
            "roe": 4.74,
            "roe_4q": 15.73,
            "gross_profit": 1597243,
            "gross_margin": 41.38,
            "gross_margin_4q_avg": 41.04,
            "net_income": 558528,
            "revenue": 3859881,
            "common_shares": 5161337,
            "book_valuer_per_share": 23.71,
            "book_valuer_per_share_4q_avg": 22.88,
            "equity": 12329068,
            "current_ratio": 258.46,
            "debt_ratio": 21.05,
            "inventory_turnover_ratio": 1.17,
            "account_receivable_turnover_ratio": 1.57,
            "reinvestment_rate": 25.75,
            "research_to_sale_ratio": null,
            "price_fair": 16.61,
            "eps_avg_yearly": 5.54,
            "eps_latest_yearly": 4.44,
            "eps_growth_yearly": -1.52
        },
        "20094": {
            "year_quarter": 20094,
            "year": 2009,
            "quarter": 4,
            "eps": 0.92,
            "eps_growth_year": -17.86,
            "eps_4q": 3.48,
            "eps_4q_growth_year": -32,
            "roe": 3.65,
            "roe_4q": 14.67,
            "gross_profit": 1737132,
            "gross_margin": 40.64,
            "gross_margin_4q_avg": 40.69,
            "net_income": 463452,
            "revenue": 4273943,
            "common_shares": 5161337,
            "book_valuer_per_share": 25.14,
            "book_valuer_per_share_4q_avg": 23.52,
            "equity": 13059934,
            "current_ratio": 254.38,
            "debt_ratio": 21.49,
            "inventory_turnover_ratio": 1.25,
            "account_receivable_turnover_ratio": 1.71,
            "reinvestment_rate": 18.33,
            "research_to_sale_ratio": null,
            "price_fair": 16.07,
            "eps_avg_yearly": 5.36,
            "eps_latest_yearly": 3.68,
            "eps_growth_yearly": -4.64
        },
        "20101": {
            "year_quarter": 20101,
            "year": 2010,
            "quarter": 1,
            "eps": null,
            "eps_growth_year": null,
            "eps_4q": null,
            "eps_4q_growth_year": null,
            "roe": null,
            "roe_4q": 11.48,
            "gross_profit": 1780392,
            "gross_margin": null,
            "gross_margin_4q_avg": 30.46,
            "net_income": 504821,
            "revenue": 4334286,
            "common_shares": 5161337,
            "book_valuer_per_share": 25.49,
            "book_valuer_per_share_4q_avg": 24.04,
            "equity": 13320160,
            "current_ratio": 247.16,
            "debt_ratio": 22.76,
            "inventory_turnover_ratio": null,
            "account_receivable_turnover_ratio": null,
            "reinvestment_rate": null,
            "research_to_sale_ratio": null,
            "price_fair": 15.94,
            "eps_avg_yearly": 5.31,
            "eps_latest_yearly": 3.68,
            "eps_growth_yearly": -2.67
        },
        "20102": {
            "year_quarter": 20102,
            "year": 2010,
            "quarter": 2,
            "eps": 1.87,
            "eps_growth_year": 159.7,
            "eps_4q": 3.9,
            "eps_4q_growth_year": -3.48,
            "roe": 7.44,
            "roe_4q": 15.83,
            "gross_profit": 2353055,
            "gross_margin": 39.47,
            "gross_margin_4q_avg": 30.37,
            "net_income": 937959,
            "revenue": 5961892,
            "common_shares": 5161337,
            "book_valuer_per_share": 23.44,
            "book_valuer_per_share_4q_avg": 24.45,
            "equity": 11883101,
            "current_ratio": 161.29,
            "debt_ratio": 36.6,
            "inventory_turnover_ratio": 1.19,
            "account_receivable_turnover_ratio": 3.43,
            "reinvestment_rate": 55.1,
            "research_to_sale_ratio": null,
            "price_fair": 15.58,
            "eps_avg_yearly": 5.19,
            "eps_latest_yearly": 3.68,
            "eps_growth_yearly": -7.63
        },
        "20103": {
            "year_quarter": 20103,
            "year": 2010,
            "quarter": 3,
            "eps": 1.67,
            "eps_growth_year": 50.14,
            "eps_4q": 4.45,
            "eps_4q_growth_year": 21.2,
            "roe": 6.88,
            "roe_4q": 17.97,
            "gross_profit": 2415513,
            "gross_margin": 38.35,
            "gross_margin_4q_avg": 29.62,
            "net_income": 850277,
            "revenue": 6297808,
            "common_shares": 5161337,
            "book_valuer_per_share": 25.34,
            "book_valuer_per_share_4q_avg": 24.85,
            "equity": 12849759,
            "current_ratio": 206.35,
            "debt_ratio": 28.52,
            "inventory_turnover_ratio": 1.12,
            "account_receivable_turnover_ratio": 1.75,
            "reinvestment_rate": 55.53,
            "research_to_sale_ratio": 10.72,
            "price_fair": 15.4,
            "eps_avg_yearly": 5.13,
            "eps_latest_yearly": 6.68,
            "eps_growth_yearly": -12.8
        },
        "20104": {
            "year_quarter": 20104,
            "year": 2010,
            "quarter": 4,
            "eps": 1.53,
            "eps_growth_year": 66.69,
            "eps_4q": 5.07,
            "eps_4q_growth_year": 45.83,
            "roe": 5.85,
            "roe_4q": 20.17,
            "gross_profit": 2653897,
            "gross_margin": 41.23,
            "gross_margin_4q_avg": 29.76,
            "net_income": 774352,
            "revenue": 6436553,
            "common_shares": 5016337,
            "book_valuer_per_share": 26.98,
            "book_valuer_per_share_4q_avg": 25.31,
            "equity": 13627614,
            "current_ratio": 234.69,
            "debt_ratio": 25.27,
            "inventory_turnover_ratio": 1.05,
            "account_receivable_turnover_ratio": 1.83,
            "reinvestment_rate": 45.55,
            "research_to_sale_ratio": 6.32,
            "price_fair": 15.62,
            "eps_avg_yearly": 5.21,
            "eps_latest_yearly": 6.12,
            "eps_growth_yearly": -6.08
        },
        "20111": {
            "year_quarter": 20111,
            "year": 2011,
            "quarter": 1,
            "eps": 1.8,
            "eps_growth_year": null,
            "eps_4q": 6.87,
            "eps_4q_growth_year": null,
            "roe": 6.46,
            "roe_4q": 26.63,
            "gross_profit": 2426102,
            "gross_margin": 37.34,
            "gross_margin_4q_avg": 39.1,
            "net_income": 903409,
            "revenue": 6496753,
            "common_shares": 5016337,
            "book_valuer_per_share": 28.44,
            "book_valuer_per_share_4q_avg": 26.05,
            "equity": 14362529,
            "current_ratio": 189.77,
            "debt_ratio": 29.74,
            "inventory_turnover_ratio": 1.13,
            "account_receivable_turnover_ratio": 1.72,
            "reinvestment_rate": 65.03,
            "research_to_sale_ratio": 7.29,
            "price_fair": 16.07,
            "eps_avg_yearly": 5.36,
            "eps_latest_yearly": 7.2,
            "eps_growth_yearly": -0.82
        },
        "20112": {
            "year_quarter": 20112,
            "year": 2011,
            "quarter": 2,
            "eps": 1.76,
            "eps_growth_year": -5.7,
            "eps_4q": 6.3,
            "eps_4q_growth_year": 61.73,
            "roe": 6.97,
            "roe_4q": 26.16,
            "gross_profit": 2710686,
            "gross_margin": 38.99,
            "gross_margin_4q_avg": 38.98,
            "net_income": 978032,
            "revenue": 6951689,
            "common_shares": 5016337,
            "book_valuer_per_share": 27.14,
            "book_valuer_per_share_4q_avg": 26.98,
            "equity": 13708791,
            "current_ratio": 169.55,
            "debt_ratio": 37.93,
            "inventory_turnover_ratio": 1.05,
            "account_receivable_turnover_ratio": 1.62,
            "reinvestment_rate": 64.66,
            "research_to_sale_ratio": 7.57,
            "price_fair": 16.05,
            "eps_avg_yearly": 5.35,
            "eps_latest_yearly": 7.04,
            "eps_growth_yearly": -12.92
        },
        "20113": {
            "year_quarter": 20113,
            "year": 2011,
            "quarter": 3,
            "eps": 1.63,
            "eps_growth_year": -1.99,
            "eps_4q": 6.42,
            "eps_4q_growth_year": 44.23,
            "roe": 6.36,
            "roe_4q": 25.64,
            "gross_profit": 2675284,
            "gross_margin": 39.99,
            "gross_margin_4q_avg": 39.39,
            "net_income": 910064,
            "revenue": 6689425,
            "common_shares": 5517971,
            "book_valuer_per_share": 26.86,
            "book_valuer_per_share_4q_avg": 27.36,
            "equity": 14926019,
            "current_ratio": 223.33,
            "debt_ratio": 29.8,
            "inventory_turnover_ratio": 0.9,
            "account_receivable_turnover_ratio": 1.52,
            "reinvestment_rate": 62.21,
            "research_to_sale_ratio": 8.75,
            "price_fair": 16.05,
            "eps_avg_yearly": 5.35,
            "eps_latest_yearly": 6.52,
            "eps_growth_yearly": -12.79
        },
        "20114": {
            "year_quarter": 20114,
            "year": 2011,
            "quarter": 4,
            "eps": 1.41,
            "eps_growth_year": -8.28,
            "eps_4q": 6.42,
            "eps_4q_growth_year": 26.72,
            "roe": 5.09,
            "roe_4q": 24.88,
            "gross_profit": 2712786,
            "gross_margin": 43.09,
            "gross_margin_4q_avg": 39.85,
            "net_income": 779322,
            "revenue": 6295873,
            "common_shares": 5517971,
            "book_valuer_per_share": 28.2,
            "book_valuer_per_share_4q_avg": 27.66,
            "equity": 15694363,
            "current_ratio": 251.18,
            "debt_ratio": 27.26,
            "inventory_turnover_ratio": 0.85,
            "account_receivable_turnover_ratio": 1.52,
            "reinvestment_rate": 51.31,
            "research_to_sale_ratio": 14.03,
            "price_fair": 15.93,
            "eps_avg_yearly": 5.31,
            "eps_latest_yearly": 5.64,
            "eps_growth_yearly": -15.08
        },
        "20121": {
            "year_quarter": 20121,
            "year": 2012,
            "quarter": 1,
            "eps": 1.35,
            "eps_growth_year": -25,
            "eps_4q": 6.14,
            "eps_4q_growth_year": -10.58,
            "roe": 4.59,
            "roe_4q": 23.009999999999998,
            "gross_profit": 2494947,
            "gross_margin": 39.81,
            "gross_margin_4q_avg": 40.47,
            "net_income": 750404,
            "revenue": 6267463,
            "common_shares": 5529961,
            "book_valuer_per_share": 30.46,
            "book_valuer_per_share_4q_avg": 28.17,
            "equity": 16970329,
            "current_ratio": 258.84,
            "debt_ratio": 27.29,
            "inventory_turnover_ratio": 0.97,
            "account_receivable_turnover_ratio": 1.57,
            "reinvestment_rate": 126.94,
            "research_to_sale_ratio": 9.38,
            "price_fair": 15.94,
            "eps_avg_yearly": 5.31,
            "eps_latest_yearly": 5.4,
            "eps_growth_yearly": -12.24
        },
        "20122": {
            "year_quarter": 20122,
            "year": 2012,
            "quarter": 2,
            "eps": 1.74,
            "eps_growth_year": -1.41,
            "eps_4q": 6.1,
            "eps_4q_growth_year": -3.32,
            "roe": 6.05,
            "roe_4q": 22.09,
            "gross_profit": 2895857,
            "gross_margin": 39.98,
            "gross_margin_4q_avg": 40.72,
            "net_income": 977174,
            "revenue": 7243219,
            "common_shares": 5570043,
            "book_valuer_per_share": 27.35,
            "book_valuer_per_share_4q_avg": 28.22,
            "equity": 15338117,
            "current_ratio": 176.24,
            "debt_ratio": 38.73,
            "inventory_turnover_ratio": 1.11,
            "account_receivable_turnover_ratio": 1.6,
            "reinvestment_rate": 43.86,
            "research_to_sale_ratio": 7.7,
            "price_fair": 16.27,
            "eps_avg_yearly": 5.42,
            "eps_latest_yearly": 6.96,
            "eps_growth_yearly": -4.63
        },
        "20123": {
            "year_quarter": 20123,
            "year": 2012,
            "quarter": 3,
            "eps": 1.64,
            "eps_growth_year": 0.3,
            "eps_4q": 6.08,
            "eps_4q_growth_year": -5.27,
            "roe": 5.76,
            "roe_4q": 21.49,
            "gross_profit": 2802098,
            "gross_margin": 39.69,
            "gross_margin_4q_avg": 40.64,
            "net_income": 925525,
            "revenue": 7059704,
            "common_shares": 5608937,
            "book_valuer_per_share": 29.71,
            "book_valuer_per_share_4q_avg": 28.93,
            "equity": 16774972,
            "current_ratio": 227.45,
            "debt_ratio": 28.65,
            "inventory_turnover_ratio": 1.01,
            "account_receivable_turnover_ratio": 1.46,
            "reinvestment_rate": 45.08,
            "research_to_sale_ratio": 8.64,
            "price_fair": 16.42,
            "eps_avg_yearly": 5.47,
            "eps_latest_yearly": 6.56,
            "eps_growth_yearly": -8.37
        },
        "20124": {
            "year_quarter": 20124,
            "year": 2012,
            "quarter": 4,
            "eps": 1.47,
            "eps_growth_year": 4.31,
            "eps_4q": 6.14,
            "eps_4q_growth_year": -4.44,
            "roe": 4.82,
            "roe_4q": 21.22,
            "gross_profit": 2730908,
            "gross_margin": 39.12,
            "gross_margin_4q_avg": 39.65,
            "net_income": 832707,
            "revenue": 6981485,
            "common_shares": 5639971,
            "book_valuer_per_share": 31.39,
            "book_valuer_per_share_4q_avg": 29.73,
            "equity": 17810240,
            "current_ratio": 252.13,
            "debt_ratio": 25.87,
            "inventory_turnover_ratio": 1.02,
            "account_receivable_turnover_ratio": 1.54,
            "reinvestment_rate": 40.34,
            "research_to_sale_ratio": 9.32,
            "price_fair": 16.72,
            "eps_avg_yearly": 5.57,
            "eps_latest_yearly": 5.88,
            "eps_growth_yearly": -4.68
        },
        "20131": {
            "year_quarter": 20131,
            "year": 2013,
            "quarter": 1,
            "eps": 1.52,
            "eps_growth_year": 12.59,
            "eps_4q": 6.32,
            "eps_4q_growth_year": 3.02,
            "roe": 4.71,
            "roe_4q": 21.34,
            "gross_profit": 2765949,
            "gross_margin": 41.72,
            "gross_margin_4q_avg": 40.13,
            "net_income": 866968,
            "revenue": 6629587,
            "common_shares": 5652059,
            "book_valuer_per_share": 33.47,
            "book_valuer_per_share_4q_avg": 30.48,
            "equity": 19033691,
            "current_ratio": 252.1,
            "debt_ratio": 26.63,
            "inventory_turnover_ratio": 0.96,
            "account_receivable_turnover_ratio": 1.53,
            "reinvestment_rate": 41.26,
            "research_to_sale_ratio": 9.25,
            "price_fair": 89.64,
            "eps_avg_yearly": 5.79,
            "eps_latest_yearly": 6.08,
            "eps_growth_yearly": 5.48
        },
        "20132": {
            "year_quarter": 20132,
            "year": 2013,
            "quarter": 2,
            "eps": 1.98,
            "eps_growth_year": 13.9,
            "eps_4q": 6.59,
            "eps_4q_growth_year": 8.05,
            "roe": 6.25,
            "roe_4q": 21.54,
            "gross_profit": 3194965,
            "gross_margin": 40.92,
            "gross_margin_4q_avg": 40.36,
            "net_income": 1126041,
            "revenue": 7808637,
            "common_shares": 5656272,
            "book_valuer_per_share": 29.84,
            "book_valuer_per_share_4q_avg": 31.1,
            "equity": 16998466,
            "current_ratio": 180.6,
            "debt_ratio": 36.59,
            "inventory_turnover_ratio": 1.16,
            "account_receivable_turnover_ratio": 1.64,
            "reinvestment_rate": 36.44,
            "research_to_sale_ratio": 8.52,
            "price_fair": 157.65,
            "eps_avg_yearly": 6.15,
            "eps_latest_yearly": 7.92,
            "eps_growth_yearly": 15.63
        },
        "20133": {
            "year_quarter": 20133,
            "year": 2013,
            "quarter": 3,
            "eps": 1.95,
            "eps_growth_year": 19.03,
            "eps_4q": 6.9,
            "eps_4q_growth_year": 13.37,
            "roe": 6.33,
            "roe_4q": 22.11,
            "gross_profit": 3200309,
            "gross_margin": 40.26,
            "gross_margin_4q_avg": 40.51,
            "net_income": 1108334,
            "revenue": 7949357,
            "common_shares": 5669249,
            "book_valuer_per_share": 31.47,
            "book_valuer_per_share_4q_avg": 31.54,
            "equity": 18006973,
            "current_ratio": 214.67,
            "debt_ratio": 28.57,
            "inventory_turnover_ratio": 1.23,
            "account_receivable_turnover_ratio": 1.56,
            "reinvestment_rate": 39.18,
            "research_to_sale_ratio": 8.51,
            "price_fair": 19.17,
            "eps_avg_yearly": 6.39,
            "eps_latest_yearly": 7.8,
            "eps_growth_yearly": -0.28
        },
        "20134": {
            "year_quarter": 20134,
            "year": 2013,
            "quarter": 4,
            "eps": 1.8,
            "eps_growth_year": 22.48,
            "eps_4q": 7.21,
            "eps_4q_growth_year": 17.47,
            "roe": 5.48,
            "roe_4q": 22.770000000000003,
            "gross_profit": 3424408,
            "gross_margin": 41.4,
            "gross_margin_4q_avg": 41.08,
            "net_income": 1025866,
            "revenue": 8272453,
            "common_shares": 5669249,
            "book_valuer_per_share": 33.97,
            "book_valuer_per_share_4q_avg": 32.19,
            "equity": 19420190,
            "current_ratio": 210.11,
            "debt_ratio": 29.47,
            "inventory_turnover_ratio": 1.21,
            "account_receivable_turnover_ratio": 1.56,
            "reinvestment_rate": 41.77,
            "research_to_sale_ratio": 9.74,
            "price_fair": 82.45,
            "eps_avg_yearly": 6.64,
            "eps_latest_yearly": 7.2,
            "eps_growth_yearly": 2.41
        },
        "20141": {
            "year_quarter": 20141,
            "year": 2014,
            "quarter": 1,
            "eps": 2.02,
            "eps_growth_year": 32.89,
            "eps_4q": 7.7,
            "eps_4q_growth_year": 21.73,
            "roe": 5.72,
            "roe_4q": 23.78,
            "gross_profit": 3379025,
            "gross_margin": 41.48,
            "gross_margin_4q_avg": 41.02,
            "net_income": 1156255,
            "revenue": 8146552,
            "common_shares": 5694001,
            "book_valuer_per_share": 36.58,
            "book_valuer_per_share_4q_avg": 32.97,
            "equity": 21024690,
            "current_ratio": 228.84,
            "debt_ratio": 27.99,
            "inventory_turnover_ratio": 1.12,
            "account_receivable_turnover_ratio": 1.44,
            "reinvestment_rate": 42.57,
            "research_to_sale_ratio": 8.6,
            "price_fair": 104.52,
            "eps_avg_yearly": 6.74,
            "eps_latest_yearly": 8.08,
            "eps_growth_yearly": 5.51
        },
        "20142": {
            "year_quarter": 20142,
            "year": 2014,
            "quarter": 2,
            "eps": 2.1,
            "eps_growth_year": 6.06,
            "eps_4q": 7.13,
            "eps_4q_growth_year": 8.24,
            "roe": 5.98,
            "roe_4q": 23.509999999999998,
            "gross_profit": 3717307,
            "gross_margin": 40.07,
            "gross_margin_4q_avg": 40.8,
            "net_income": 1208583,
            "revenue": 9278013,
            "common_shares": 5714511,
            "book_valuer_per_share": 33.54,
            "book_valuer_per_share_4q_avg": 33.89,
            "equity": 19365072,
            "current_ratio": 168.18,
            "debt_ratio": 37.37,
            "inventory_turnover_ratio": 1.22,
            "account_receivable_turnover_ratio": 1.54,
            "reinvestment_rate": 26.02,
            "research_to_sale_ratio": 7.76,
            "price_fair": 110.55,
            "eps_avg_yearly": 6.84,
            "eps_latest_yearly": 8.4,
            "eps_growth_yearly": 6.16
        },
        "20143": {
            "year_quarter": 20143,
            "year": 2014,
            "quarter": 3,
            "eps": 2.1,
            "eps_growth_year": 7.69,
            "eps_4q": 7.46,
            "eps_4q_growth_year": 8.08,
            "roe": 6.64,
            "roe_4q": 23.82,
            "gross_profit": 3616125,
            "gross_margin": 39.63,
            "gross_margin_4q_avg": 40.65,
            "net_income": 1327142,
            "revenue": 9124537,
            "common_shares": 6287021,
            "book_valuer_per_share": 32.48,
            "book_valuer_per_share_4q_avg": 34.14,
            "equity": 20607665,
            "current_ratio": 210.17,
            "debt_ratio": 29.43,
            "inventory_turnover_ratio": 1.18,
            "account_receivable_turnover_ratio": 1.46,
            "reinvestment_rate": 25.82,
            "research_to_sale_ratio": 9.44,
            "price_fair": 130.87,
            "eps_avg_yearly": 6.95,
            "eps_latest_yearly": 8.4,
            "eps_growth_yearly": 8.83
        },
        "20144": {
            "year_quarter": 20144,
            "year": 2014,
            "quarter": 4,
            "eps": 1.95,
            "eps_growth_year": 8.75,
            "eps_4q": 7.78,
            "eps_4q_growth_year": 7.81,
            "roe": 5.75,
            "roe_4q": 24.09,
            "gross_profit": 3680207,
            "gross_margin": 40.08,
            "gross_margin_4q_avg": 40.32,
            "net_income": 1240030,
            "revenue": 9182597,
            "common_shares": 6301031,
            "book_valuer_per_share": 35.47,
            "book_valuer_per_share_4q_avg": 34.52,
            "equity": 22538064,
            "current_ratio": 229.06,
            "debt_ratio": 28.55,
            "inventory_turnover_ratio": 1.16,
            "account_receivable_turnover_ratio": 1.51,
            "reinvestment_rate": 27.47,
            "research_to_sale_ratio": 10.38,
            "price_fair": 135.03,
            "eps_avg_yearly": 7.06,
            "eps_latest_yearly": 7.8,
            "eps_growth_yearly": 9.14
        },
        "20151": {
            "year_quarter": 20151,
            "year": 2015,
            "quarter": 1,
            "eps": 1.91,
            "eps_growth_year": -5.45,
            "eps_4q": 7.86,
            "eps_4q_growth_year": 2.06,
            "roe": 5.25,
            "roe_4q": 23.62,
            "gross_profit": 3590779,
            "gross_margin": 40.88,
            "gross_margin_4q_avg": 40.17,
            "net_income": 1206212,
            "revenue": 8784667,
            "common_shares": 6315186,
            "book_valuer_per_share": 36.86,
            "book_valuer_per_share_4q_avg": 34.59,
            "equity": 23439438,
            "current_ratio": 244.24,
            "debt_ratio": 27.49,
            "inventory_turnover_ratio": 1.08,
            "account_receivable_turnover_ratio": 1.54,
            "reinvestment_rate": 18.7,
            "research_to_sale_ratio": 9.66,
            "price_fair": 100.68,
            "eps_avg_yearly": 7.08,
            "eps_latest_yearly": 7.64,
            "eps_growth_yearly": 4.22
        },
        "20152": {
            "year_quarter": 20152,
            "year": 2015,
            "quarter": 2,
            "eps": 2.1,
            "eps_growth_year": 0,
            "eps_4q": 8.05,
            "eps_4q_growth_year": 12.98,
            "roe": 6.01,
            "roe_4q": 23.65,
            "gross_profit": 3980463,
            "gross_margin": 39.7,
            "gross_margin_4q_avg": 40.07,
            "net_income": 1332693,
            "revenue": 10026947,
            "common_shares": 6315186,
            "book_valuer_per_share": 32.91,
            "book_valuer_per_share_4q_avg": 34.43,
            "equity": 20940733,
            "current_ratio": 172.15,
            "debt_ratio": 38.93,
            "inventory_turnover_ratio": 1.26,
            "account_receivable_turnover_ratio": 1.68,
            "reinvestment_rate": 17.05,
            "research_to_sale_ratio": 8.67,
            "price_fair": 123.69,
            "eps_avg_yearly": 7.17,
            "eps_latest_yearly": 8.4,
            "eps_growth_yearly": 7.26
        },
        "20153": {
            "year_quarter": 20153,
            "year": 2015,
            "quarter": 3,
            "eps": 1.94,
            "eps_growth_year": -7.62,
            "eps_4q": 7.91,
            "eps_4q_growth_year": 6.06,
            "roe": 5.72,
            "roe_4q": 22.73,
            "gross_profit": 3746307,
            "gross_margin": 39.69,
            "gross_margin_4q_avg": 40.09,
            "net_income": 1235918,
            "revenue": 9437752,
            "common_shares": 6318531,
            "book_valuer_per_share": 35.08,
            "book_valuer_per_share_4q_avg": 35.08,
            "equity": 22300967,
            "current_ratio": 220.14,
            "debt_ratio": 30.01,
            "inventory_turnover_ratio": 1.16,
            "account_receivable_turnover_ratio": 1.47,
            "reinvestment_rate": 18.22,
            "research_to_sale_ratio": 9.85,
            "price_fair": 124.61,
            "eps_avg_yearly": 7.25,
            "eps_latest_yearly": 7.76,
            "eps_growth_yearly": 7.2
        },
        "20154": {
            "year_quarter": 20154,
            "year": 2015,
            "quarter": 4,
            "eps": 2.12,
            "eps_growth_year": 8.65,
            "eps_4q": 8.08,
            "eps_4q_growth_year": 3.9,
            "roe": 5.91,
            "roe_4q": 22.89,
            "gross_profit": 4027441,
            "gross_margin": 41.3,
            "gross_margin_4q_avg": 40.39,
            "net_income": 1352152,
            "revenue": 9751216,
            "common_shares": 6318531,
            "book_valuer_per_share": 36.89,
            "book_valuer_per_share_4q_avg": 35.44,
            "equity": 23453777,
            "current_ratio": 195.68,
            "debt_ratio": 30.98,
            "inventory_turnover_ratio": 1.14,
            "account_receivable_turnover_ratio": 1.52,
            "reinvestment_rate": 16.77,
            "research_to_sale_ratio": 9.19,
            "price_fair": 169.93,
            "eps_avg_yearly": 7.42,
            "eps_latest_yearly": 8.48,
            "eps_growth_yearly": 12.89
        },
        "20161": {
            "year_quarter": 20161,
            "year": 2016,
            "quarter": 1,
            "eps": 2.08,
            "eps_growth_year": 8.9,
            "eps_4q": 8.24,
            "eps_4q_growth_year": 4.93,
            "roe": 5.44,
            "roe_4q": 23.08,
            "gross_profit": 4136865,
            "gross_margin": 41.07,
            "gross_margin_4q_avg": 40.44,
            "net_income": 1316461,
            "revenue": 10073400,
            "common_shares": 6318531,
            "book_valuer_per_share": 39.22,
            "book_valuer_per_share_4q_avg": 36.03,
            "equity": 24924455,
            "current_ratio": 207.51,
            "debt_ratio": 29.34,
            "inventory_turnover_ratio": 1.18,
            "account_receivable_turnover_ratio": 1.59,
            "reinvestment_rate": -29.21,
            "research_to_sale_ratio": 8.91,
            "price_fair": 178.61,
            "eps_avg_yearly": 7.61,
            "eps_latest_yearly": 8.32,
            "eps_growth_yearly": 13.49
        },
        "20162": {
            "year_quarter": 20162,
            "year": 2016,
            "quarter": 2,
            "eps": 2.32,
            "eps_growth_year": 10.48,
            "eps_4q": 8.46,
            "eps_4q_growth_year": 5.04,
            "roe": 6.2,
            "roe_4q": 23.27,
            "gross_profit": 4307099,
            "gross_margin": 40.21,
            "gross_margin_4q_avg": 40.57,
            "net_income": 1469206,
            "revenue": 10712512,
            "common_shares": 6318531,
            "book_valuer_per_share": 35.29,
            "book_valuer_per_share_4q_avg": 36.62,
            "equity": 22435061,
            "current_ratio": 152.96,
            "debt_ratio": 39.17,
            "inventory_turnover_ratio": 1.25,
            "account_receivable_turnover_ratio": 1.6,
            "reinvestment_rate": 18.55,
            "research_to_sale_ratio": 8.61,
            "price_fair": 148.4,
            "eps_avg_yearly": 7.75,
            "eps_latest_yearly": 9.28,
            "eps_growth_yearly": 9.15
        },
        "20163": {
            "year_quarter": 20163,
            "year": 2016,
            "quarter": 3,
            "eps": 2.32,
            "eps_growth_year": 19.59,
            "eps_4q": 8.83,
            "eps_4q_growth_year": 11.67,
            "roe": 6.35,
            "roe_4q": 23.900000000000002,
            "gross_profit": 4323890,
            "gross_margin": 41.53,
            "gross_margin_4q_avg": 41.03,
            "net_income": 1473549,
            "revenue": 10411332,
            "common_shares": 6326091,
            "book_valuer_per_share": 37.61,
            "book_valuer_per_share_4q_avg": 37.25,
            "equity": 23957306,
            "current_ratio": 191.99,
            "debt_ratio": 30.11,
            "inventory_turnover_ratio": 1.18,
            "account_receivable_turnover_ratio": 1.51,
            "reinvestment_rate": 16.9,
            "research_to_sale_ratio": 8.72,
            "price_fair": 163.03,
            "eps_avg_yearly": 7.92,
            "eps_latest_yearly": 9.28,
            "eps_growth_yearly": 10.58
        },
        "20164": {
            "year_quarter": 20164,
            "year": 2016,
            "quarter": 4,
            "eps": 2.25,
            "eps_growth_year": 5.82,
            "eps_4q": 8.95,
            "eps_4q_growth_year": 10.8,
            "roe": 5.8,
            "roe_4q": 23.79,
            "gross_profit": 4349695,
            "gross_margin": 40.26,
            "gross_margin_4q_avg": 40.77,
            "net_income": 1429738,
            "revenue": 10804954,
            "common_shares": 6330741,
            "book_valuer_per_share": 39.83,
            "book_valuer_per_share_4q_avg": 37.99,
            "equity": 25386897,
            "current_ratio": 185.23,
            "debt_ratio": 34.13,
            "inventory_turnover_ratio": 1.19,
            "account_receivable_turnover_ratio": 1.54,
            "reinvestment_rate": 17.06,
            "research_to_sale_ratio": 8.52,
            "price_fair": 181.95,
            "eps_avg_yearly": 8.12,
            "eps_latest_yearly": 9,
            "eps_growth_yearly": 12.42
        },
        "20171": {
            "year_quarter": 20171,
            "year": 2017,
            "quarter": 1,
            "eps": 1.9,
            "eps_growth_year": -8.65,
            "eps_4q": 8.78,
            "eps_4q_growth_year": 6.49,
            "roe": 4.65,
            "roe_4q": 22.999999999999996,
            "gross_profit": 4051338,
            "gross_margin": 40.49,
            "gross_margin_4q_avg": 40.62,
            "net_income": 1205513,
            "revenue": 10006239,
            "common_shares": 6332541,
            "book_valuer_per_share": 41.45,
            "book_valuer_per_share_4q_avg": 38.55,
            "equity": 26434537,
            "current_ratio": 217.8,
            "debt_ratio": 29.19,
            "inventory_turnover_ratio": 1.05,
            "account_receivable_turnover_ratio": 1.42,
            "reinvestment_rate": 14.49,
            "research_to_sale_ratio": 8.71,
            "price_fair": 145.17,
            "eps_avg_yearly": 8.21,
            "eps_latest_yearly": 7.6,
            "eps_growth_yearly": 7.68
        },
        "20172": {
            "year_quarter": 20172,
            "year": 2017,
            "quarter": 2,
            "eps": 2.47,
            "eps_growth_year": 6.47,
            "eps_4q": 8.35,
            "eps_4q_growth_year": -1.26,
            "roe": 6.76,
            "roe_4q": 23.560000000000002,
            "gross_profit": 4400710,
            "gross_margin": 38.58,
            "gross_margin_4q_avg": 40.22,
            "net_income": 1722572,
            "revenue": 11406108,
            "common_shares": 6333041,
            "book_valuer_per_share": 38.46,
            "book_valuer_per_share_4q_avg": 39.34,
            "equity": 24537953,
            "current_ratio": 164.06,
            "debt_ratio": 39.46,
            "inventory_turnover_ratio": 1.19,
            "account_receivable_turnover_ratio": 1.59,
            "reinvestment_rate": 15.91,
            "research_to_sale_ratio": 8.43,
            "price_fair": 146.79,
            "eps_avg_yearly": 8.33,
            "eps_latest_yearly": 9.88,
            "eps_growth_yearly": 7.62
        },
        "20173": {
            "year_quarter": 20173,
            "year": 2017,
            "quarter": 3,
            "eps": 2.28,
            "eps_growth_year": -1.72,
            "eps_4q": 8.53,
            "eps_4q_growth_year": -3.45,
            "roe": 6.3,
            "roe_4q": 23.51,
            "gross_profit": 4370751,
            "gross_margin": 39.01,
            "gross_margin_4q_avg": 39.59,
            "net_income": 1597730,
            "revenue": 11202795,
            "common_shares": 6966115,
            "book_valuer_per_share": 37.31,
            "book_valuer_per_share_4q_avg": 39.26,
            "equity": 26170756,
            "current_ratio": 201.5,
            "debt_ratio": 32.54,
            "inventory_turnover_ratio": 1.09,
            "account_receivable_turnover_ratio": 1.48,
            "reinvestment_rate": 12.52,
            "research_to_sale_ratio": 8.54,
            "price_fair": 135.25,
            "eps_avg_yearly": 8.42,
            "eps_latest_yearly": 9.12,
            "eps_growth_yearly": 6.07
        },
        "20174": {
            "year_quarter": 20174,
            "year": 2017,
            "quarter": 4,
            "eps": 2.35,
            "eps_growth_year": 4.44,
            "eps_4q": 8.83,
            "eps_4q_growth_year": -1.36,
            "roe": 6.02,
            "roe_4q": 23.729999999999997,
            "gross_profit": 4558159,
            "gross_margin": 38.76,
            "gross_margin_4q_avg": 39.21,
            "net_income": 1623474,
            "revenue": 11759609,
            "common_shares": 6970325,
            "book_valuer_per_share": 39.57,
            "book_valuer_per_share_4q_avg": 39.2,
            "equity": 27760440,
            "current_ratio": 210.02,
            "debt_ratio": 31.8,
            "inventory_turnover_ratio": 1.12,
            "account_receivable_turnover_ratio": 1.53,
            "reinvestment_rate": 11.99,
            "research_to_sale_ratio": 8.7,
            "price_fair": 160.47,
            "eps_avg_yearly": 8.55,
            "eps_latest_yearly": 9.4,
            "eps_growth_yearly": 8.76
        },
        "20181": {
            "year_quarter": 20181,
            "year": 2018,
            "quarter": 1,
            "eps": 1.95,
            "eps_growth_year": 2.63,
            "eps_4q": 9.05,
            "eps_4q_growth_year": 3.11,
            "roe": 4.79,
            "roe_4q": 23.869999999999997,
            "gross_profit": 4338231,
            "gross_margin": 38.2,
            "gross_margin_4q_avg": 38.64,
            "net_income": 1367938,
            "revenue": 11355195,
            "common_shares": 6972825,
            "book_valuer_per_share": 41.92,
            "book_valuer_per_share_4q_avg": 39.32,
            "equity": 29411015,
            "current_ratio": 216.57,
            "debt_ratio": 30.51,
            "inventory_turnover_ratio": 1.07,
            "account_receivable_turnover_ratio": 1.45,
            "reinvestment_rate": 5.56,
            "research_to_sale_ratio": 8.14,
            "price_fair": 97.74,
            "eps_avg_yearly": 8.54,
            "eps_latest_yearly": 7.8,
            "eps_growth_yearly": 1.45
        },
        "20182": {
            "year_quarter": 20182,
            "year": 2018,
            "quarter": 2,
            "eps": 2.27,
            "eps_growth_year": -8.1,
            "eps_4q": 8.85,
            "eps_4q_growth_year": 5.96,
            "roe": 5.71,
            "roe_4q": 22.82,
            "gross_profit": 4792472,
            "gross_margin": 37.9,
            "gross_margin_4q_avg": 38.47,
            "net_income": 1594639,
            "revenue": 12645444,
            "common_shares": 6974575,
            "book_valuer_per_share": 37.68,
            "book_valuer_per_share_4q_avg": 39.12,
            "equity": 26475169,
            "current_ratio": 158.92,
            "debt_ratio": 41.61,
            "inventory_turnover_ratio": 1.12,
            "account_receivable_turnover_ratio": 1.57,
            "reinvestment_rate": 3.72,
            "research_to_sale_ratio": 8.21,
            "price_fair": 124.93,
            "eps_avg_yearly": 8.58,
            "eps_latest_yearly": 9.08,
            "eps_growth_yearly": 4.56
        },
        "20183": {
            "year_quarter": 20183,
            "year": 2018,
            "quarter": 3,
            "eps": 2.45,
            "eps_growth_year": 7.46,
            "eps_4q": 9.02,
            "eps_4q_growth_year": 5.77,
            "roe": 6.28,
            "roe_4q": 22.8,
            "gross_profit": 4760346,
            "gross_margin": 38.52,
            "gross_margin_4q_avg": 38.35,
            "net_income": 1713223,
            "revenue": 12359655,
            "common_shares": 6975445,
            "book_valuer_per_share": 39.92,
            "book_valuer_per_share_4q_avg": 39.77,
            "equity": 28107846,
            "current_ratio": 197.45,
            "debt_ratio": 33.53,
            "inventory_turnover_ratio": 1.03,
            "account_receivable_turnover_ratio": 1.48,
            "reinvestment_rate": 2.88,
            "research_to_sale_ratio": 8.45,
            "price_fair": 143.38,
            "eps_avg_yearly": 8.67,
            "eps_latest_yearly": 9.8,
            "eps_growth_yearly": 6.55
        },
        "20184": {
            "year_quarter": 20184,
            "year": 2018,
            "quarter": 4,
            "eps": 2.34,
            "eps_growth_year": -0.3,
            "eps_4q": 9.01,
            "eps_4q_growth_year": 2.04,
            "roe": 5.69,
            "roe_4q": 22.47,
            "gross_profit": 4772399,
            "gross_margin": 38.59,
            "gross_margin_4q_avg": 38.3,
            "net_income": 1640948,
            "revenue": 12366224,
            "common_shares": 6982275,
            "book_valuer_per_share": 41.94,
            "book_valuer_per_share_4q_avg": 40.37,
            "equity": 29540586,
            "current_ratio": 208.84,
            "debt_ratio": 32.77,
            "inventory_turnover_ratio": 1,
            "account_receivable_turnover_ratio": 1.48,
            "reinvestment_rate": 1.99,
            "research_to_sale_ratio": 8,
            "price_fair": 150.81,
            "eps_avg_yearly": 8.76,
            "eps_latest_yearly": 9.36,
            "eps_growth_yearly": 7.21
        },
        "20191": {
            "year_quarter": 20191,
            "year": 2019,
            "quarter": 1,
            "eps": 2.31,
            "eps_growth_year": 18.46,
            "eps_4q": 9.37,
            "eps_4q_growth_year": 3.48,
            "roe": 5.3,
            "roe_4q": 22.98,
            "gross_profit": 4724054,
            "gross_margin": 38.41,
            "gross_margin_4q_avg": 38.36,
            "net_income": 1622869,
            "revenue": 12300590,
            "common_shares": 6986955,
            "book_valuer_per_share": 44.74,
            "book_valuer_per_share_4q_avg": 41.07,
            "equity": 31642035,
            "current_ratio": 214.31,
            "debt_ratio": 32.48,
            "inventory_turnover_ratio": 0.96,
            "account_receivable_turnover_ratio": 1.44,
            "reinvestment_rate": 3.15,
            "research_to_sale_ratio": 7.91,
            "price_fair": 154.23,
            "eps_avg_yearly": 8.86,
            "eps_latest_yearly": 9.24,
            "eps_growth_yearly": 7.4
        },
        "20192": {
            "year_quarter": 20192,
            "year": 2019,
            "quarter": 2,
            "eps": 2.71,
            "eps_growth_year": 19.38,
            "eps_4q": 9.81,
            "eps_4q_growth_year": 10.83,
            "roe": 6.3,
            "roe_4q": 23.57,
            "gross_profit": 5410376,
            "gross_margin": 38.71,
            "gross_margin_4q_avg": 38.56,
            "net_income": 1909601,
            "revenue": 13976014,
            "common_shares": 6990755,
            "book_valuer_per_share": 40.82,
            "book_valuer_per_share_4q_avg": 41.86,
            "equity": 28993755,
            "current_ratio": 165.9,
            "debt_ratio": 41.61,
            "inventory_turnover_ratio": 1.03,
            "account_receivable_turnover_ratio": 1.56,
            "reinvestment_rate": 3.35,
            "research_to_sale_ratio": 7.59,
            "price_fair": 173.49,
            "eps_avg_yearly": 9.02,
            "eps_latest_yearly": 10.84,
            "eps_growth_yearly": 9.24
        },
        "20193": {
            "year_quarter": 20193,
            "year": 2019,
            "quarter": 3,
            "eps": 3.06,
            "eps_growth_year": 24.9,
            "eps_4q": 10.41,
            "eps_4q_growth_year": 15.44,
            "roe": 7.19,
            "roe_4q": 24.48,
            "gross_profit": 5697040,
            "gross_margin": 39.61,
            "gross_margin_4q_avg": 38.83,
            "net_income": 2157044,
            "revenue": 14382282,
            "common_shares": 6991405,
            "book_valuer_per_share": 43.56,
            "book_valuer_per_share_4q_avg": 42.77,
            "equity": 30971246,
            "current_ratio": 217.3,
            "debt_ratio": 31.77,
            "inventory_turnover_ratio": 1.05,
            "account_receivable_turnover_ratio": 1.54,
            "reinvestment_rate": 3.69,
            "research_to_sale_ratio": 7.3,
            "price_fair": 226.6,
            "eps_avg_yearly": 9.3,
            "eps_latest_yearly": 12.24,
            "eps_growth_yearly": 14.38
        },
        "20194": {
            "year_quarter": 20194,
            "year": 2019,
            "quarter": 4,
            "eps": 2.43,
            "eps_growth_year": 3.73,
            "eps_4q": 10.5,
            "eps_4q_growth_year": 16.5,
            "roe": 5.35,
            "roe_4q": 24.14,
            "gross_profit": 5267892,
            "gross_margin": 39.06,
            "gross_margin_4q_avg": 38.95,
            "net_income": 1703341,
            "revenue": 13485776,
            "common_shares": 6999230,
            "book_valuer_per_share": 46.02,
            "book_valuer_per_share_4q_avg": 43.79,
            "equity": 32731460,
            "current_ratio": 233.93,
            "debt_ratio": 30.68,
            "inventory_turnover_ratio": 1.04,
            "account_receivable_turnover_ratio": 1.47,
            "reinvestment_rate": 3.69,
            "research_to_sale_ratio": 8.45,
            "price_fair": 158.5,
            "eps_avg_yearly": 9.37,
            "eps_latest_yearly": 9.72,
            "eps_growth_yearly": 6.91
        },
        "20201": {
            "year_quarter": 20201,
            "year": 2020,
            "quarter": 1,
            "eps": 1.85,
            "eps_growth_year": -19.91,
            "eps_4q": 10.03,
            "eps_4q_growth_year": 7.04,
            "roe": 4.17,
            "roe_4q": 23.01,
            "gross_profit": 4395235,
            "gross_margin": 38.99,
            "gross_margin_4q_avg": 39.09,
            "net_income": 1280407,
            "revenue": 11272189,
            "common_shares": 7004100,
            "book_valuer_per_share": 40.18,
            "book_valuer_per_share_4q_avg": 42.65,
            "equity": 28639851,
            "current_ratio": 164.64,
            "debt_ratio": 41.56,
            "inventory_turnover_ratio": 0.82,
            "account_receivable_turnover_ratio": 1.34,
            "reinvestment_rate": 3.51,
            "research_to_sale_ratio": 8.21,
            "price_fair": 106.34,
            "eps_avg_yearly": 9.32,
            "eps_latest_yearly": 7.4,
            "eps_growth_yearly": 1.42
        },
        "20202": {
            "year_quarter": 20202,
            "year": 2020,
            "quarter": 2,
            "eps": 3.29,
            "eps_growth_year": 21.4,
            "eps_4q": 9.65,
            "eps_4q_growth_year": -1.66,
            "roe": 7.85,
            "roe_4q": 24.56,
            "gross_profit": 5765885,
            "gross_margin": 41.13,
            "gross_margin_4q_avg": 39.7,
            "net_income": 2338224,
            "revenue": 14018169,
            "common_shares": 7008700,
            "book_valuer_per_share": 43.32,
            "book_valuer_per_share_4q_avg": 43.27,
            "equity": 30903716,
            "current_ratio": 175.68,
            "debt_ratio": 41.07,
            "inventory_turnover_ratio": 0.88,
            "account_receivable_turnover_ratio": 1.59,
            "reinvestment_rate": 4.23,
            "research_to_sale_ratio": 7.51,
            "price_fair": 267.52,
            "eps_avg_yearly": 9.56,
            "eps_latest_yearly": 13.16,
            "eps_growth_yearly": 17.99
        },
        "20203": {
            "year_quarter": 20203,
            "year": 2020,
            "quarter": 3,
            "eps": 2.52,
            "eps_growth_year": -17.65,
            "eps_4q": 9.38,
            "eps_4q_growth_year": -9.86,
            "roe": 6.12,
            "roe_4q": 23.490000000000002,
            "gross_profit": 5192483,
            "gross_margin": 39.79,
            "gross_margin_4q_avg": 39.74,
            "net_income": 1955214,
            "revenue": 13049851,
            "common_shares": 7713500,
            "book_valuer_per_share": 42,
            "book_valuer_per_share_4q_avg": 42.88,
            "equity": 33035668,
            "current_ratio": 238.59,
            "debt_ratio": 30.85,
            "inventory_turnover_ratio": 0.86,
            "account_receivable_turnover_ratio": 1.42,
            "reinvestment_rate": 3.82,
            "research_to_sale_ratio": 7.76,
            "price_fair": 212.71,
            "eps_avg_yearly": 9.61,
            "eps_latest_yearly": 10.08,
            "eps_growth_yearly": 12.14
        },
        "20204": {
            "year_quarter": 20204,
            "year": 2020,
            "quarter": 4,
            "eps": 2.21,
            "eps_growth_year": -9.06,
            "eps_4q": 9.39,
            "eps_4q_growth_year": -10.58,
            "roe": 5.08,
            "roe_4q": 23.22,
            "gross_profit": 5042658,
            "gross_margin": 39.46,
            "gross_margin_4q_avg": 39.84,
            "net_income": 1729142,
            "revenue": 12779199,
            "common_shares": 7719455,
            "book_valuer_per_share": 44.56,
            "book_valuer_per_share_4q_avg": 42.52,
            "equity": 35046423,
            "current_ratio": 250.39,
            "debt_ratio": 30.19,
            "inventory_turnover_ratio": 0.95,
            "account_receivable_turnover_ratio": 1.46,
            "reinvestment_rate": 3.69,
            "research_to_sale_ratio": 8.34,
            "price_fair": 190.21,
            "eps_avg_yearly": 9.6,
            "eps_latest_yearly": 8.84,
            "eps_growth_yearly": 9.82
        },
        "20211": {
            "year_quarter": 20211,
            "year": 2021,
            "quarter": 1,
            "eps": 2.48,
            "eps_growth_year": 34.05,
            "eps_4q": 10.18,
            "eps_4q_growth_year": 1.52,
            "roe": 5.76,
            "roe_4q": 24.810000000000002,
            "gross_profit": 5208637,
            "gross_margin": 39.58,
            "gross_margin_4q_avg": 39.99,
            "net_income": 1928897,
            "revenue": 13161403,
            "common_shares": 7722545,
            "book_valuer_per_share": 40.61,
            "book_valuer_per_share_4q_avg": 42.62,
            "equity": 31895788,
            "current_ratio": 176.46,
            "debt_ratio": 40.8,
            "inventory_turnover_ratio": 0.95,
            "account_receivable_turnover_ratio": 1.48,
            "reinvestment_rate": 4.43,
            "research_to_sale_ratio": 7.95,
            "price_fair": 260.73,
            "eps_avg_yearly": 9.74,
            "eps_latest_yearly": 9.92,
            "eps_growth_yearly": 16.76
        },
        "20212": {
            "year_quarter": 20212,
            "year": 2021,
            "quarter": 2,
            "eps": 2.31,
            "eps_growth_year": -29.79,
            "eps_4q": 9.51,
            "eps_4q_growth_year": -1.43,
            "roe": 5.55,
            "roe_4q": 22.51,
            "gross_profit": 5217379,
            "gross_margin": 36.72,
            "gross_margin_4q_avg": 38.89,
            "net_income": 1815308,
            "revenue": 14209687,
            "common_shares": 7726405,
            "book_valuer_per_share": 42.75,
            "book_valuer_per_share_4q_avg": 42.48,
            "equity": 33555857,
            "current_ratio": 176.2,
            "debt_ratio": 41.45,
            "inventory_turnover_ratio": 0.92,
            "account_receivable_turnover_ratio": 1.49,
            "reinvestment_rate": 4.71,
            "research_to_sale_ratio": 7.36,
            "price_fair": 170.26,
            "eps_avg_yearly": 9.7,
            "eps_latest_yearly": 9.24,
            "eps_growth_yearly": 7.55
        },
        "20213": {
            "year_quarter": 20213,
            "year": 2021,
            "quarter": 3,
            "eps": 2.95,
            "eps_growth_year": 17.06,
            "eps_4q": 9.93,
            "eps_4q_growth_year": 5.8,
            "roe": 6.61,
            "roe_4q": 23,
            "gross_profit": 5706029,
            "gross_margin": 36.8,
            "gross_margin_4q_avg": 38.14,
            "net_income": 2286911,
            "revenue": 15506864,
            "common_shares": 7727295,
            "book_valuer_per_share": 45.53,
            "book_valuer_per_share_4q_avg": 43.36,
            "equity": 35678594,
            "current_ratio": 217.45,
            "debt_ratio": 33.91,
            "inventory_turnover_ratio": 0.84,
            "account_receivable_turnover_ratio": 1.51,
            "reinvestment_rate": 5.46,
            "research_to_sale_ratio": 7.24,
            "price_fair": 260.55,
            "eps_avg_yearly": 9.87,
            "eps_latest_yearly": 11.8,
            "eps_growth_yearly": 16.4
        },
        "20214": {
            "year_quarter": 20214,
            "year": 2021,
            "quarter": 4,
            "eps": 2.93,
            "eps_growth_year": 32.97,
            "eps_4q": 10.65,
            "eps_4q_growth_year": 13.5,
            "roe": 6.15,
            "roe_4q": 24.07,
            "gross_profit": 5999531,
            "gross_margin": 38.11,
            "gross_margin_4q_avg": 37.8,
            "net_income": 2276247,
            "revenue": 15744096,
            "common_shares": 7738228,
            "book_valuer_per_share": 48.88,
            "book_valuer_per_share_4q_avg": 44.44,
            "equity": 38362791,
            "current_ratio": 222.29,
            "debt_ratio": 33.66,
            "inventory_turnover_ratio": 0.78,
            "account_receivable_turnover_ratio": 1.52,
            "reinvestment_rate": 4.71,
            "research_to_sale_ratio": 6.7,
            "price_fair": 254.99,
            "eps_avg_yearly": 10.02,
            "eps_latest_yearly": 11.72,
            "eps_growth_yearly": 15.46
        },
        "20221": {
            "year_quarter": 20221,
            "year": 2022,
            "quarter": 1,
            "eps": 3.32,
            "eps_growth_year": 33.87,
            "eps_4q": 11.48,
            "eps_4q_growth_year": 12.79,
            "roe": 6.93,
            "roe_4q": 25.240000000000002,
            "gross_profit": 6157211,
            "gross_margin": 38.2,
            "gross_margin_4q_avg": 37.46,
            "net_income": 2568035,
            "revenue": 16119517,
            "common_shares": 7744638,
            "book_valuer_per_share": 45.41,
            "book_valuer_per_share_4q_avg": 45.64,
            "equity": 35719389,
            "current_ratio": 176.36,
            "debt_ratio": 41.62,
            "inventory_turnover_ratio": 0.71,
            "account_receivable_turnover_ratio": 1.52,
            "reinvestment_rate": 9.02,
            "research_to_sale_ratio": 6.97,
            "price_fair": 342.25,
            "eps_avg_yearly": 10.36,
            "eps_latest_yearly": 13.28,
            "eps_growth_yearly": 23.04
        },
        "20222": {
            "year_quarter": 20222,
            "year": 2022,
            "quarter": 2,
            "eps": 3.17,
            "eps_growth_year": 37.23,
            "eps_4q": 12.34,
            "eps_4q_growth_year": 29.71,
            "roe": 6.7,
            "roe_4q": 26.39,
            "gross_profit": 6499399,
            "gross_margin": 38.63,
            "gross_margin_4q_avg": 37.94,
            "net_income": 2463791,
            "revenue": 16824495,
            "common_shares": 7758374,
            "book_valuer_per_share": 48.06,
            "book_valuer_per_share_4q_avg": 46.97,
            "equity": 37778774,
            "current_ratio": 179.17,
            "debt_ratio": 41.66,
            "inventory_turnover_ratio": 0.67,
            "account_receivable_turnover_ratio": 1.47,
            "reinvestment_rate": 15.03,
            "research_to_sale_ratio": 6.99,
            "price_fair": 294.32,
            "eps_avg_yearly": 10.58,
            "eps_latest_yearly": 12.68,
            "eps_growth_yearly": 17.81
        },
        "20223": {
            "year_quarter": 20223,
            "year": 2022,
            "quarter": 3,
            "eps": 4.1,
            "eps_growth_year": 38.98,
            "eps_4q": 13.48,
            "eps_4q_growth_year": 35.81,
            "roe": 8,
            "roe_4q": 27.78,
            "gross_profit": 6779637,
            "gross_margin": 36.42,
            "gross_margin_4q_avg": 37.84,
            "net_income": 3176293,
            "revenue": 18613912,
            "common_shares": 7763662,
            "book_valuer_per_share": 52.92,
            "book_valuer_per_share_4q_avg": 48.82,
            "equity": 41634477,
            "current_ratio": 222.36,
            "debt_ratio": 33.61,
            "inventory_turnover_ratio": 0.78,
            "account_receivable_turnover_ratio": 1.51,
            "reinvestment_rate": 16.91,
            "research_to_sale_ratio": 6.4,
            "price_fair": 364.63,
            "eps_avg_yearly": 11,
            "eps_latest_yearly": 16.4,
            "eps_growth_yearly": 23.16
        },
        "20224": {
            "year_quarter": 20224,
            "year": 2022,
            "quarter": 4,
            "eps": 3.27,
            "eps_growth_year": 11.38,
            "eps_4q": 13.83,
            "eps_4q_growth_year": 29.8,
            "roe": 5.9,
            "roe_4q": 27.53,
            "gross_profit": 6676856,
            "gross_margin": 38.85,
            "gross_margin_4q_avg": 38.03,
            "net_income": 2534440,
            "revenue": 17186777,
            "common_shares": 7778434,
            "book_valuer_per_share": 56.32,
            "book_valuer_per_share_4q_avg": 50.68,
            "equity": 44284014,
            "current_ratio": 225.9,
            "debt_ratio": 33.29,
            "inventory_turnover_ratio": 0.73,
            "account_receivable_turnover_ratio": 1.44,
            "reinvestment_rate": 17.59,
            "research_to_sale_ratio": 7.43,
            "price_fair": 328.13,
            "eps_avg_yearly": 11.23,
            "eps_latest_yearly": 13.08,
            "eps_growth_yearly": 19.23
        },
        "20231": {
            "year_quarter": 20231,
            "year": 2023,
            "quarter": 1,
            "eps": 3.8,
            "eps_growth_year": 14.46,
            "eps_4q": 14.32,
            "eps_4q_growth_year": 24.66,
            "roe": 7.03,
            "roe_4q": 27.63,
            "gross_profit": 6910980,
            "gross_margin": 39.73,
            "gross_margin_4q_avg": 38.41,
            "net_income": 2954676,
            "revenue": 17395607,
            "common_shares": 7779769,
            "book_valuer_per_share": 50.43,
            "book_valuer_per_share_4q_avg": 51.93,
            "equity": 39736056,
            "current_ratio": 173.55,
            "debt_ratio": 42.89,
            "inventory_turnover_ratio": 0.77,
            "account_receivable_turnover_ratio": 1.55,
            "reinvestment_rate": 17,
            "research_to_sale_ratio": 6.73,
            "price_fair": 389.73,
            "eps_avg_yearly": 11.6,
            "eps_latest_yearly": 15.2,
            "eps_growth_yearly": 23.6
        },
        "20232": {
            "year_quarter": 20232,
            "year": 2023,
            "quarter": 2,
            "eps": 3.51,
            "eps_growth_year": 10.73,
            "eps_4q": 13.65,
            "eps_4q_growth_year": 10.62,
            "roe": 7.25,
            "roe_4q": 28.18,
            "gross_profit": 7014301,
            "gross_margin": 41.19,
            "gross_margin_4q_avg": 39.05,
            "net_income": 3005793,
            "revenue": 17028135,
            "common_shares": 7784872,
            "book_valuer_per_share": 54.83,
            "book_valuer_per_share_4q_avg": 53.63,
            "equity": 43175260,
            "current_ratio": 192.06,
            "debt_ratio": 38.55,
            "inventory_turnover_ratio": 0.8,
            "account_receivable_turnover_ratio": 1.54,
            "reinvestment_rate": 16.86,
            "research_to_sale_ratio": 7.06,
            "price_fair": 322.86,
            "eps_avg_yearly": 11.8,
            "eps_latest_yearly": 14.04,
            "eps_growth_yearly": 17.36
        }
    },
    "months": {
        "2001-06": {
            "month": "2001-06",
            "price": "112.62",
            "revenue": 427333
        },
        "2001-07": {
            "month": "2001-07",
            "price": "95.45",
            "revenue": 450143
        },
        "2001-08": {
            "month": "2001-08",
            "price": "71.37",
            "revenue": 478883
        },
        "2001-09": {
            "month": "2001-09",
            "price": "60.53",
            "revenue": 471856
        },
        "2001-10": {
            "month": "2001-10",
            "price": "64.05",
            "revenue": 488286
        },
        "2001-11": {
            "month": "2001-11",
            "price": "73.66",
            "revenue": 486401
        },
        "2001-12": {
            "month": "2001-12",
            "price": "87.05",
            "revenue": 414758
        },
        "2002-01": {
            "month": "2002-01",
            "price": "94.16",
            "revenue": 467510
        },
        "2002-02": {
            "month": "2002-02",
            "price": "98.00",
            "revenue": 422286
        },
        "2002-03": {
            "month": "2002-03",
            "price": "92.67",
            "revenue": 500277
        },
        "2002-04": {
            "month": "2002-04",
            "price": "88.62",
            "revenue": 505394
        },
        "2002-05": {
            "month": "2002-05",
            "price": "85.05",
            "revenue": 512114
        },
        "2002-06": {
            "month": "2002-06",
            "price": "81.62",
            "revenue": 513754
        },
        "2002-07": {
            "month": "2002-07",
            "price": "70.15",
            "revenue": 546093
        },
        "2002-08": {
            "month": "2002-08",
            "price": "63.70",
            "revenue": 586367
        },
        "2002-09": {
            "month": "2002-09",
            "price": "65.50",
            "revenue": 565136
        },
        "2002-10": {
            "month": "2002-10",
            "price": "64.66",
            "revenue": 608430
        },
        "2002-11": {
            "month": "2002-11",
            "price": "65.24",
            "revenue": 664759
        },
        "2002-12": {
            "month": "2002-12",
            "price": "64.70",
            "revenue": 586730
        },
        "2003-01": {
            "month": "2003-01",
            "price": "66.76",
            "revenue": 511381
        },
        "2003-02": {
            "month": "2003-02",
            "price": "66.72",
            "revenue": 435829
        },
        "2003-03": {
            "month": "2003-03",
            "price": "64.52",
            "revenue": 553481
        },
        "2003-04": {
            "month": "2003-04",
            "price": "62.84",
            "revenue": 621916
        },
        "2003-05": {
            "month": "2003-05",
            "price": "61.74",
            "revenue": 611850
        },
        "2003-06": {
            "month": "2003-06",
            "price": "53.88",
            "revenue": 565523
        },
        "2003-07": {
            "month": "2003-07",
            "price": "55.52",
            "revenue": 617445
        },
        "2003-08": {
            "month": "2003-08",
            "price": "52.76",
            "revenue": 594946
        },
        "2003-09": {
            "month": "2003-09",
            "price": "55.71",
            "revenue": 609248
        },
        "2003-10": {
            "month": "2003-10",
            "price": "51.98",
            "revenue": 600124
        },
        "2003-11": {
            "month": "2003-11",
            "price": "54.15",
            "revenue": 669754
        },
        "2003-12": {
            "month": "2003-12",
            "price": "55.83",
            "revenue": 688818
        },
        "2004-01": {
            "month": "2004-01",
            "price": "61.43",
            "revenue": 512746
        },
        "2004-02": {
            "month": "2004-02",
            "price": "67.38",
            "revenue": 655690
        },
        "2004-03": {
            "month": "2004-03",
            "price": "65.20",
            "revenue": 706267
        },
        "2004-04": {
            "month": "2004-04",
            "price": "72.16",
            "revenue": 671319
        },
        "2004-05": {
            "month": "2004-05",
            "price": "65.74",
            "revenue": 625140
        },
        "2004-06": {
            "month": "2004-06",
            "price": "65.64",
            "revenue": 700022
        },
        "2004-07": {
            "month": "2004-07",
            "price": "66.34",
            "revenue": 718454
        },
        "2004-08": {
            "month": "2004-08",
            "price": "65.22",
            "revenue": 752039
        },
        "2004-09": {
            "month": "2004-09",
            "price": "69.79",
            "revenue": 588600
        },
        "2004-10": {
            "month": "2004-10",
            "price": "70.85",
            "revenue": 604663
        },
        "2004-11": {
            "month": "2004-11",
            "price": "73.43",
            "revenue": 667153
        },
        "2004-12": {
            "month": "2004-12",
            "price": "75.20",
            "revenue": 607870
        },
        "2005-01": {
            "month": "2005-01",
            "price": "73.45",
            "revenue": 597685
        },
        "2005-02": {
            "month": "2005-02",
            "price": "74.50",
            "revenue": 488286
        },
        "2005-03": {
            "month": "2005-03",
            "price": "73.40",
            "revenue": 722834
        },
        "2005-04": {
            "month": "2005-04",
            "price": "72.29",
            "revenue": 609593
        },
        "2005-05": {
            "month": "2005-05",
            "price": "74.44",
            "revenue": 586421
        },
        "2005-06": {
            "month": "2005-06",
            "price": "74.33",
            "revenue": 800591
        },
        "2005-07": {
            "month": "2005-07",
            "price": "80.96",
            "revenue": 755733
        },
        "2005-08": {
            "month": "2005-08",
            "price": "78.69",
            "revenue": 801644
        },
        "2005-09": {
            "month": "2005-09",
            "price": "77.27",
            "revenue": 744743
        },
        "2005-10": {
            "month": "2005-10",
            "price": "77.12",
            "revenue": 681091
        },
        "2005-11": {
            "month": "2005-11",
            "price": "80.55",
            "revenue": 860850
        },
        "2005-12": {
            "month": "2005-12",
            "price": "92.09",
            "revenue": 864798
        },
        "2006-01": {
            "month": "2006-01",
            "price": "91.45",
            "revenue": 704845
        },
        "2006-02": {
            "month": "2006-02",
            "price": "86.58",
            "revenue": 623005
        },
        "2006-03": {
            "month": "2006-03",
            "price": "87.10",
            "revenue": 994744
        },
        "2006-04": {
            "month": "2006-04",
            "price": "97.04",
            "revenue": 819788
        },
        "2006-05": {
            "month": "2006-05",
            "price": "89.28",
            "revenue": 877857
        },
        "2006-06": {
            "month": "2006-06",
            "price": "88.63",
            "revenue": 999704
        },
        "2006-07": {
            "month": "2006-07",
            "price": "94.29",
            "revenue": 802625
        },
        "2006-08": {
            "month": "2006-08",
            "price": "95.18",
            "revenue": 1003159
        },
        "2006-09": {
            "month": "2006-09",
            "price": "94.81",
            "revenue": 1012477
        },
        "2006-10": {
            "month": "2006-10",
            "price": "94.11",
            "revenue": 902712
        },
        "2006-11": {
            "month": "2006-11",
            "price": "98.17",
            "revenue": 987852
        },
        "2006-12": {
            "month": "2006-12",
            "price": "106.29",
            "revenue": 904643
        },
        "2007-01": {
            "month": "2007-01",
            "price": "112.80",
            "revenue": 800880
        },
        "2007-02": {
            "month": "2007-02",
            "price": "109.25",
            "revenue": 624287
        },
        "2007-03": {
            "month": "2007-03",
            "price": "102.13",
            "revenue": 914286
        },
        "2007-04": {
            "month": "2007-04",
            "price": "103.05",
            "revenue": 848126
        },
        "2007-05": {
            "month": "2007-05",
            "price": "99.37",
            "revenue": 1054856
        },
        "2007-06": {
            "month": "2007-06",
            "price": "103.44",
            "revenue": 1021234
        },
        "2007-07": {
            "month": "2007-07",
            "price": "103.70",
            "revenue": 984603
        },
        "2007-08": {
            "month": "2007-08",
            "price": "94.58",
            "revenue": 1068468
        },
        "2007-09": {
            "month": "2007-09",
            "price": "96.19",
            "revenue": 858014
        },
        "2007-10": {
            "month": "2007-10",
            "price": "92.23",
            "revenue": 1106002
        },
        "2007-11": {
            "month": "2007-11",
            "price": "82.64",
            "revenue": 1104751
        },
        "2007-12": {
            "month": "2007-12",
            "price": "71.62",
            "revenue": 993641
        },
        "2008-01": {
            "month": "2008-01",
            "price": "69.85",
            "revenue": 1091206
        },
        "2008-02": {
            "month": "2008-02",
            "price": "68.73",
            "revenue": 857760
        },
        "2008-03": {
            "month": "2008-03",
            "price": "69.70",
            "revenue": 1073069
        },
        "2008-04": {
            "month": "2008-04",
            "price": "78.29",
            "revenue": 1060044
        },
        "2008-05": {
            "month": "2008-05",
            "price": "79.32",
            "revenue": 1090238
        },
        "2008-06": {
            "month": "2008-06",
            "price": "76.79",
            "revenue": 1100288
        },
        "2008-07": {
            "month": "2008-07",
            "price": "71.90",
            "revenue": 1134183
        },
        "2008-08": {
            "month": "2008-08",
            "price": "66.75",
            "revenue": 1068413
        },
        "2008-09": {
            "month": "2008-09",
            "price": "64.39",
            "revenue": 923563
        },
        "2008-10": {
            "month": "2008-10",
            "price": "49.68",
            "revenue": 963546
        },
        "2008-11": {
            "month": "2008-11",
            "price": "42.72",
            "revenue": 937681
        },
        "2008-12": {
            "month": "2008-12",
            "price": "43.49",
            "revenue": 974720
        },
        "2009-01": {
            "month": "2009-01",
            "price": "42.56",
            "revenue": 1055953
        },
        "2009-02": {
            "month": "2009-02",
            "price": "41.24",
            "revenue": 1244720
        },
        "2009-03": {
            "month": "2009-03",
            "price": "44.67",
            "revenue": 1254627
        },
        "2009-04": {
            "month": "2009-04",
            "price": "50.58",
            "revenue": 1130820
        },
        "2009-05": {
            "month": "2009-05",
            "price": "51.16",
            "revenue": 1181027
        },
        "2009-06": {
            "month": "2009-06",
            "price": "46.92",
            "revenue": 1323701
        },
        "2009-07": {
            "month": "2009-07",
            "price": "49.32",
            "revenue": 1246964
        },
        "2009-08": {
            "month": "2009-08",
            "price": "50.94",
            "revenue": 1187700
        },
        "2009-09": {
            "month": "2009-09",
            "price": "57.59",
            "revenue": 1422159
        },
        "2009-10": {
            "month": "2009-10",
            "price": "59.77",
            "revenue": 1338256
        },
        "2009-11": {
            "month": "2009-11",
            "price": "61.07",
            "revenue": 1377808
        },
        "2009-12": {
            "month": "2009-12",
            "price": "67.44",
            "revenue": 1555658
        },
        "2010-01": {
            "month": "2010-01",
            "price": "69.00",
            "revenue": 1359197
        },
        "2010-02": {
            "month": "2010-02",
            "price": "63.08",
            "revenue": 1213026
        },
        "2010-03": {
            "month": "2010-03",
            "price": "66.08",
            "revenue": 1756402
        },
        "2010-04": {
            "month": "2010-04",
            "price": "70.10",
            "revenue": 1903436
        },
        "2010-05": {
            "month": "2010-05",
            "price": "67.09",
            "revenue": 1911089
        },
        "2010-06": {
            "month": "2010-06",
            "price": "69.25",
            "revenue": 2155862
        },
        "2010-07": {
            "month": "2010-07",
            "price": "68.34",
            "revenue": 2078032
        },
        "2010-08": {
            "month": "2010-08",
            "price": "71.61",
            "revenue": 2052469
        },
        "2010-09": {
            "month": "2010-09",
            "price": "79.88",
            "revenue": 2164473
        },
        "2010-10": {
            "month": "2010-10",
            "price": "80.47",
            "revenue": 2158610
        },
        "2010-11": {
            "month": "2010-11",
            "price": "82.86",
            "revenue": 2145338
        },
        "2010-12": {
            "month": "2010-12",
            "price": "83.62",
            "revenue": 2144347
        },
        "2011-01": {
            "month": "2011-01",
            "price": "83.96",
            "revenue": 2205993
        },
        "2011-02": {
            "month": "2011-02",
            "price": "82.36",
            "revenue": 1798320
        },
        "2011-03": {
            "month": "2011-03",
            "price": "83.76",
            "revenue": 2581322
        },
        "2011-04": {
            "month": "2011-04",
            "price": "93.06",
            "revenue": 2014043
        },
        "2011-05": {
            "month": "2011-05",
            "price": "94.60",
            "revenue": 2323453
        },
        "2011-06": {
            "month": "2011-06",
            "price": "96.50",
            "revenue": 2514784
        },
        "2011-07": {
            "month": "2011-07",
            "price": "94.80",
            "revenue": 2192912
        },
        "2011-08": {
            "month": "2011-08",
            "price": "87.44",
            "revenue": 2264316
        },
        "2011-09": {
            "month": "2011-09",
            "price": "81.51",
            "revenue": 2242493
        },
        "2011-10": {
            "month": "2011-10",
            "price": "80.99",
            "revenue": 2053840
        },
        "2011-11": {
            "month": "2011-11",
            "price": "81.41",
            "revenue": 2170590
        },
        "2011-12": {
            "month": "2011-12",
            "price": "82.88",
            "revenue": 2171749
        },
        "2012-01": {
            "month": "2012-01",
            "price": "85.24",
            "revenue": 1941678
        },
        "2012-02": {
            "month": "2012-02",
            "price": "92.29",
            "revenue": 2002560
        },
        "2012-03": {
            "month": "2012-03",
            "price": "97.37",
            "revenue": 2306438
        },
        "2012-04": {
            "month": "2012-04",
            "price": "99.30",
            "revenue": 2173345
        },
        "2012-05": {
            "month": "2012-05",
            "price": "100.30",
            "revenue": 2434611
        },
        "2012-06": {
            "month": "2012-06",
            "price": "98.97",
            "revenue": 2648642
        },
        "2012-07": {
            "month": "2012-07",
            "price": "103.93",
            "revenue": 2246905
        },
        "2012-08": {
            "month": "2012-08",
            "price": "104.82",
            "revenue": 2495045
        },
        "2012-09": {
            "month": "2012-09",
            "price": "105.00",
            "revenue": 2338540
        },
        "2012-10": {
            "month": "2012-10",
            "price": "108.23",
            "revenue": 2331593
        },
        "2012-11": {
            "month": "2012-11",
            "price": "108.61",
            "revenue": 2309029
        },
        "2012-12": {
            "month": "2012-12",
            "price": "113.93",
            "revenue": 2323421
        },
        "2013-01": {
            "month": "2013-01",
            "price": "120.89",
            "revenue": 2328016
        },
        "2013-02": {
            "month": "2013-02",
            "price": "131.54",
            "revenue": 1785337
        },
        "2013-03": {
            "month": "2013-03",
            "price": "126.69",
            "revenue": 2490175
        },
        "2013-04": {
            "month": "2013-04",
            "price": "130.92",
            "revenue": 2528512
        },
        "2013-05": {
            "month": "2013-05",
            "price": "146.27",
            "revenue": 2686029
        },
        "2013-06": {
            "month": "2013-06",
            "price": "146.79",
            "revenue": 2622923
        },
        "2013-07": {
            "month": "2013-07",
            "price": "146.15",
            "revenue": 2598359
        },
        "2013-08": {
            "month": "2013-08",
            "price": "148.00",
            "revenue": 2541069
        },
        "2013-09": {
            "month": "2013-09",
            "price": "162.30",
            "revenue": 2803563
        },
        "2013-10": {
            "month": "2013-10",
            "price": "181.16",
            "revenue": 2717394
        },
        "2013-11": {
            "month": "2013-11",
            "price": "181.71",
            "revenue": 2728067
        },
        "2013-12": {
            "month": "2013-12",
            "price": "193.77",
            "revenue": 2826660
        },
        "2014-01": {
            "month": "2014-01",
            "price": "198.14",
            "revenue": 2677218
        },
        "2014-02": {
            "month": "2014-02",
            "price": "189.56",
            "revenue": 2372518
        },
        "2014-03": {
            "month": "2014-03",
            "price": "191.52",
            "revenue": 3098816
        },
        "2014-04": {
            "month": "2014-04",
            "price": "200.38",
            "revenue": 3155016
        },
        "2014-05": {
            "month": "2014-05",
            "price": "205.14",
            "revenue": 3012746
        },
        "2014-06": {
            "month": "2014-06",
            "price": "238.02",
            "revenue": 3110207
        },
        "2014-07": {
            "month": "2014-07",
            "price": "243.02",
            "revenue": 3152872
        },
        "2014-08": {
            "month": "2014-08",
            "price": "251.00",
            "revenue": 2871889
        },
        "2014-09": {
            "month": "2014-09",
            "price": "229.81",
            "revenue": 3097850
        },
        "2014-10": {
            "month": "2014-10",
            "price": "206.48",
            "revenue": 3095297
        },
        "2014-11": {
            "month": "2014-11",
            "price": "201.40",
            "revenue": 2894743
        },
        "2014-12": {
            "month": "2014-12",
            "price": "218.04",
            "revenue": 3193994
        },
        "2015-01": {
            "month": "2015-01",
            "price": "234.20",
            "revenue": 3052169
        },
        "2015-02": {
            "month": "2015-02",
            "price": "242.92",
            "revenue": 2357254
        },
        "2015-03": {
            "month": "2015-03",
            "price": "255.70",
            "revenue": 3393302
        },
        "2015-04": {
            "month": "2015-04",
            "price": "249.30",
            "revenue": 3273808
        },
        "2015-05": {
            "month": "2015-05",
            "price": "246.65",
            "revenue": 3004679
        },
        "2015-06": {
            "month": "2015-06",
            "price": "223.55",
            "revenue": 3730527
        },
        "2015-07": {
            "month": "2015-07",
            "price": "213.30",
            "revenue": 3168352
        },
        "2015-08": {
            "month": "2015-08",
            "price": "211.57",
            "revenue": 3096526
        },
        "2015-09": {
            "month": "2015-09",
            "price": "213.90",
            "revenue": 3212024
        },
        "2015-10": {
            "month": "2015-10",
            "price": "233.12",
            "revenue": 3255876
        },
        "2015-11": {
            "month": "2015-11",
            "price": "220.62",
            "revenue": 3164423
        },
        "2015-12": {
            "month": "2015-12",
            "price": "212.30",
            "revenue": 3330856
        },
        "2016-01": {
            "month": "2016-01",
            "price": "204.43",
            "revenue": 3289158
        },
        "2016-02": {
            "month": "2016-02",
            "price": "213.23",
            "revenue": 2704484
        },
        "2016-03": {
            "month": "2016-03",
            "price": "235.76",
            "revenue": 4080766
        },
        "2016-04": {
            "month": "2016-04",
            "price": "227.66",
            "revenue": 3301012
        },
        "2016-05": {
            "month": "2016-05",
            "price": "228.07",
            "revenue": 3521427
        },
        "2016-06": {
            "month": "2016-06",
            "price": "244.69",
            "revenue": 3889064
        },
        "2016-07": {
            "month": "2016-07",
            "price": "249.82",
            "revenue": 3287164
        },
        "2016-08": {
            "month": "2016-08",
            "price": "254.67",
            "revenue": 3580854
        },
        "2016-09": {
            "month": "2016-09",
            "price": "269.63",
            "revenue": 3543313
        },
        "2016-10": {
            "month": "2016-10",
            "price": "259.80",
            "revenue": 3173071
        },
        "2016-11": {
            "month": "2016-11",
            "price": "251.52",
            "revenue": 3806469
        },
        "2016-12": {
            "month": "2016-12",
            "price": "251.48",
            "revenue": 3825414
        },
        "2017-01": {
            "month": "2017-01",
            "price": "260.12",
            "revenue": 3034181
        },
        "2017-02": {
            "month": "2017-02",
            "price": "266.08",
            "revenue": 2958128
        },
        "2017-03": {
            "month": "2017-03",
            "price": "256.33",
            "revenue": 4013930
        },
        "2017-04": {
            "month": "2017-04",
            "price": "245.14",
            "revenue": 3365193
        },
        "2017-05": {
            "month": "2017-05",
            "price": "241.85",
            "revenue": 3672077
        },
        "2017-06": {
            "month": "2017-06",
            "price": "242.41",
            "revenue": 4368838
        },
        "2017-07": {
            "month": "2017-07",
            "price": "222.36",
            "revenue": 3440245
        },
        "2017-08": {
            "month": "2017-08",
            "price": "226.09",
            "revenue": 3824381
        },
        "2017-09": {
            "month": "2017-09",
            "price": "218.59",
            "revenue": 3938168
        },
        "2017-10": {
            "month": "2017-10",
            "price": "207.92",
            "revenue": 3621135
        },
        "2017-11": {
            "month": "2017-11",
            "price": "203.95",
            "revenue": 4211590
        },
        "2017-12": {
            "month": "2017-12",
            "price": "205.02",
            "revenue": 3926885
        },
        "2018-01": {
            "month": "2018-01",
            "price": "228.86",
            "revenue": 4000087
        },
        "2018-02": {
            "month": "2018-02",
            "price": "216.62",
            "revenue": 2965569
        },
        "2018-03": {
            "month": "2018-03",
            "price": "213.33",
            "revenue": 4389539
        },
        "2018-04": {
            "month": "2018-04",
            "price": "204.50",
            "revenue": 3780766
        },
        "2018-05": {
            "month": "2018-05",
            "price": "206.48",
            "revenue": 4472613
        },
        "2018-06": {
            "month": "2018-06",
            "price": "204.25",
            "revenue": 4392065
        },
        "2018-07": {
            "month": "2018-07",
            "price": "197.45",
            "revenue": 4092896
        },
        "2018-08": {
            "month": "2018-08",
            "price": "202.65",
            "revenue": 4428360
        },
        "2018-09": {
            "month": "2018-09",
            "price": "215.29",
            "revenue": 3838399
        },
        "2018-10": {
            "month": "2018-10",
            "price": "208.52",
            "revenue": 4157300
        },
        "2018-11": {
            "month": "2018-11",
            "price": "225.27",
            "revenue": 4150627
        },
        "2018-12": {
            "month": "2018-12",
            "price": "221.74",
            "revenue": 4106964
        },
        "2019-01": {
            "month": "2019-01",
            "price": "223.45",
            "revenue": 4176768
        },
        "2019-02": {
            "month": "2019-02",
            "price": "229.85",
            "revenue": 3570476
        },
        "2019-03": {
            "month": "2019-03",
            "price": "249.85",
            "revenue": 4553346
        },
        "2019-04": {
            "month": "2019-04",
            "price": "248.62",
            "revenue": 4657548
        },
        "2019-05": {
            "month": "2019-05",
            "price": "249.64",
            "revenue": 4649097
        },
        "2019-06": {
            "month": "2019-06",
            "price": "260.29",
            "revenue": 4669370
        },
        "2019-07": {
            "month": "2019-07",
            "price": "262.02",
            "revenue": 4569296
        },
        "2019-08": {
            "month": "2019-08",
            "price": "262.45",
            "revenue": 4825344
        },
        "2019-09": {
            "month": "2019-09",
            "price": "271.45",
            "revenue": 4987642
        },
        "2019-10": {
            "month": "2019-10",
            "price": "287.38",
            "revenue": 4788639
        },
        "2019-11": {
            "month": "2019-11",
            "price": "309.95",
            "revenue": 4433721
        },
        "2019-12": {
            "month": "2019-12",
            "price": "301.64",
            "revenue": 4447477
        },
        "2020-01": {
            "month": "2020-01",
            "price": "303.93",
            "revenue": 3964219
        },
        "2020-02": {
            "month": "2020-02",
            "price": "303.97",
            "revenue": 3231064
        },
        "2020-03": {
            "month": "2020-03",
            "price": "260.61",
            "revenue": 4076906
        },
        "2020-04": {
            "month": "2020-04",
            "price": "265.90",
            "revenue": 4393004
        },
        "2020-05": {
            "month": "2020-05",
            "price": "284.50",
            "revenue": 4503341
        },
        "2020-06": {
            "month": "2020-06",
            "price": "295.12",
            "revenue": 5121824
        },
        "2020-07": {
            "month": "2020-07",
            "price": "324.48",
            "revenue": 4404376
        },
        "2020-08": {
            "month": "2020-08",
            "price": "306.90",
            "revenue": 4295139
        },
        "2020-09": {
            "month": "2020-09",
            "price": "290.11",
            "revenue": 4350336
        },
        "2020-10": {
            "month": "2020-10",
            "price": "295.63",
            "revenue": 3832625
        },
        "2020-11": {
            "month": "2020-11",
            "price": "302.88",
            "revenue": 3908640
        },
        "2020-12": {
            "month": "2020-12",
            "price": "326.11",
            "revenue": 5024404
        },
        "2021-01": {
            "month": "2021-01",
            "price": "356.55",
            "revenue": 4510810
        },
        "2021-02": {
            "month": "2021-02",
            "price": "362.46",
            "revenue": 3619270
        },
        "2021-03": {
            "month": "2021-03",
            "price": "358.66",
            "revenue": 5031322
        },
        "2021-04": {
            "month": "2021-04",
            "price": "355.05",
            "revenue": 4675360
        },
        "2021-05": {
            "month": "2021-05",
            "price": "330.14",
            "revenue": 4487246
        },
        "2021-06": {
            "month": "2021-06",
            "price": "331.33",
            "revenue": 5047082
        },
        "2021-07": {
            "month": "2021-07",
            "price": "357.09",
            "revenue": 4864453
        },
        "2021-08": {
            "month": "2021-08",
            "price": "365.84",
            "revenue": 5151975
        },
        "2021-09": {
            "month": "2021-09",
            "price": "375.92",
            "revenue": 5490436
        },
        "2021-10": {
            "month": "2021-10",
            "price": "350.15",
            "revenue": 5010964
        },
        "2021-11": {
            "month": "2021-11",
            "price": "381.09",
            "revenue": 5171362
        },
        "2021-12": {
            "month": "2021-12",
            "price": "387.36",
            "revenue": 5562179
        },
        "2022-01": {
            "month": "2022-01",
            "price": "389.81",
            "revenue": 5383995
        },
        "2022-02": {
            "month": "2022-02",
            "price": "383.13",
            "revenue": 4673424
        },
        "2022-03": {
            "month": "2022-03",
            "price": "364.52",
            "revenue": 6103542
        },
        "2022-04": {
            "month": "2022-04",
            "price": "369.37",
            "revenue": 4775924
        },
        "2022-05": {
            "month": "2022-05",
            "price": "352.05",
            "revenue": 5614422
        },
        "2022-06": {
            "month": "2022-06",
            "price": "344.00",
            "revenue": 6434150
        },
        "2022-07": {
            "month": "2022-07",
            "price": "334.40",
            "revenue": 5968194
        },
        "2022-08": {
            "month": "2022-08",
            "price": "339.02",
            "revenue": 6236122
        },
        "2022-09": {
            "month": "2022-09",
            "price": "312.55",
            "revenue": 6409596
        },
        "2022-10": {
            "month": "2022-10",
            "price": "297.38",
            "revenue": 5735706
        },
        "2022-11": {
            "month": "2022-11",
            "price": "309.68",
            "revenue": 5816014
        },
        "2022-12": {
            "month": "2022-12",
            "price": "331.95",
            "revenue": 5635058
        },
        "2023-01": {
            "month": "2023-01",
            "price": "339.81",
            "revenue": 5640376
        },
        "2023-02": {
            "month": "2023-02",
            "price": "359.03",
            "revenue": 5229835
        },
        "2023-03": {
            "month": "2023-03",
            "price": "362.59",
            "revenue": 6525397
        },
        "2023-04": {
            "month": "2023-04",
            "price": "365.94",
            "revenue": 5528683
        },
        "2023-05": {
            "month": "2023-05",
            "price": "391.59",
            "revenue": 5826706
        },
        "2023-06": {
            "month": "2023-06",
            "price": "405.20",
            "revenue": 5672745
        },
        "2023-07": {
            "month": "2023-07",
            "price": "394.38",
            "revenue": 4824713
        },
        "2023-08": {
            "month": "2023-08",
            "price": "352.11",
            "revenue": 5084168
        }
    }
}
