{
    "summary": {
        "stock_name": "友通",
        "stock_id": "2397",
        "category": "電腦及週邊設備",
        "main_business": "電腦主機板、工業用電腦及特殊專用平台(ACP)",
        "website_url": "http://www.dfi.com",
        "ceo": "蘇家弘",
        "pe_ratio": 13,
        "report_year_from": 2001,
        "report_year_to": 2023,
        "age": 22,
        "eps_negative_percentage": 0,
        "eps_growth_avg": {
            "last_all": 7.28,
            "last_2y": 0.59,
            "last_4y": 10.14,
            "last_8y": 13.02,
            "last_12y": 9.93,
            "last_16y": 6.99,
            "last_20y": 7.28,
            "at_2006_last_3y": 35.6,
            "at_2007_last_3y": 43.93,
            "at_2008_last_3y": 33.13,
            "at_2009_last_3y": -2.55,
            "at_2010_last_3y": -25.99,
            "at_2011_last_3y": -17.7,
            "at_2012_last_3y": -12.11,
            "at_2013_last_3y": 2.99,
            "at_2014_last_3y": 24.97,
            "at_2015_last_3y": 15.69,
            "at_2016_last_3y": 26.19,
            "at_2017_last_3y": 16.62,
            "at_2018_last_3y": 19.21,
            "at_2019_last_3y": 18.69,
            "at_2020_last_3y": -1.8,
            "at_2021_last_3y": 16.25,
            "at_2022_last_3y": 1.44,
            "at_2023_last_3y": 1.44,
            "at_2006_last_all": 14.88,
            "at_2007_last_all": 14.07,
            "at_2008_last_all": 9.5,
            "at_2009_last_all": 2.97,
            "at_2010_last_all": -3.29,
            "at_2011_last_all": 1.36,
            "at_2012_last_all": 1.65,
            "at_2013_last_all": 2.98,
            "at_2014_last_all": 5.41,
            "at_2015_last_all": 5.46,
            "at_2016_last_all": 8.19,
            "at_2017_last_all": 6.39,
            "at_2018_last_all": 8.66,
            "at_2019_last_all": 8.4,
            "at_2020_last_all": 6.09,
            "at_2021_last_all": 8.36,
            "at_2022_last_all": 7.28,
            "at_2023_last_all": 7.28
        },
        "latest_eps": 4.82,
        "latest_price": 64,
        "latest_roe": 10.2,
        "latest_gross_margin": 20.72,
        "latest_equity": 5564747,
        "latest_revenue": 3761152,
        "latest_gross_profit": 779164,
        "latest_net_income": 99375,
        "latest_debt_ratio": 53.39,
        "latest_current_ratio": 164.25,
        "latest_account_receivable_turnover_ratio": 1.44,
        "latest_inventory_turnover_ratio": 0.89,
        "latest_reinvestment_rate": 58.61,
        "latest_research_to_sale_ratio": 2.95
    },
    "eps_dividends": {
        "1998": {
            "cash": 0,
            "stock": 1.7,
            "eps": 0
        },
        "1999": {
            "cash": 0,
            "stock": 1,
            "eps": 0
        },
        "2000": {
            "cash": 0,
            "stock": 3,
            "eps": 0
        },
        "2001": {
            "cash": 0,
            "stock": 0,
            "eps": 3.22
        },
        "2002": {
            "cash": 2,
            "stock": 0,
            "eps": 1.03
        },
        "2003": {
            "cash": 1,
            "stock": 0,
            "eps": 0.79
        },
        "2004": {
            "cash": 1,
            "stock": 0,
            "eps": 0.99
        },
        "2005": {
            "cash": 0.8,
            "stock": 0.2,
            "eps": 3.69
        },
        "2006": {
            "cash": 3,
            "stock": 0.2,
            "eps": 5.18
        },
        "2007": {
            "cash": 4,
            "stock": 0.2,
            "eps": 5.7
        },
        "2008": {
            "cash": 4.3,
            "stock": 0.1,
            "eps": 4.68
        },
        "2009": {
            "cash": 3.7,
            "stock": 0.1,
            "eps": 2.68
        },
        "2010": {
            "cash": 2.58,
            "stock": 0,
            "eps": 1.25
        },
        "2011": {
            "cash": 2.5300000000000002,
            "stock": 0,
            "eps": 1.79
        },
        "2012": {
            "cash": 0,
            "stock": 0,
            "eps": 1.87
        },
        "2013": {
            "cash": 1.5,
            "stock": 0,
            "eps": 2.2
        },
        "2014": {
            "cash": 1.8,
            "stock": 0,
            "eps": 2.96
        },
        "2015": {
            "cash": 2.58,
            "stock": 0,
            "eps": 3.14
        },
        "2016": {
            "cash": 2.85,
            "stock": 0,
            "eps": 4.6
        },
        "2017": {
            "cash": 4.5,
            "stock": 0,
            "eps": 3.65
        },
        "2018": {
            "cash": 4.2,
            "stock": 0,
            "eps": 5.29
        },
        "2019": {
            "cash": 5.28,
            "stock": 0,
            "eps": 5.5
        },
        "2020": {
            "cash": 5,
            "stock": 0,
            "eps": 3.55
        },
        "2021": {
            "cash": 3,
            "stock": 0,
            "eps": 5.38
        },
        "2022": {
            "cash": 3.6,
            "stock": 0,
            "eps": 4.61
        },
        "2023": {
            "cash": 4,
            "stock": 0,
            "eps": 1.95
        }
    },
    "dividends": {
        "1998-06-05": {
            "cash": 0,
            "stock": 1.7
        },
        "1999-03-25": {
            "cash": 0,
            "stock": 1
        },
        "2000-04-24": {
            "cash": 0,
            "stock": 3
        },
        "2002-06-24": {
            "cash": 2,
            "stock": 0
        },
        "2003-06-23": {
            "cash": 1,
            "stock": 0
        },
        "2004-04-29": {
            "cash": 1,
            "stock": 0
        },
        "2005-04-28": {
            "cash": 0.8,
            "stock": 0.2
        },
        "2006-04-07": {
            "cash": 3,
            "stock": 0.2
        },
        "2007-03-07": {
            "cash": 4,
            "stock": 0.2
        },
        "2008-04-28": {
            "cash": 4.3,
            "stock": 0.1
        },
        "2009-04-28": {
            "cash": 3.7,
            "stock": 0.1
        },
        "2010-03-30": {
            "cash": 2.58,
            "stock": 0
        },
        "2011-01-01": {
            "cash": 1.5,
            "stock": 0
        },
        "2011-04-26": {
            "cash": 1.03,
            "stock": 0
        },
        "2013-03-20": {
            "cash": 1.5,
            "stock": 0
        },
        "2014-08-29": {
            "cash": 1.8,
            "stock": 0
        },
        "2015-09-04": {
            "cash": 2.58,
            "stock": 0
        },
        "2016-07-22": {
            "cash": 2.85,
            "stock": 0
        },
        "2017-08-11": {
            "cash": 4.5,
            "stock": 0
        },
        "2018-08-10": {
            "cash": 4.2,
            "stock": 0
        },
        "2019-07-25": {
            "cash": 5.28,
            "stock": 0
        },
        "2020-08-13": {
            "cash": 5,
            "stock": 0
        },
        "2021-08-17": {
            "cash": 3,
            "stock": 0
        },
        "2022-08-12": {
            "cash": 3.6,
            "stock": 0
        },
        "2023-08-11": {
            "cash": 4,
            "stock": 0
        }
    },
    "prices": {
        "200101": "27.52",
        "200102": "46.99",
        "200103": "54.31",
        "200104": "56.05",
        "200105": "44.72",
        "200106": "45.88",
        "200107": "45.16",
        "200108": "43.03",
        "200109": "34.57",
        "200110": "30.68",
        "200111": "34.88",
        "200112": "42.63",
        "200201": "45.83",
        "200202": "43.75",
        "200203": "41.94",
        "200204": "38.97",
        "200205": "31.17",
        "200206": "28.93",
        "200207": "22.88",
        "200208": "21.75",
        "200209": "18.54",
        "200210": "17.43",
        "200211": "18.72",
        "200212": "16.69",
        "200301": "16.03",
        "200302": "15.98",
        "200303": "15.56",
        "200304": "15.69",
        "200305": "15.42",
        "200306": "18.02",
        "200307": "20.16",
        "200308": "19.29",
        "200309": "16.42",
        "200310": "15.90",
        "200311": "16.61",
        "200312": "16.99",
        "200401": "17.15",
        "200402": "17.79",
        "200403": "17.97",
        "200404": "17.82",
        "200405": "17.14",
        "200406": "16.65",
        "200407": "16.54",
        "200408": "15.54",
        "200409": "14.79",
        "200410": "14.87",
        "200411": "15.32",
        "200412": "15.09",
        "200501": "15.52",
        "200502": "16.13",
        "200503": "16.63",
        "200504": "16.72",
        "200505": "18.24",
        "200506": "18.89",
        "200507": "26.89",
        "200508": "29.39",
        "200509": "30.37",
        "200510": "33.49",
        "200511": "35.11",
        "200512": "37.86",
        "200601": "39.99",
        "200602": "37.71",
        "200603": "39.40",
        "200604": "42.80",
        "200605": "51.21",
        "200606": "51.53",
        "200607": "53.23",
        "200608": "56.97",
        "200609": "56.63",
        "200610": "58.44",
        "200611": "55.20",
        "200612": "55.70",
        "200701": "59.80",
        "200702": "72.37",
        "200703": "75.72",
        "200704": "82.94",
        "200705": "85.48",
        "200706": "98.62",
        "200707": "114.81",
        "200708": "97.39",
        "200709": "96.24",
        "200710": "98.65",
        "200711": "92.08",
        "200712": "78.36",
        "200801": "71.76",
        "200802": "68.86",
        "200803": "74.38",
        "200804": "82.60",
        "200805": "77.68",
        "200806": "70.36",
        "200807": "61.49",
        "200808": "66.40",
        "200809": "58.38",
        "200810": "40.88",
        "200811": "32.56",
        "200812": "34.63",
        "200901": "37.94",
        "200902": "34.61",
        "200903": "35.40",
        "200904": "40.99",
        "200905": "41.23",
        "200906": "40.79",
        "200907": "44.40",
        "200908": "43.47",
        "200909": "41.24",
        "200910": "39.85",
        "200911": "39.80",
        "200912": "41.60",
        "201001": "41.27",
        "201002": "37.15",
        "201003": "37.77",
        "201004": "38.65",
        "201005": "33.87",
        "201006": "32.70",
        "201007": "34.21",
        "201008": "33.88",
        "201009": "31.81",
        "201010": "30.52",
        "201011": "28.38",
        "201012": "28.09",
        "201101": "28.72",
        "201102": "27.42",
        "201103": "26.97",
        "201104": "29.16",
        "201105": "29.27",
        "201106": "27.15",
        "201107": "25.83",
        "201108": "23.46",
        "201109": "24.67",
        "201110": "24.23",
        "201111": "22.69",
        "201112": "20.57",
        "201201": "21.09",
        "201202": "23.51",
        "201203": "23.68",
        "201204": "22.63",
        "201205": "22.34",
        "201206": "21.89",
        "201207": "23.00",
        "201208": "22.69",
        "201209": "23.85",
        "201210": "22.82",
        "201211": "22.20",
        "201212": "23.16",
        "201301": "26.71",
        "201302": "26.56",
        "201303": "26.64",
        "201304": "28.10",
        "201305": "29.23",
        "201306": "30.16",
        "201307": "29.60",
        "201308": "32.73",
        "201309": "34.30",
        "201310": "33.27",
        "201311": "32.54",
        "201312": "33.83",
        "201401": "36.39",
        "201402": "35.91",
        "201403": "41.08",
        "201404": "40.97",
        "201405": "37.98",
        "201406": "37.32",
        "201407": "36.27",
        "201408": "34.50",
        "201409": "36.84",
        "201410": "35.18",
        "201411": "35.13",
        "201412": "35.45",
        "201501": "36.23",
        "201502": "36.77",
        "201503": "39.21",
        "201504": "44.08",
        "201505": "45.68",
        "201506": "48.36",
        "201507": "43.52",
        "201508": "37.07",
        "201509": "33.56",
        "201510": "36.63",
        "201511": "38.79",
        "201512": "41.61",
        "201601": "43.04",
        "201602": "46.25",
        "201603": "51.13",
        "201604": "54.06",
        "201605": "58.94",
        "201606": "52.69",
        "201607": "50.33",
        "201608": "51.66",
        "201609": "55.65",
        "201610": "50.06",
        "201611": "49.11",
        "201612": "49.44",
        "201701": "51.61",
        "201702": "51.96",
        "201703": "53.27",
        "201704": "55.29",
        "201705": "51.52",
        "201706": "51.72",
        "201707": "50.35",
        "201708": "52.17",
        "201709": "63.06",
        "201710": "64.34",
        "201711": "62.41",
        "201712": "58.98",
        "201801": "59.09",
        "201802": "59.16",
        "201803": "63.85",
        "201804": "66.19",
        "201805": "69.70",
        "201806": "76.21",
        "201807": "76.33",
        "201808": "72.08",
        "201809": "70.23",
        "201810": "61.58",
        "201811": "61.01",
        "201812": "64.72",
        "201901": "63.47",
        "201902": "68.12",
        "201903": "72.64",
        "201904": "78.90",
        "201905": "83.95",
        "201906": "86.23",
        "201907": "83.74",
        "201908": "85.03",
        "201909": "83.55",
        "201910": "81.48",
        "201911": "82.63",
        "201912": "83.30",
        "202001": "82.85",
        "202002": "80.52",
        "202003": "68.07",
        "202004": "70.62",
        "202005": "75.36",
        "202006": "76.59",
        "202007": "79.37",
        "202008": "70.14",
        "202009": "67.16",
        "202010": "67.52",
        "202011": "66.21",
        "202012": "66.82",
        "202101": "65.75",
        "202102": "64.94",
        "202103": "66.31",
        "202104": "67.12",
        "202105": "62.50",
        "202106": "64.66",
        "202107": "66.34",
        "202108": "60.61",
        "202109": "57.40",
        "202110": "55.00",
        "202111": "57.32",
        "202112": "59.80",
        "202201": "61.14",
        "202202": "61.46",
        "202203": "61.06",
        "202204": "61.42",
        "202205": "60.49",
        "202206": "60.10",
        "202207": "58.82",
        "202208": "58.01",
        "202209": "56.93",
        "202210": "57.16",
        "202211": "58.29",
        "202212": "58.74",
        "202301": "60.76",
        "202302": "62.41",
        "202303": "68.14",
        "202304": "68.52",
        "202305": "70.18",
        "202306": "79.04",
        "202307": "79.46",
        "202308": "68.92",
        "202309": "68.90",
        "202310": "65.52"
    },
    "quarters": {
        "20011": {
            "year_quarter": 20011,
            "year": 2001,
            "quarter": 1,
            "eps": 1.14,
            "eps_growth_year": -8.8,
            "eps_4q": 3.28,
            "eps_4q_growth_year": -26.63,
            "roe": 4.08,
            "roe_4q": 4.08,
            "gross_profit": 197529,
            "gross_margin": 16.98,
            "gross_margin_4q_avg": 16.98,
            "net_income": 109126,
            "net_income_4q": null,
            "revenue": 1163041,
            "revenue_4q": null,
            "common_shares": 953200,
            "book_valuer_per_share": 28.61,
            "book_valuer_per_share_4q_avg": 28.61,
            "equity": 2727397,
            "current_ratio": 327.85,
            "debt_ratio": 27.4,
            "inventory_turnover_ratio": 2.06,
            "account_receivable_turnover_ratio": null,
            "reinvestment_rate": null,
            "research_to_sale_ratio": null,
            "price_fair": 0,
            "eps_avg_yearly": 0,
            "eps_latest_yearly": 0,
            "eps_growth_yearly": 0
        },
        "20012": {
            "year_quarter": 20012,
            "year": 2001,
            "quarter": 2,
            "eps": 0.75,
            "eps_growth_year": -15.73,
            "eps_4q": 2.87,
            "eps_4q_growth_year": -23.37,
            "roe": 3.18,
            "roe_4q": 7.26,
            "gross_profit": 127482,
            "gross_margin": 13.21,
            "gross_margin_4q_avg": 15.1,
            "net_income": 86412,
            "net_income_4q": null,
            "revenue": 965221,
            "revenue_4q": null,
            "common_shares": 953200,
            "book_valuer_per_share": 28.32,
            "book_valuer_per_share_4q_avg": 28.47,
            "equity": 2699333,
            "current_ratio": 383.31,
            "debt_ratio": 23.31,
            "inventory_turnover_ratio": 2.22,
            "account_receivable_turnover_ratio": null,
            "reinvestment_rate": null,
            "research_to_sale_ratio": null,
            "price_fair": 0,
            "eps_avg_yearly": 0,
            "eps_latest_yearly": 0,
            "eps_growth_yearly": 0
        },
        "20013": {
            "year_quarter": 20013,
            "year": 2001,
            "quarter": 3,
            "eps": 0.6,
            "eps_growth_year": 25,
            "eps_4q": 3.12,
            "eps_4q_growth_year": 3.27,
            "roe": 2.52,
            "roe_4q": 9.780000000000001,
            "gross_profit": 144269,
            "gross_margin": 11.72,
            "gross_margin_4q_avg": 13.97,
            "net_income": 69018,
            "net_income_4q": null,
            "revenue": 1230779,
            "revenue_4q": null,
            "common_shares": 1150000,
            "book_valuer_per_share": 24.07,
            "book_valuer_per_share_4q_avg": 27,
            "equity": 2768073,
            "current_ratio": 337.31,
            "debt_ratio": 26.82,
            "inventory_turnover_ratio": 3.02,
            "account_receivable_turnover_ratio": null,
            "reinvestment_rate": null,
            "research_to_sale_ratio": null,
            "price_fair": 0,
            "eps_avg_yearly": 0,
            "eps_latest_yearly": 0,
            "eps_growth_yearly": 0
        },
        "20014": {
            "year_quarter": 20014,
            "year": 2001,
            "quarter": 4,
            "eps": 0.73,
            "eps_growth_year": -32.41,
            "eps_4q": 3.04,
            "eps_4q_growth_year": -4.24,
            "roe": 2.98,
            "roe_4q": 12.76,
            "gross_profit": 221275,
            "gross_margin": 12.46,
            "gross_margin_4q_avg": 13.59,
            "net_income": 83673,
            "net_income_4q": null,
            "revenue": 1776003,
            "revenue_4q": null,
            "common_shares": 1150000,
            "book_valuer_per_share": 24.8,
            "book_valuer_per_share_4q_avg": 26.45,
            "equity": 2852296,
            "current_ratio": 324.98,
            "debt_ratio": 28.08,
            "inventory_turnover_ratio": 3.38,
            "account_receivable_turnover_ratio": null,
            "reinvestment_rate": null,
            "research_to_sale_ratio": null,
            "price_fair": 0,
            "eps_avg_yearly": 0,
            "eps_latest_yearly": 0,
            "eps_growth_yearly": 0
        },
        "20021": {
            "year_quarter": 20021,
            "year": 2002,
            "quarter": 1,
            "eps": 0.43,
            "eps_growth_year": -62.28,
            "eps_4q": 2.51,
            "eps_4q_growth_year": -23.59,
            "roe": 1.72,
            "roe_4q": 10.4,
            "gross_profit": 140000,
            "gross_margin": 12.5,
            "gross_margin_4q_avg": 12.47,
            "net_income": 49530,
            "net_income_4q": null,
            "revenue": 1119569,
            "revenue_4q": null,
            "common_shares": 1150000,
            "book_valuer_per_share": 25.23,
            "book_valuer_per_share_4q_avg": 25.61,
            "equity": 2901826,
            "current_ratio": 330.48,
            "debt_ratio": 26.98,
            "inventory_turnover_ratio": 2.13,
            "account_receivable_turnover_ratio": null,
            "reinvestment_rate": null,
            "research_to_sale_ratio": null,
            "price_fair": 5.16,
            "eps_avg_yearly": 1.72,
            "eps_latest_yearly": 1.72,
            "eps_growth_yearly": -164.38
        },
        "20022": {
            "year_quarter": 20022,
            "year": 2002,
            "quarter": 2,
            "eps": 0.02,
            "eps_growth_year": -97.33,
            "eps_4q": 2.29,
            "eps_4q_growth_year": -20.22,
            "roe": 0.06,
            "roe_4q": 7.279999999999999,
            "gross_profit": 96359,
            "gross_margin": 12.43,
            "gross_margin_4q_avg": 12.28,
            "net_income": 1783,
            "net_income_4q": null,
            "revenue": 775019,
            "revenue_4q": null,
            "common_shares": 1150000,
            "book_valuer_per_share": 23.21,
            "book_valuer_per_share_4q_avg": 24.33,
            "equity": 2668960,
            "current_ratio": 362.12,
            "debt_ratio": 24.76,
            "inventory_turnover_ratio": 1.84,
            "account_receivable_turnover_ratio": null,
            "reinvestment_rate": null,
            "research_to_sale_ratio": null,
            "price_fair": 2.7,
            "eps_avg_yearly": 0.9,
            "eps_latest_yearly": 0.08,
            "eps_growth_yearly": -272.89
        },
        "20023": {
            "year_quarter": 20023,
            "year": 2002,
            "quarter": 3,
            "eps": 0.09,
            "eps_growth_year": -85,
            "eps_4q": 1.29,
            "eps_4q_growth_year": -58.55,
            "roe": 0.38,
            "roe_4q": 5.140000000000001,
            "gross_profit": 75664,
            "gross_margin": 8.72,
            "gross_margin_4q_avg": 11.53,
            "net_income": 10092,
            "net_income_4q": null,
            "revenue": 867670,
            "revenue_4q": null,
            "common_shares": 1176000,
            "book_valuer_per_share": 22.79,
            "book_valuer_per_share_4q_avg": 24.01,
            "equity": 2680054,
            "current_ratio": 336.84,
            "debt_ratio": 27.07,
            "inventory_turnover_ratio": 2.4,
            "account_receivable_turnover_ratio": null,
            "reinvestment_rate": null,
            "research_to_sale_ratio": null,
            "price_fair": 25.2,
            "eps_avg_yearly": 0.72,
            "eps_latest_yearly": 0.36,
            "eps_growth_yearly": 284.74
        },
        "20024": {
            "year_quarter": 20024,
            "year": 2002,
            "quarter": 4,
            "eps": 0.49,
            "eps_growth_year": -32.88,
            "eps_4q": 1.02,
            "eps_4q_growth_year": -66.58,
            "roe": 2.14,
            "roe_4q": 4.3,
            "gross_profit": 170295,
            "gross_margin": 16.54,
            "gross_margin_4q_avg": 12.55,
            "net_income": 57259,
            "net_income_4q": null,
            "revenue": 1029431,
            "revenue_4q": null,
            "common_shares": 1176000,
            "book_valuer_per_share": 22.68,
            "book_valuer_per_share_4q_avg": 23.48,
            "equity": 2667559,
            "current_ratio": 464.52,
            "debt_ratio": 19.68,
            "inventory_turnover_ratio": 2.4,
            "account_receivable_turnover_ratio": null,
            "reinvestment_rate": 9.65,
            "research_to_sale_ratio": null,
            "price_fair": 36.05,
            "eps_avg_yearly": 1.03,
            "eps_latest_yearly": 1.96,
            "eps_growth_yearly": 658
        },
        "20031": {
            "year_quarter": 20031,
            "year": 2003,
            "quarter": 1,
            "eps": 0.29,
            "eps_growth_year": -32.56,
            "eps_4q": 0.91,
            "eps_4q_growth_year": -63.85,
            "roe": 1.22,
            "roe_4q": 3.8000000000000003,
            "gross_profit": 94962,
            "gross_margin": 12.25,
            "gross_margin_4q_avg": 12.49,
            "net_income": 32554,
            "net_income_4q": null,
            "revenue": 775296,
            "revenue_4q": null,
            "common_shares": 1176000,
            "book_valuer_per_share": 22.72,
            "book_valuer_per_share_4q_avg": 22.85,
            "equity": 2672292,
            "current_ratio": 517.47,
            "debt_ratio": 18.76,
            "inventory_turnover_ratio": 2.34,
            "account_receivable_turnover_ratio": null,
            "reinvestment_rate": 8.9,
            "research_to_sale_ratio": null,
            "price_fair": 36.96,
            "eps_avg_yearly": 1.06,
            "eps_latest_yearly": 1.16,
            "eps_growth_yearly": 493.75
        },
        "20032": {
            "year_quarter": 20032,
            "year": 2003,
            "quarter": 2,
            "eps": -0.17,
            "eps_growth_year": -950,
            "eps_4q": 0.69,
            "eps_4q_growth_year": -69.88,
            "roe": -0.73,
            "roe_4q": 3.01,
            "gross_profit": 30672,
            "gross_margin": 5.5,
            "gross_margin_4q_avg": 10.75,
            "net_income": -18850,
            "net_income_4q": null,
            "revenue": 557646,
            "revenue_4q": null,
            "common_shares": 1176000,
            "book_valuer_per_share": 21.3,
            "book_valuer_per_share_4q_avg": 22.37,
            "equity": 2504720,
            "current_ratio": 535.24,
            "debt_ratio": 18.35,
            "inventory_turnover_ratio": 2.61,
            "account_receivable_turnover_ratio": null,
            "reinvestment_rate": 8.01,
            "research_to_sale_ratio": null,
            "price_fair": 36.96,
            "eps_avg_yearly": 1.06,
            "eps_latest_yearly": 1.16,
            "eps_growth_yearly": 493.75
        },
        "20033": {
            "year_quarter": 20033,
            "year": 2003,
            "quarter": 3,
            "eps": 0.07,
            "eps_growth_year": -22.22,
            "eps_4q": 0.75,
            "eps_4q_growth_year": -42.39,
            "roe": 0.29,
            "roe_4q": 2.92,
            "gross_profit": 76396,
            "gross_margin": 10.41,
            "gross_margin_4q_avg": 11.18,
            "net_income": 7355,
            "net_income_4q": null,
            "revenue": 734042,
            "revenue_4q": null,
            "common_shares": 1168600,
            "book_valuer_per_share": 21.32,
            "book_valuer_per_share_4q_avg": 22.01,
            "equity": 2491457,
            "current_ratio": 442.37,
            "debt_ratio": 22.21,
            "inventory_turnover_ratio": 2.55,
            "account_receivable_turnover_ratio": null,
            "reinvestment_rate": -1.85,
            "research_to_sale_ratio": null,
            "price_fair": 36.96,
            "eps_avg_yearly": 1.06,
            "eps_latest_yearly": 1.16,
            "eps_growth_yearly": 493.75
        },
        "20034": {
            "year_quarter": 20034,
            "year": 2003,
            "quarter": 4,
            "eps": 0.6,
            "eps_growth_year": 22.45,
            "eps_4q": 0.79,
            "eps_4q_growth_year": -22.35,
            "roe": 2.65,
            "roe_4q": 3.4299999999999997,
            "gross_profit": 130532,
            "gross_margin": 15.78,
            "gross_margin_4q_avg": 10.99,
            "net_income": 67025,
            "net_income_4q": null,
            "revenue": 827213,
            "revenue_4q": null,
            "common_shares": 1168600,
            "book_valuer_per_share": 21.93,
            "book_valuer_per_share_4q_avg": 21.82,
            "equity": 2562550,
            "current_ratio": 529.93,
            "debt_ratio": 17.05,
            "inventory_turnover_ratio": 2.02,
            "account_receivable_turnover_ratio": null,
            "reinvestment_rate": -3.97,
            "research_to_sale_ratio": null,
            "price_fair": 44.8,
            "eps_avg_yearly": 1.28,
            "eps_latest_yearly": 2.4,
            "eps_growth_yearly": 916.22
        },
        "20041": {
            "year_quarter": 20041,
            "year": 2004,
            "quarter": 1,
            "eps": 0.16,
            "eps_growth_year": -44.83,
            "eps_4q": 0.67,
            "eps_4q_growth_year": -25.6,
            "roe": 0.67,
            "roe_4q": 2.88,
            "gross_profit": 90250,
            "gross_margin": 13.44,
            "gross_margin_4q_avg": 11.28,
            "net_income": 17288,
            "net_income_4q": null,
            "revenue": 671471,
            "revenue_4q": null,
            "common_shares": 1168600,
            "book_valuer_per_share": 21.99,
            "book_valuer_per_share_4q_avg": 21.64,
            "equity": 2570228,
            "current_ratio": 473.59,
            "debt_ratio": 20.72,
            "inventory_turnover_ratio": 1.62,
            "account_receivable_turnover_ratio": null,
            "reinvestment_rate": -6.01,
            "research_to_sale_ratio": null,
            "price_fair": 41.6,
            "eps_avg_yearly": 1.19,
            "eps_latest_yearly": 0.64,
            "eps_growth_yearly": 743.42
        },
        "20042": {
            "year_quarter": 20042,
            "year": 2004,
            "quarter": 2,
            "eps": 0.09,
            "eps_growth_year": null,
            "eps_4q": 0.93,
            "eps_4q_growth_year": 34.69,
            "roe": 0.39,
            "roe_4q": 4,
            "gross_profit": 86840,
            "gross_margin": 14.9,
            "gross_margin_4q_avg": 13.63,
            "net_income": 9841,
            "net_income_4q": null,
            "revenue": 582821,
            "revenue_4q": null,
            "common_shares": 1140100,
            "book_valuer_per_share": 21.24,
            "book_valuer_per_share_4q_avg": 21.62,
            "equity": 2421522,
            "current_ratio": 486.32,
            "debt_ratio": 20.55,
            "inventory_turnover_ratio": 1.49,
            "account_receivable_turnover_ratio": null,
            "reinvestment_rate": -11.81,
            "research_to_sale_ratio": null,
            "price_fair": 37.98,
            "eps_avg_yearly": 1.09,
            "eps_latest_yearly": 0.36,
            "eps_growth_yearly": 628.62
        },
        "20043": {
            "year_quarter": 20043,
            "year": 2004,
            "quarter": 3,
            "eps": 0.44,
            "eps_growth_year": 528.57,
            "eps_4q": 1.3,
            "eps_4q_growth_year": 74.13,
            "roe": 1.99,
            "roe_4q": 5.699999999999999,
            "gross_profit": 123977,
            "gross_margin": 20.84,
            "gross_margin_4q_avg": 16.24,
            "net_income": 48290,
            "net_income_4q": null,
            "revenue": 594907,
            "revenue_4q": null,
            "common_shares": 1134000,
            "book_valuer_per_share": 21.41,
            "book_valuer_per_share_4q_avg": 21.64,
            "equity": 2428201,
            "current_ratio": 674.21,
            "debt_ratio": 16.16,
            "inventory_turnover_ratio": 1.66,
            "account_receivable_turnover_ratio": null,
            "reinvestment_rate": -15.87,
            "research_to_sale_ratio": null,
            "price_fair": 40.6,
            "eps_avg_yearly": 1.16,
            "eps_latest_yearly": 1.76,
            "eps_growth_yearly": 731.61
        },
        "20044": {
            "year_quarter": 20044,
            "year": 2004,
            "quarter": 4,
            "eps": 0.3,
            "eps_growth_year": -50,
            "eps_4q": 0.99,
            "eps_4q_growth_year": 25.53,
            "roe": 1.35,
            "roe_4q": 4.4,
            "gross_profit": 106646,
            "gross_margin": 19.33,
            "gross_margin_4q_avg": 17.13,
            "net_income": 32798,
            "net_income_4q": null,
            "revenue": 551646,
            "revenue_4q": null,
            "common_shares": 1098000,
            "book_valuer_per_share": 22.16,
            "book_valuer_per_share_4q_avg": 21.7,
            "equity": 2433521,
            "current_ratio": 600.83,
            "debt_ratio": 15.82,
            "inventory_turnover_ratio": 1.4,
            "account_receivable_turnover_ratio": null,
            "reinvestment_rate": -17.28,
            "research_to_sale_ratio": null,
            "price_fair": 40.74,
            "eps_avg_yearly": 1.16,
            "eps_latest_yearly": 1.2,
            "eps_growth_yearly": 645.73
        },
        "20051": {
            "year_quarter": 20051,
            "year": 2005,
            "quarter": 1,
            "eps": 0.49,
            "eps_growth_year": 206.25,
            "eps_4q": 1.37,
            "eps_4q_growth_year": 104.02,
            "roe": 2.06,
            "roe_4q": 5.79,
            "gross_profit": 114487,
            "gross_margin": 17.68,
            "gross_margin_4q_avg": 18.19,
            "net_income": 50348,
            "net_income_4q": null,
            "revenue": 647394,
            "revenue_4q": null,
            "common_shares": 1098000,
            "book_valuer_per_share": 22.34,
            "book_valuer_per_share_4q_avg": 21.79,
            "equity": 2452648,
            "current_ratio": 483.24,
            "debt_ratio": 19.85,
            "inventory_turnover_ratio": 1.28,
            "account_receivable_turnover_ratio": null,
            "reinvestment_rate": -20.44,
            "research_to_sale_ratio": null,
            "price_fair": 43.27,
            "eps_avg_yearly": 1.24,
            "eps_latest_yearly": 1.96,
            "eps_growth_yearly": 610.05
        },
        "20052": {
            "year_quarter": 20052,
            "year": 2005,
            "quarter": 2,
            "eps": 0.66,
            "eps_growth_year": 633.33,
            "eps_4q": 1.95,
            "eps_4q_growth_year": 110.57,
            "roe": 2.75,
            "roe_4q": 8.15,
            "gross_profit": 121029,
            "gross_margin": 23.02,
            "gross_margin_4q_avg": 20.22,
            "net_income": 66998,
            "net_income_4q": null,
            "revenue": 525695,
            "revenue_4q": null,
            "common_shares": 1098000,
            "book_valuer_per_share": 22.02,
            "book_valuer_per_share_4q_avg": 21.98,
            "equity": 2417297,
            "current_ratio": 609.74,
            "debt_ratio": 16.01,
            "inventory_turnover_ratio": 0.95,
            "account_receivable_turnover_ratio": null,
            "reinvestment_rate": -30.25,
            "research_to_sale_ratio": null,
            "price_fair": 47.37,
            "eps_avg_yearly": 1.35,
            "eps_latest_yearly": 2.64,
            "eps_growth_yearly": 570.78
        },
        "20053": {
            "year_quarter": 20053,
            "year": 2005,
            "quarter": 3,
            "eps": 1.2,
            "eps_growth_year": 172.73,
            "eps_4q": 2.66,
            "eps_4q_growth_year": 104.99,
            "roe": 4.97,
            "roe_4q": 11.129999999999999,
            "gross_profit": 171771,
            "gross_margin": 26.39,
            "gross_margin_4q_avg": 21.61,
            "net_income": 123359,
            "net_income_4q": null,
            "revenue": 650836,
            "revenue_4q": null,
            "common_shares": 1097600,
            "book_valuer_per_share": 23.17,
            "book_valuer_per_share_4q_avg": 22.42,
            "equity": 2543595,
            "current_ratio": 475.53,
            "debt_ratio": 19.67,
            "inventory_turnover_ratio": 1.12,
            "account_receivable_turnover_ratio": null,
            "reinvestment_rate": -27.73,
            "research_to_sale_ratio": null,
            "price_fair": 56.65,
            "eps_avg_yearly": 1.62,
            "eps_latest_yearly": 4.8,
            "eps_growth_yearly": 552.05
        },
        "20054": {
            "year_quarter": 20054,
            "year": 2005,
            "quarter": 4,
            "eps": 1.34,
            "eps_growth_year": 346.67,
            "eps_4q": 3.65,
            "eps_4q_growth_year": 269.15,
            "roe": 5.34,
            "roe_4q": 15.12,
            "gross_profit": 222066,
            "gross_margin": 28.3,
            "gross_margin_4q_avg": 23.85,
            "net_income": 139386,
            "net_income_4q": null,
            "revenue": 784806,
            "revenue_4q": null,
            "common_shares": 1065600,
            "book_valuer_per_share": 25.15,
            "book_valuer_per_share_4q_avg": 23.17,
            "equity": 2680295,
            "current_ratio": 481.45,
            "debt_ratio": 18.08,
            "inventory_turnover_ratio": 1.13,
            "account_receivable_turnover_ratio": null,
            "reinvestment_rate": -26.62,
            "research_to_sale_ratio": null,
            "price_fair": 66,
            "eps_avg_yearly": 1.89,
            "eps_latest_yearly": 5.36,
            "eps_growth_yearly": 515.95
        },
        "20061": {
            "year_quarter": 20061,
            "year": 2006,
            "quarter": 1,
            "eps": 1.08,
            "eps_growth_year": 120.41,
            "eps_4q": 4.24,
            "eps_4q_growth_year": 208.72,
            "roe": 4.11,
            "roe_4q": 17.169999999999998,
            "gross_profit": 167022,
            "gross_margin": 26.17,
            "gross_margin_4q_avg": 25.97,
            "net_income": 112528,
            "net_income_4q": null,
            "revenue": 638204,
            "revenue_4q": null,
            "common_shares": 1049600,
            "book_valuer_per_share": 26.6,
            "book_valuer_per_share_4q_avg": 24.24,
            "equity": 2791748,
            "current_ratio": 525.2,
            "debt_ratio": 17.1,
            "inventory_turnover_ratio": 0.92,
            "account_receivable_turnover_ratio": null,
            "reinvestment_rate": -31.32,
            "research_to_sale_ratio": null,
            "price_fair": 72.5,
            "eps_avg_yearly": 2.07,
            "eps_latest_yearly": 4.32,
            "eps_growth_yearly": 522.15
        },
        "20062": {
            "year_quarter": 20062,
            "year": 2006,
            "quarter": 2,
            "eps": 1.16,
            "eps_growth_year": 75.76,
            "eps_4q": 4.79,
            "eps_4q_growth_year": 145.17,
            "roe": 4.46,
            "roe_4q": 18.88,
            "gross_profit": 190697,
            "gross_margin": 28.8,
            "gross_margin_4q_avg": 27.42,
            "net_income": 119840,
            "net_income_4q": null,
            "revenue": 662198,
            "revenue_4q": null,
            "common_shares": 1035100,
            "book_valuer_per_share": 24.99,
            "book_valuer_per_share_4q_avg": 24.98,
            "equity": 2586692,
            "current_ratio": 357.27,
            "debt_ratio": 24.61,
            "inventory_turnover_ratio": 1,
            "account_receivable_turnover_ratio": null,
            "reinvestment_rate": -25.11,
            "research_to_sale_ratio": null,
            "price_fair": 83.9,
            "eps_avg_yearly": 2.4,
            "eps_latest_yearly": 4.64,
            "eps_growth_yearly": 551.51
        },
        "20063": {
            "year_quarter": 20063,
            "year": 2006,
            "quarter": 3,
            "eps": 1.59,
            "eps_growth_year": 32.5,
            "eps_4q": 5.01,
            "eps_4q_growth_year": 88.48,
            "roe": 6.45,
            "roe_4q": 20.36,
            "gross_profit": 249856,
            "gross_margin": 30,
            "gross_margin_4q_avg": 28.32,
            "net_income": 172595,
            "net_income_4q": null,
            "revenue": 832824,
            "revenue_4q": null,
            "common_shares": 1083169,
            "book_valuer_per_share": 25.51,
            "book_valuer_per_share_4q_avg": 25.56,
            "equity": 2763648,
            "current_ratio": 571.37,
            "debt_ratio": 16.04,
            "inventory_turnover_ratio": 1.34,
            "account_receivable_turnover_ratio": null,
            "reinvestment_rate": -19.57,
            "research_to_sale_ratio": null,
            "price_fair": 98.9,
            "eps_avg_yearly": 2.83,
            "eps_latest_yearly": 6.36,
            "eps_growth_yearly": 462.1
        },
        "20064": {
            "year_quarter": 20064,
            "year": 2006,
            "quarter": 4,
            "eps": 1.35,
            "eps_growth_year": 0.75,
            "eps_4q": 5.1,
            "eps_4q_growth_year": 39.48,
            "roe": 5.14,
            "roe_4q": 20.16,
            "gross_profit": 222371,
            "gross_margin": 32.16,
            "gross_margin_4q_avg": 29.28,
            "net_income": 145920,
            "net_income_4q": null,
            "revenue": 691429,
            "revenue_4q": null,
            "common_shares": 1083169,
            "book_valuer_per_share": 26.87,
            "book_valuer_per_share_4q_avg": 25.99,
            "equity": 2910237,
            "current_ratio": 616.08,
            "debt_ratio": 14.99,
            "inventory_turnover_ratio": 1.18,
            "account_receivable_turnover_ratio": null,
            "reinvestment_rate": -17.09,
            "research_to_sale_ratio": null,
            "price_fair": 107.5,
            "eps_avg_yearly": 3.07,
            "eps_latest_yearly": 5.4,
            "eps_growth_yearly": 330.8
        },
        "20071": {
            "year_quarter": 20071,
            "year": 2007,
            "quarter": 1,
            "eps": 1.33,
            "eps_growth_year": 23.15,
            "eps_4q": 5.39,
            "eps_4q_growth_year": 26.9,
            "roe": 4.82,
            "roe_4q": 20.87,
            "gross_profit": 214683,
            "gross_margin": 33.28,
            "gross_margin_4q_avg": 31.06,
            "net_income": 143718,
            "net_income_4q": null,
            "revenue": 645142,
            "revenue_4q": null,
            "common_shares": 1083169,
            "book_valuer_per_share": 28.21,
            "book_valuer_per_share_4q_avg": 26.4,
            "equity": 3055938,
            "current_ratio": 571.61,
            "debt_ratio": 16.08,
            "inventory_turnover_ratio": 1.09,
            "account_receivable_turnover_ratio": null,
            "reinvestment_rate": -15.57,
            "research_to_sale_ratio": null,
            "price_fair": 117.9,
            "eps_avg_yearly": 3.37,
            "eps_latest_yearly": 5.32,
            "eps_growth_yearly": 342.04
        },
        "20072": {
            "year_quarter": 20072,
            "year": 2007,
            "quarter": 2,
            "eps": 1.61,
            "eps_growth_year": 38.79,
            "eps_4q": 5.87,
            "eps_4q_growth_year": 22.49,
            "roe": 5.99,
            "roe_4q": 22.4,
            "gross_profit": 252170,
            "gross_margin": 34.68,
            "gross_margin_4q_avg": 32.53,
            "net_income": 174680,
            "net_income_4q": null,
            "revenue": 727033,
            "revenue_4q": null,
            "common_shares": 1083169,
            "book_valuer_per_share": 25.66,
            "book_valuer_per_share_4q_avg": 26.56,
            "equity": 2779051,
            "current_ratio": 337.06,
            "debt_ratio": 27.05,
            "inventory_turnover_ratio": 1.24,
            "account_receivable_turnover_ratio": null,
            "reinvestment_rate": -12.88,
            "research_to_sale_ratio": null,
            "price_fair": 125.07,
            "eps_avg_yearly": 3.57,
            "eps_latest_yearly": 6.44,
            "eps_growth_yearly": 324.85
        },
        "20073": {
            "year_quarter": 20073,
            "year": 2007,
            "quarter": 3,
            "eps": 1.64,
            "eps_growth_year": 3.14,
            "eps_4q": 5.71,
            "eps_4q_growth_year": 13.82,
            "roe": 6.52,
            "roe_4q": 22.47,
            "gross_profit": 220824,
            "gross_margin": 34.29,
            "gross_margin_4q_avg": 33.6,
            "net_income": 187206,
            "net_income_4q": null,
            "revenue": 643978,
            "revenue_4q": null,
            "common_shares": 1140530,
            "book_valuer_per_share": 25.97,
            "book_valuer_per_share_4q_avg": 26.68,
            "equity": 2961846,
            "current_ratio": 510.66,
            "debt_ratio": 18.26,
            "inventory_turnover_ratio": 1,
            "account_receivable_turnover_ratio": null,
            "reinvestment_rate": -10.82,
            "research_to_sale_ratio": null,
            "price_fair": 131.6,
            "eps_avg_yearly": 3.76,
            "eps_latest_yearly": 6.56,
            "eps_growth_yearly": 305.01
        },
        "20074": {
            "year_quarter": 20074,
            "year": 2007,
            "quarter": 4,
            "eps": 1.12,
            "eps_growth_year": -17.04,
            "eps_4q": 5.55,
            "eps_4q_growth_year": 8.89,
            "roe": 4.27,
            "roe_4q": 21.6,
            "gross_profit": 230987,
            "gross_margin": 31.56,
            "gross_margin_4q_avg": 33.45,
            "net_income": 127837,
            "net_income_4q": null,
            "revenue": 731802,
            "revenue_4q": null,
            "common_shares": 1140530,
            "book_valuer_per_share": 26.58,
            "book_valuer_per_share_4q_avg": 26.61,
            "equity": 3031625,
            "current_ratio": 520.96,
            "debt_ratio": 17.42,
            "inventory_turnover_ratio": 0.91,
            "account_receivable_turnover_ratio": null,
            "reinvestment_rate": -9.05,
            "research_to_sale_ratio": null,
            "price_fair": 136.15,
            "eps_avg_yearly": 3.89,
            "eps_latest_yearly": 4.48,
            "eps_growth_yearly": 107.8
        },
        "20081": {
            "year_quarter": 20081,
            "year": 2008,
            "quarter": 1,
            "eps": 1.13,
            "eps_growth_year": -15.04,
            "eps_4q": 5.47,
            "eps_4q_growth_year": 1.5,
            "roe": 4.14,
            "roe_4q": 20.92,
            "gross_profit": 318181,
            "gross_margin": 34.58,
            "gross_margin_4q_avg": 33.78,
            "net_income": 127588,
            "net_income_4q": null,
            "revenue": 920261,
            "revenue_4q": null,
            "common_shares": 1140530,
            "book_valuer_per_share": 27.48,
            "book_valuer_per_share_4q_avg": 26.42,
            "equity": 3134284,
            "current_ratio": 447.41,
            "debt_ratio": 20.22,
            "inventory_turnover_ratio": 0.9,
            "account_receivable_turnover_ratio": null,
            "reinvestment_rate": -7.59,
            "research_to_sale_ratio": null,
            "price_fair": 144.64,
            "eps_avg_yearly": 4.13,
            "eps_latest_yearly": 4.52,
            "eps_growth_yearly": 126.36
        },
        "20082": {
            "year_quarter": 20082,
            "year": 2008,
            "quarter": 2,
            "eps": 1.31,
            "eps_growth_year": -18.63,
            "eps_4q": 5.23,
            "eps_4q_growth_year": -10.86,
            "roe": 5.01,
            "roe_4q": 19.939999999999998,
            "gross_profit": 306152,
            "gross_margin": 32.66,
            "gross_margin_4q_avg": 33.27,
            "net_income": 147812,
            "net_income_4q": null,
            "revenue": 937406,
            "revenue_4q": null,
            "common_shares": 1140530,
            "book_valuer_per_share": 24.28,
            "book_valuer_per_share_4q_avg": 26.08,
            "equity": 2769207,
            "current_ratio": 300.46,
            "debt_ratio": 29.16,
            "inventory_turnover_ratio": 0.95,
            "account_receivable_turnover_ratio": null,
            "reinvestment_rate": -6.47,
            "research_to_sale_ratio": null,
            "price_fair": 155.31,
            "eps_avg_yearly": 4.44,
            "eps_latest_yearly": 5.24,
            "eps_growth_yearly": 141.28
        },
        "20083": {
            "year_quarter": 20083,
            "year": 2008,
            "quarter": 3,
            "eps": 1.37,
            "eps_growth_year": -16.46,
            "eps_4q": 4.78,
            "eps_4q_growth_year": -16.29,
            "roe": 5.68,
            "roe_4q": 19.099999999999998,
            "gross_profit": 378606,
            "gross_margin": 37.09,
            "gross_margin_4q_avg": 33.97,
            "net_income": 162114,
            "net_income_4q": null,
            "revenue": 1020798,
            "revenue_4q": null,
            "common_shares": 1190330,
            "book_valuer_per_share": 24.72,
            "book_valuer_per_share_4q_avg": 25.77,
            "equity": 2942893,
            "current_ratio": 425.73,
            "debt_ratio": 20.96,
            "inventory_turnover_ratio": 0.97,
            "account_receivable_turnover_ratio": null,
            "reinvestment_rate": -5.47,
            "research_to_sale_ratio": null,
            "price_fair": 163.45,
            "eps_avg_yearly": 4.67,
            "eps_latest_yearly": 5.48,
            "eps_growth_yearly": 45.2
        },
        "20084": {
            "year_quarter": 20084,
            "year": 2008,
            "quarter": 4,
            "eps": 0.87,
            "eps_growth_year": -22.32,
            "eps_4q": 4.57,
            "eps_4q_growth_year": -17.66,
            "roe": 3.43,
            "roe_4q": 18.259999999999998,
            "gross_profit": 255148,
            "gross_margin": 30.16,
            "gross_margin_4q_avg": 33.62,
            "net_income": 102881,
            "net_income_4q": null,
            "revenue": 845884,
            "revenue_4q": null,
            "common_shares": 1190330,
            "book_valuer_per_share": 25.71,
            "book_valuer_per_share_4q_avg": 25.55,
            "equity": 3060220,
            "current_ratio": 598.66,
            "debt_ratio": 15.53,
            "inventory_turnover_ratio": 0.98,
            "account_receivable_turnover_ratio": 3.69,
            "reinvestment_rate": -4.73,
            "research_to_sale_ratio": null,
            "price_fair": 168.44,
            "eps_avg_yearly": 4.81,
            "eps_latest_yearly": 3.48,
            "eps_growth_yearly": 44.03
        },
        "20091": {
            "year_quarter": 20091,
            "year": 2009,
            "quarter": 1,
            "eps": 0.72,
            "eps_growth_year": -36.28,
            "eps_4q": 4.22,
            "eps_4q_growth_year": -22.73,
            "roe": 2.73,
            "roe_4q": 16.85,
            "gross_profit": 193275,
            "gross_margin": 37.45,
            "gross_margin_4q_avg": 34.34,
            "net_income": 84810,
            "net_income_4q": null,
            "revenue": 516116,
            "revenue_4q": null,
            "common_shares": 1190330,
            "book_valuer_per_share": 26.42,
            "book_valuer_per_share_4q_avg": 25.28,
            "equity": 3145191,
            "current_ratio": 717.41,
            "debt_ratio": 13.27,
            "inventory_turnover_ratio": 0.7,
            "account_receivable_turnover_ratio": 1.42,
            "reinvestment_rate": -4.13,
            "research_to_sale_ratio": null,
            "price_fair": 165.03,
            "eps_avg_yearly": 4.87,
            "eps_latest_yearly": 2.88,
            "eps_growth_yearly": 23.89
        },
        "20092": {
            "year_quarter": 20092,
            "year": 2009,
            "quarter": 2,
            "eps": 0.61,
            "eps_growth_year": -53.44,
            "eps_4q": 3.56,
            "eps_4q_growth_year": -32.01,
            "roe": 2.42,
            "roe_4q": 14.26,
            "gross_profit": 201024,
            "gross_margin": 35.62,
            "gross_margin_4q_avg": 35.08,
            "net_income": 72389,
            "net_income_4q": null,
            "revenue": 564289,
            "revenue_4q": null,
            "common_shares": 1190330,
            "book_valuer_per_share": 23.74,
            "book_valuer_per_share_4q_avg": 25.15,
            "equity": 2825343,
            "current_ratio": 390.3,
            "debt_ratio": 23.15,
            "inventory_turnover_ratio": 0.85,
            "account_receivable_turnover_ratio": 2.03,
            "reinvestment_rate": -3.86,
            "research_to_sale_ratio": null,
            "price_fair": 103.92,
            "eps_avg_yearly": 4.86,
            "eps_latest_yearly": 2.44,
            "eps_growth_yearly": 11.39
        },
        "20093": {
            "year_quarter": 20093,
            "year": 2009,
            "quarter": 3,
            "eps": 0.48,
            "eps_growth_year": -64.96,
            "eps_4q": 2.65,
            "eps_4q_growth_year": -44.52,
            "roe": 2.01,
            "roe_4q": 10.59,
            "gross_profit": 155369,
            "gross_margin": 33.32,
            "gross_margin_4q_avg": 34.14,
            "net_income": 57510,
            "net_income_4q": null,
            "revenue": 466257,
            "revenue_4q": null,
            "common_shares": 1210949,
            "book_valuer_per_share": 23.9,
            "book_valuer_per_share_4q_avg": 24.94,
            "equity": 2893918,
            "current_ratio": 855.55,
            "debt_ratio": 11.41,
            "inventory_turnover_ratio": 0.75,
            "account_receivable_turnover_ratio": 1.91,
            "reinvestment_rate": -3.52,
            "research_to_sale_ratio": null,
            "price_fair": 14.03,
            "eps_avg_yearly": 4.68,
            "eps_latest_yearly": 1.92,
            "eps_growth_yearly": -14.39
        },
        "20094": {
            "year_quarter": 20094,
            "year": 2009,
            "quarter": 4,
            "eps": 0.87,
            "eps_growth_year": 0,
            "eps_4q": 2.65,
            "eps_4q_growth_year": -41.97,
            "roe": 3.54,
            "roe_4q": 10.7,
            "gross_profit": 229974,
            "gross_margin": 38.45,
            "gross_margin_4q_avg": 36.21,
            "net_income": 104244,
            "net_income_4q": null,
            "revenue": 598050,
            "revenue_4q": null,
            "common_shares": 1210949,
            "book_valuer_per_share": 24.89,
            "book_valuer_per_share_4q_avg": 24.74,
            "equity": 2993538,
            "current_ratio": 915.01,
            "debt_ratio": 10.79,
            "inventory_turnover_ratio": 1,
            "account_receivable_turnover_ratio": 3.82,
            "reinvestment_rate": 39.05,
            "research_to_sale_ratio": null,
            "price_fair": 59.32,
            "eps_avg_yearly": 4.56,
            "eps_latest_yearly": 3.48,
            "eps_growth_yearly": 3.01
        },
        "20101": {
            "year_quarter": 20101,
            "year": 2010,
            "quarter": 1,
            "eps": 0.35,
            "eps_growth_year": -51.39,
            "eps_4q": 2.3,
            "eps_4q_growth_year": -45.6,
            "roe": 1.4,
            "roe_4q": 9.37,
            "gross_profit": 169029,
            "gross_margin": 39.85,
            "gross_margin_4q_avg": 36.81,
            "net_income": 42291,
            "net_income_4q": null,
            "revenue": 424194,
            "revenue_4q": null,
            "common_shares": 1210949,
            "book_valuer_per_share": 25.21,
            "book_valuer_per_share_4q_avg": 24.44,
            "equity": 3032345,
            "current_ratio": 877.47,
            "debt_ratio": 11.21,
            "inventory_turnover_ratio": 0.76,
            "account_receivable_turnover_ratio": 1.64,
            "reinvestment_rate": 40.01,
            "research_to_sale_ratio": 6.77,
            "price_fair": 13.13,
            "eps_avg_yearly": 4.38,
            "eps_latest_yearly": 1.4,
            "eps_growth_yearly": -7.08
        },
        "20102": {
            "year_quarter": 20102,
            "year": 2010,
            "quarter": 2,
            "eps": 0.23,
            "eps_growth_year": -62.33,
            "eps_4q": 1.93,
            "eps_4q_growth_year": -45.86,
            "roe": 0.95,
            "roe_4q": 7.8999999999999995,
            "gross_profit": 151126,
            "gross_margin": 34.56,
            "gross_margin_4q_avg": 36.55,
            "net_income": 27637,
            "net_income_4q": null,
            "revenue": 437304,
            "revenue_4q": null,
            "common_shares": 1210949,
            "book_valuer_per_share": 22.96,
            "book_valuer_per_share_4q_avg": 24.24,
            "equity": 2761336,
            "current_ratio": 447.25,
            "debt_ratio": 20.38,
            "inventory_turnover_ratio": 0.79,
            "account_receivable_turnover_ratio": 2.15,
            "reinvestment_rate": 42.71,
            "research_to_sale_ratio": 7.83,
            "price_fair": 12.44,
            "eps_avg_yearly": 4.15,
            "eps_latest_yearly": 0.92,
            "eps_growth_yearly": -17.51
        },
        "20103": {
            "year_quarter": 20103,
            "year": 2010,
            "quarter": 3,
            "eps": 0.54,
            "eps_growth_year": 11.86,
            "eps_4q": 1.99,
            "eps_4q_growth_year": -25.11,
            "roe": 2.31,
            "roe_4q": 8.2,
            "gross_profit": 171310,
            "gross_margin": 36.09,
            "gross_margin_4q_avg": 37.24,
            "net_income": 64577,
            "net_income_4q": null,
            "revenue": 474665,
            "revenue_4q": null,
            "common_shares": 1210949,
            "book_valuer_per_share": 23.5,
            "book_valuer_per_share_4q_avg": 24.14,
            "equity": 2826234,
            "current_ratio": 816.09,
            "debt_ratio": 11.98,
            "inventory_turnover_ratio": 0.77,
            "account_receivable_turnover_ratio": 2.34,
            "reinvestment_rate": 44.53,
            "research_to_sale_ratio": 6.29,
            "price_fair": 65.7,
            "eps_avg_yearly": 3.88,
            "eps_latest_yearly": 2.16,
            "eps_growth_yearly": 6.92
        },
        "20104": {
            "year_quarter": 20104,
            "year": 2010,
            "quarter": 4,
            "eps": 0.13,
            "eps_growth_year": -85.54,
            "eps_4q": 1.24,
            "eps_4q_growth_year": -53.08,
            "roe": 0.54,
            "roe_4q": 5.199999999999999,
            "gross_profit": 134538,
            "gross_margin": 33.68,
            "gross_margin_4q_avg": 36.05,
            "net_income": 15135,
            "net_income_4q": null,
            "revenue": 399489,
            "revenue_4q": null,
            "common_shares": 1202759,
            "book_valuer_per_share": 23.44,
            "book_valuer_per_share_4q_avg": 23.78,
            "equity": 2818873,
            "current_ratio": 961.92,
            "debt_ratio": 10.29,
            "inventory_turnover_ratio": 0.69,
            "account_receivable_turnover_ratio": 2.13,
            "reinvestment_rate": 49.83,
            "research_to_sale_ratio": 7.03,
            "price_fair": 10.73,
            "eps_avg_yearly": 3.58,
            "eps_latest_yearly": 0.52,
            "eps_growth_yearly": -8.29
        },
        "20111": {
            "year_quarter": 20111,
            "year": 2011,
            "quarter": 1,
            "eps": 0.59,
            "eps_growth_year": 68.57,
            "eps_4q": 1.48,
            "eps_4q_growth_year": -35.42,
            "roe": 2.48,
            "roe_4q": 6.28,
            "gross_profit": 163679,
            "gross_margin": 36.1,
            "gross_margin_4q_avg": 35.11,
            "net_income": 70604,
            "net_income_4q": null,
            "revenue": 453448,
            "revenue_4q": null,
            "common_shares": 1202759,
            "book_valuer_per_share": 24.02,
            "book_valuer_per_share_4q_avg": 23.48,
            "equity": 2879398,
            "current_ratio": 1000.64,
            "debt_ratio": 10.07,
            "inventory_turnover_ratio": 0.88,
            "account_receivable_turnover_ratio": 2.27,
            "reinvestment_rate": 53.88,
            "research_to_sale_ratio": 5.47,
            "price_fair": 118.74,
            "eps_avg_yearly": 3.39,
            "eps_latest_yearly": 2.36,
            "eps_growth_yearly": 80.55
        },
        "20112": {
            "year_quarter": 20112,
            "year": 2011,
            "quarter": 2,
            "eps": 0.2,
            "eps_growth_year": -12.23,
            "eps_4q": 1.49,
            "eps_4q_growth_year": -22.89,
            "roe": 0.85,
            "roe_4q": 6.18,
            "gross_profit": 124633,
            "gross_margin": 30.47,
            "gross_margin_4q_avg": 34.09,
            "net_income": 23614,
            "net_income_4q": null,
            "revenue": 409006,
            "revenue_4q": null,
            "common_shares": 1202759,
            "book_valuer_per_share": 23.02,
            "book_valuer_per_share_4q_avg": 23.5,
            "equity": 2695550,
            "current_ratio": 583.73,
            "debt_ratio": 15.95,
            "inventory_turnover_ratio": 0.88,
            "account_receivable_turnover_ratio": 1.94,
            "reinvestment_rate": 58.98,
            "research_to_sale_ratio": 6.61,
            "price_fair": 106.4,
            "eps_avg_yearly": 3.04,
            "eps_latest_yearly": 0.8,
            "eps_growth_yearly": 58.76
        },
        "20113": {
            "year_quarter": 20113,
            "year": 2011,
            "quarter": 3,
            "eps": 0.59,
            "eps_growth_year": 10.48,
            "eps_4q": 1.54,
            "eps_4q_growth_year": -22.49,
            "roe": 2.51,
            "roe_4q": 6.38,
            "gross_profit": 150587,
            "gross_margin": 32.96,
            "gross_margin_4q_avg": 33.3,
            "net_income": 68612,
            "net_income_4q": null,
            "revenue": 456900,
            "revenue_4q": null,
            "common_shares": 1170939,
            "book_valuer_per_share": 23.89,
            "book_valuer_per_share_4q_avg": 23.59,
            "equity": 2762858,
            "current_ratio": 804.41,
            "debt_ratio": 12.11,
            "inventory_turnover_ratio": 0.91,
            "account_receivable_turnover_ratio": 2.15,
            "reinvestment_rate": 67.5,
            "research_to_sale_ratio": 6.13,
            "price_fair": 97.21,
            "eps_avg_yearly": 2.78,
            "eps_latest_yearly": 2.36,
            "eps_growth_yearly": 107.04
        },
        "20114": {
            "year_quarter": 20114,
            "year": 2011,
            "quarter": 4,
            "eps": 0.41,
            "eps_growth_year": 226.79,
            "eps_4q": 1.83,
            "eps_4q_growth_year": 47.02,
            "roe": 1.7,
            "roe_4q": 7.539999999999999,
            "gross_profit": 159176,
            "gross_margin": 35.09,
            "gross_margin_4q_avg": 33.66,
            "net_income": 47225,
            "net_income_4q": null,
            "revenue": 453574,
            "revenue_4q": null,
            "common_shares": 1148399,
            "book_valuer_per_share": 24.31,
            "book_valuer_per_share_4q_avg": 23.81,
            "equity": 2791660,
            "current_ratio": 852.76,
            "debt_ratio": 12.27,
            "inventory_turnover_ratio": 0.94,
            "account_receivable_turnover_ratio": 1.91,
            "reinvestment_rate": 54.31,
            "research_to_sale_ratio": 6.48,
            "price_fair": 91,
            "eps_avg_yearly": 2.6,
            "eps_latest_yearly": 1.64,
            "eps_growth_yearly": 107.34
        },
        "20121": {
            "year_quarter": 20121,
            "year": 2012,
            "quarter": 1,
            "eps": 0.44,
            "eps_growth_year": -25.42,
            "eps_4q": 1.66,
            "eps_4q_growth_year": 11.61,
            "roe": 1.81,
            "roe_4q": 6.869999999999999,
            "gross_profit": 153270,
            "gross_margin": 36.25,
            "gross_margin_4q_avg": 33.69,
            "net_income": 50782,
            "net_income_4q": null,
            "revenue": 422835,
            "revenue_4q": null,
            "common_shares": 1148399,
            "book_valuer_per_share": 24.58,
            "book_valuer_per_share_4q_avg": 23.95,
            "equity": 2822545,
            "current_ratio": 839.1,
            "debt_ratio": 12.48,
            "inventory_turnover_ratio": 0.9,
            "account_receivable_turnover_ratio": 1.73,
            "reinvestment_rate": 57.42,
            "research_to_sale_ratio": 6.52,
            "price_fair": 84.96,
            "eps_avg_yearly": 2.43,
            "eps_latest_yearly": 1.76,
            "eps_growth_yearly": 108.95
        },
        "20122": {
            "year_quarter": 20122,
            "year": 2012,
            "quarter": 2,
            "eps": 0.36,
            "eps_growth_year": 80.91,
            "eps_4q": 1.82,
            "eps_4q_growth_year": 22.24,
            "roe": 1.52,
            "roe_4q": 7.54,
            "gross_profit": 152177,
            "gross_margin": 32.36,
            "gross_margin_4q_avg": 34.17,
            "net_income": 41897,
            "net_income_4q": null,
            "revenue": 470248,
            "revenue_4q": null,
            "common_shares": 1148399,
            "book_valuer_per_share": 23.53,
            "book_valuer_per_share_4q_avg": 24.08,
            "equity": 2702590,
            "current_ratio": 543.44,
            "debt_ratio": 18.28,
            "inventory_turnover_ratio": 1.06,
            "account_receivable_turnover_ratio": 1.87,
            "reinvestment_rate": 67.65,
            "research_to_sale_ratio": 5.81,
            "price_fair": 76.65,
            "eps_avg_yearly": 2.19,
            "eps_latest_yearly": 1.44,
            "eps_growth_yearly": 100.42
        },
        "20123": {
            "year_quarter": 20123,
            "year": 2012,
            "quarter": 3,
            "eps": 0.55,
            "eps_growth_year": -7.39,
            "eps_4q": 1.77,
            "eps_4q_growth_year": 14.89,
            "roe": 2.31,
            "roe_4q": 7.340000000000001,
            "gross_profit": 169935,
            "gross_margin": 31.72,
            "gross_margin_4q_avg": 33.86,
            "net_income": 63089,
            "net_income_4q": null,
            "revenue": 535739,
            "revenue_4q": null,
            "common_shares": 1148399,
            "book_valuer_per_share": 24.02,
            "book_valuer_per_share_4q_avg": 24.11,
            "equity": 2758520,
            "current_ratio": 659.19,
            "debt_ratio": 15.43,
            "inventory_turnover_ratio": 1.12,
            "account_receivable_turnover_ratio": 1.82,
            "reinvestment_rate": 75.83,
            "research_to_sale_ratio": 5.43,
            "price_fair": 69.48,
            "eps_avg_yearly": 1.99,
            "eps_latest_yearly": 2.2,
            "eps_growth_yearly": 112.47
        },
        "20124": {
            "year_quarter": 20124,
            "year": 2012,
            "quarter": 4,
            "eps": 0.52,
            "eps_growth_year": 26.24,
            "eps_4q": 1.88,
            "eps_4q_growth_year": 2.54,
            "roe": 2.15,
            "roe_4q": 7.790000000000001,
            "gross_profit": 181970,
            "gross_margin": 35.82,
            "gross_margin_4q_avg": 34.04,
            "net_income": 59616,
            "net_income_4q": null,
            "revenue": 508042,
            "revenue_4q": null,
            "common_shares": 1148399,
            "book_valuer_per_share": 24.35,
            "book_valuer_per_share_4q_avg": 24.12,
            "equity": 2796542,
            "current_ratio": 744.59,
            "debt_ratio": 14,
            "inventory_turnover_ratio": 0.9,
            "account_receivable_turnover_ratio": 1.5,
            "reinvestment_rate": 77.42,
            "research_to_sale_ratio": 6.6,
            "price_fair": 66.41,
            "eps_avg_yearly": 1.9,
            "eps_latest_yearly": 2.08,
            "eps_growth_yearly": 120.23
        },
        "20131": {
            "year_quarter": 20131,
            "year": 2013,
            "quarter": 1,
            "eps": 0.5,
            "eps_growth_year": 13.64,
            "eps_4q": 1.93,
            "eps_4q_growth_year": 16.51,
            "roe": 2.03,
            "roe_4q": 8.01,
            "gross_profit": 148689,
            "gross_margin": 31.01,
            "gross_margin_4q_avg": 32.73,
            "net_income": 57040,
            "net_income_4q": null,
            "revenue": 479433,
            "revenue_4q": null,
            "common_shares": 1148399,
            "book_valuer_per_share": 24.67,
            "book_valuer_per_share_4q_avg": 24.14,
            "equity": 2832598,
            "current_ratio": 687.03,
            "debt_ratio": 15.61,
            "inventory_turnover_ratio": 0.88,
            "account_receivable_turnover_ratio": 1.43,
            "reinvestment_rate": 3.66,
            "research_to_sale_ratio": 6.98,
            "price_fair": 64.49,
            "eps_avg_yearly": 1.84,
            "eps_latest_yearly": 2,
            "eps_growth_yearly": 123.58
        },
        "20132": {
            "year_quarter": 20132,
            "year": 2013,
            "quarter": 2,
            "eps": 0.61,
            "eps_growth_year": 67.2,
            "eps_4q": 2.18,
            "eps_4q_growth_year": 19.98,
            "roe": 2.53,
            "roe_4q": 9.02,
            "gross_profit": 181337,
            "gross_margin": 29.33,
            "gross_margin_4q_avg": 31.97,
            "net_income": 70428,
            "net_income_4q": null,
            "revenue": 618232,
            "revenue_4q": null,
            "common_shares": 1148399,
            "book_valuer_per_share": 23.75,
            "book_valuer_per_share_4q_avg": 24.2,
            "equity": 2726926,
            "current_ratio": 429.62,
            "debt_ratio": 23.33,
            "inventory_turnover_ratio": 1.02,
            "account_receivable_turnover_ratio": 1.62,
            "reinvestment_rate": 3.86,
            "research_to_sale_ratio": 5.5,
            "price_fair": 64.49,
            "eps_avg_yearly": 1.84,
            "eps_latest_yearly": 2.44,
            "eps_growth_yearly": 132.9
        },
        "20133": {
            "year_quarter": 20133,
            "year": 2013,
            "quarter": 3,
            "eps": 0.58,
            "eps_growth_year": 5.58,
            "eps_4q": 2.21,
            "eps_4q_growth_year": 25.14,
            "roe": 2.43,
            "roe_4q": 9.14,
            "gross_profit": 197053,
            "gross_margin": 29.14,
            "gross_margin_4q_avg": 31.33,
            "net_income": 66942,
            "net_income_4q": null,
            "revenue": 676127,
            "revenue_4q": null,
            "common_shares": 1148399,
            "book_valuer_per_share": 24.31,
            "book_valuer_per_share_4q_avg": 24.27,
            "equity": 2791355,
            "current_ratio": 730.4,
            "debt_ratio": 14.92,
            "inventory_turnover_ratio": 1.12,
            "account_receivable_turnover_ratio": 1.46,
            "reinvestment_rate": 4.34,
            "research_to_sale_ratio": 5.11,
            "price_fair": 65.36,
            "eps_avg_yearly": 1.87,
            "eps_latest_yearly": 2.32,
            "eps_growth_yearly": 137
        },
        "20134": {
            "year_quarter": 20134,
            "year": 2013,
            "quarter": 4,
            "eps": 0.51,
            "eps_growth_year": -1.14,
            "eps_4q": 2.21,
            "eps_4q_growth_year": 17.63,
            "roe": 2.09,
            "roe_4q": 9.079999999999998,
            "gross_profit": 181802,
            "gross_margin": 33.8,
            "gross_margin_4q_avg": 30.82,
            "net_income": 58937,
            "net_income_4q": null,
            "revenue": 537936,
            "revenue_4q": null,
            "common_shares": 1148399,
            "book_valuer_per_share": 24.75,
            "book_valuer_per_share_4q_avg": 24.37,
            "equity": 2842422,
            "current_ratio": 642.79,
            "debt_ratio": 16.72,
            "inventory_turnover_ratio": 0.82,
            "account_receivable_turnover_ratio": 1.22,
            "reinvestment_rate": -99.23,
            "research_to_sale_ratio": 7.21,
            "price_fair": 62.21,
            "eps_avg_yearly": 1.78,
            "eps_latest_yearly": 2.04,
            "eps_growth_yearly": 113.67
        },
        "20141": {
            "year_quarter": 20141,
            "year": 2014,
            "quarter": 1,
            "eps": 0.66,
            "eps_growth_year": 32,
            "eps_4q": 2.37,
            "eps_4q_growth_year": 22.86,
            "roe": 2.64,
            "roe_4q": 9.69,
            "gross_profit": 202270,
            "gross_margin": 31.02,
            "gross_margin_4q_avg": 30.82,
            "net_income": 76008,
            "net_income_4q": null,
            "revenue": 652077,
            "revenue_4q": null,
            "common_shares": 1148399,
            "book_valuer_per_share": 25.48,
            "book_valuer_per_share_4q_avg": 24.57,
            "equity": 2925984,
            "current_ratio": 636.35,
            "debt_ratio": 16.63,
            "inventory_turnover_ratio": 0.91,
            "account_receivable_turnover_ratio": 1.64,
            "reinvestment_rate": -93.78,
            "research_to_sale_ratio": 5.49,
            "price_fair": 64.93,
            "eps_avg_yearly": 1.86,
            "eps_latest_yearly": 2.64,
            "eps_growth_yearly": 135.96
        },
        "20142": {
            "year_quarter": 20142,
            "year": 2014,
            "quarter": 2,
            "eps": 0.65,
            "eps_growth_year": 6.56,
            "eps_4q": 2.4,
            "eps_4q_growth_year": 10.37,
            "roe": 2.6,
            "roe_4q": 9.76,
            "gross_profit": 222254,
            "gross_margin": 34.01,
            "gross_margin_4q_avg": 31.99,
            "net_income": 74237,
            "net_income_4q": null,
            "revenue": 653522,
            "revenue_4q": null,
            "common_shares": 1148399,
            "book_valuer_per_share": 24.28,
            "book_valuer_per_share_4q_avg": 24.71,
            "equity": 2788163,
            "current_ratio": 499.34,
            "debt_ratio": 20.52,
            "inventory_turnover_ratio": 0.84,
            "account_receivable_turnover_ratio": 1.56,
            "reinvestment_rate": -90.82,
            "research_to_sale_ratio": 6.21,
            "price_fair": 68.6,
            "eps_avg_yearly": 1.96,
            "eps_latest_yearly": 2.6,
            "eps_growth_yearly": 144.15
        },
        "20143": {
            "year_quarter": 20143,
            "year": 2014,
            "quarter": 3,
            "eps": 0.75,
            "eps_growth_year": 29.31,
            "eps_4q": 2.57,
            "eps_4q_growth_year": 16.26,
            "roe": 3.03,
            "roe_4q": 10.36,
            "gross_profit": 209530,
            "gross_margin": 32.45,
            "gross_margin_4q_avg": 32.82,
            "net_income": 85506,
            "net_income_4q": null,
            "revenue": 645643,
            "revenue_4q": null,
            "common_shares": 1148399,
            "book_valuer_per_share": 24.95,
            "book_valuer_per_share_4q_avg": 24.87,
            "equity": 2859146,
            "current_ratio": 677.05,
            "debt_ratio": 15.88,
            "inventory_turnover_ratio": 0.86,
            "account_receivable_turnover_ratio": 1.54,
            "reinvestment_rate": -87.66,
            "research_to_sale_ratio": 6.4,
            "price_fair": 70.44,
            "eps_avg_yearly": 2.01,
            "eps_latest_yearly": 3,
            "eps_growth_yearly": 114.3
        },
        "20144": {
            "year_quarter": 20144,
            "year": 2014,
            "quarter": 4,
            "eps": 0.9,
            "eps_growth_year": 74.98,
            "eps_4q": 2.98,
            "eps_4q_growth_year": 35.21,
            "roe": 3.52,
            "roe_4q": 11.790000000000001,
            "gross_profit": 226898,
            "gross_margin": 33.57,
            "gross_margin_4q_avg": 32.76,
            "net_income": 101540,
            "net_income_4q": null,
            "revenue": 675829,
            "revenue_4q": null,
            "common_shares": 1148399,
            "book_valuer_per_share": 25.68,
            "book_valuer_per_share_4q_avg": 25.1,
            "equity": 2903567,
            "current_ratio": 582.48,
            "debt_ratio": 17.8,
            "inventory_turnover_ratio": 0.92,
            "account_receivable_turnover_ratio": 1.7,
            "reinvestment_rate": -83.06,
            "research_to_sale_ratio": 6.29,
            "price_fair": 77.18,
            "eps_avg_yearly": 2.21,
            "eps_latest_yearly": 3.6,
            "eps_growth_yearly": 138.29
        },
        "20151": {
            "year_quarter": 20151,
            "year": 2015,
            "quarter": 1,
            "eps": 0.64,
            "eps_growth_year": -3.03,
            "eps_4q": 2.91,
            "eps_4q_growth_year": 22.88,
            "roe": 2.46,
            "roe_4q": 11.61,
            "gross_profit": 232947,
            "gross_margin": 33.1,
            "gross_margin_4q_avg": 33.28,
            "net_income": 72897,
            "net_income_4q": null,
            "revenue": 703815,
            "revenue_4q": null,
            "common_shares": 1148399,
            "book_valuer_per_share": 26.4,
            "book_valuer_per_share_4q_avg": 25.33,
            "equity": 3027818,
            "current_ratio": 493.62,
            "debt_ratio": 18.84,
            "inventory_turnover_ratio": 0.94,
            "account_receivable_turnover_ratio": 1.72,
            "reinvestment_rate": -83.89,
            "research_to_sale_ratio": 6.67,
            "price_fair": 77.61,
            "eps_avg_yearly": 2.22,
            "eps_latest_yearly": 2.56,
            "eps_growth_yearly": 42.6
        },
        "20152": {
            "year_quarter": 20152,
            "year": 2015,
            "quarter": 2,
            "eps": 0.79,
            "eps_growth_year": 21.54,
            "eps_4q": 3.06,
            "eps_4q_growth_year": 27.08,
            "roe": 3.1,
            "roe_4q": 12.11,
            "gross_profit": 249175,
            "gross_margin": 28.64,
            "gross_margin_4q_avg": 31.94,
            "net_income": 90497,
            "net_income_4q": null,
            "revenue": 870126,
            "revenue_4q": null,
            "common_shares": 1148399,
            "book_valuer_per_share": 24.55,
            "book_valuer_per_share_4q_avg": 25.4,
            "equity": 2815382,
            "current_ratio": 330.67,
            "debt_ratio": 26.7,
            "inventory_turnover_ratio": 1.13,
            "account_receivable_turnover_ratio": 1.72,
            "reinvestment_rate": -37.89,
            "research_to_sale_ratio": 5.45,
            "price_fair": 82.78,
            "eps_avg_yearly": 2.37,
            "eps_latest_yearly": 3.16,
            "eps_growth_yearly": 64.99
        },
        "20153": {
            "year_quarter": 20153,
            "year": 2015,
            "quarter": 3,
            "eps": 1.05,
            "eps_growth_year": 40,
            "eps_4q": 3.36,
            "eps_4q_growth_year": 30.57,
            "roe": 4.16,
            "roe_4q": 13.239999999999998,
            "gross_profit": 250181,
            "gross_margin": 32.3,
            "gross_margin_4q_avg": 31.9,
            "net_income": 120183,
            "net_income_4q": null,
            "revenue": 774510,
            "revenue_4q": null,
            "common_shares": 1148399,
            "book_valuer_per_share": 25.85,
            "book_valuer_per_share_4q_avg": 25.62,
            "equity": 2964979,
            "current_ratio": 597.63,
            "debt_ratio": 16.13,
            "inventory_turnover_ratio": 1.02,
            "account_receivable_turnover_ratio": 1.37,
            "reinvestment_rate": -39.45,
            "research_to_sale_ratio": 6.48,
            "price_fair": 85.47,
            "eps_avg_yearly": 2.48,
            "eps_latest_yearly": 4.2,
            "eps_growth_yearly": 24.46
        },
        "20154": {
            "year_quarter": 20154,
            "year": 2015,
            "quarter": 4,
            "eps": 0.66,
            "eps_growth_year": -26.78,
            "eps_4q": 3.13,
            "eps_4q_growth_year": 4.93,
            "roe": 2.52,
            "roe_4q": 12.239999999999998,
            "gross_profit": 243183,
            "gross_margin": 31.99,
            "gross_margin_4q_avg": 31.51,
            "net_income": 75410,
            "net_income_4q": null,
            "revenue": 760186,
            "revenue_4q": null,
            "common_shares": 1148399,
            "book_valuer_per_share": 26.38,
            "book_valuer_per_share_4q_avg": 25.8,
            "equity": 3025903,
            "current_ratio": 495.38,
            "debt_ratio": 18.5,
            "inventory_turnover_ratio": 1.18,
            "account_receivable_turnover_ratio": 1.46,
            "reinvestment_rate": -20.3,
            "research_to_sale_ratio": 6.74,
            "price_fair": 83.41,
            "eps_avg_yearly": 2.54,
            "eps_latest_yearly": 2.64,
            "eps_growth_yearly": 22.81
        },
        "20161": {
            "year_quarter": 20161,
            "year": 2016,
            "quarter": 1,
            "eps": 1.3,
            "eps_growth_year": 103.12,
            "eps_4q": 3.79,
            "eps_4q_growth_year": 30.11,
            "roe": 4.79,
            "roe_4q": 14.57,
            "gross_profit": 360370,
            "gross_margin": 37.38,
            "gross_margin_4q_avg": 32.58,
            "net_income": 148701,
            "net_income_4q": null,
            "revenue": 964051,
            "revenue_4q": null,
            "common_shares": 1148399,
            "book_valuer_per_share": 27.8,
            "book_valuer_per_share_4q_avg": 26.15,
            "equity": 3188487,
            "current_ratio": 396.02,
            "debt_ratio": 21.97,
            "inventory_turnover_ratio": 1.47,
            "account_receivable_turnover_ratio": 1.64,
            "reinvestment_rate": -13.69,
            "research_to_sale_ratio": 5.2,
            "price_fair": 96.51,
            "eps_avg_yearly": 2.76,
            "eps_latest_yearly": 5.2,
            "eps_growth_yearly": 45.22
        },
        "20162": {
            "year_quarter": 20162,
            "year": 2016,
            "quarter": 2,
            "eps": 1.19,
            "eps_growth_year": 50.63,
            "eps_4q": 4.19,
            "eps_4q_growth_year": 37.15,
            "roe": 4.4,
            "roe_4q": 15.870000000000001,
            "gross_profit": 318458,
            "gross_margin": 31.28,
            "gross_margin_4q_avg": 33.24,
            "net_income": 136327,
            "net_income_4q": null,
            "revenue": 1017943,
            "revenue_4q": null,
            "common_shares": 1148399,
            "book_valuer_per_share": 26.29,
            "book_valuer_per_share_4q_avg": 26.58,
            "equity": 3014682,
            "current_ratio": 288.13,
            "debt_ratio": 29.74,
            "inventory_turnover_ratio": 1.7,
            "account_receivable_turnover_ratio": 1.53,
            "reinvestment_rate": -16.07,
            "research_to_sale_ratio": 4.8,
            "price_fair": 103.78,
            "eps_avg_yearly": 2.97,
            "eps_latest_yearly": 4.76,
            "eps_growth_yearly": 47.65
        },
        "20163": {
            "year_quarter": 20163,
            "year": 2016,
            "quarter": 3,
            "eps": 1.03,
            "eps_growth_year": -1.9,
            "eps_4q": 4.17,
            "eps_4q_growth_year": 24.27,
            "roe": 3.85,
            "roe_4q": 15.559999999999999,
            "gross_profit": 310547,
            "gross_margin": 33,
            "gross_margin_4q_avg": 33.41,
            "net_income": 118128,
            "net_income_4q": null,
            "revenue": 940947,
            "revenue_4q": null,
            "common_shares": 1148399,
            "book_valuer_per_share": 27.21,
            "book_valuer_per_share_4q_avg": 26.92,
            "equity": 3120517,
            "current_ratio": 420.63,
            "debt_ratio": 20.71,
            "inventory_turnover_ratio": 1.62,
            "account_receivable_turnover_ratio": 1.44,
            "reinvestment_rate": -16.01,
            "research_to_sale_ratio": 5.45,
            "price_fair": 107.98,
            "eps_avg_yearly": 3.09,
            "eps_latest_yearly": 4.12,
            "eps_growth_yearly": 31.09
        },
        "20164": {
            "year_quarter": 20164,
            "year": 2016,
            "quarter": 4,
            "eps": 1.08,
            "eps_growth_year": 63.76,
            "eps_4q": 4.59,
            "eps_4q_growth_year": 46.7,
            "roe": 3.9,
            "roe_4q": 16.94,
            "gross_profit": 273532,
            "gross_margin": 30.37,
            "gross_margin_4q_avg": 33.01,
            "net_income": 123492,
            "net_income_4q": null,
            "revenue": 900777,
            "revenue_4q": null,
            "common_shares": 1148399,
            "book_valuer_per_share": 28,
            "book_valuer_per_share_4q_avg": 27.33,
            "equity": 3210932,
            "current_ratio": 403.14,
            "debt_ratio": 21.64,
            "inventory_turnover_ratio": 1.68,
            "account_receivable_turnover_ratio": 1.36,
            "reinvestment_rate": -13.87,
            "research_to_sale_ratio": 6,
            "price_fair": 112.88,
            "eps_avg_yearly": 3.23,
            "eps_latest_yearly": 4.32,
            "eps_growth_yearly": 33.67
        },
        "20171": {
            "year_quarter": 20171,
            "year": 2017,
            "quarter": 1,
            "eps": 0.68,
            "eps_growth_year": -47.69,
            "eps_4q": 3.98,
            "eps_4q_growth_year": 4.93,
            "roe": 2.42,
            "roe_4q": 14.57,
            "gross_profit": 292147,
            "gross_margin": 31.75,
            "gross_margin_4q_avg": 31.6,
            "net_income": 78300,
            "net_income_4q": null,
            "revenue": 920057,
            "revenue_4q": null,
            "common_shares": 1148399,
            "book_valuer_per_share": 28.52,
            "book_valuer_per_share_4q_avg": 27.51,
            "equity": 3270487,
            "current_ratio": 409.67,
            "debt_ratio": 21.42,
            "inventory_turnover_ratio": 1.72,
            "account_receivable_turnover_ratio": 1.44,
            "reinvestment_rate": 30.49,
            "research_to_sale_ratio": 5.76,
            "price_fair": 114.45,
            "eps_avg_yearly": 3.27,
            "eps_latest_yearly": 2.72,
            "eps_growth_yearly": 25.37
        },
        "20172": {
            "year_quarter": 20172,
            "year": 2017,
            "quarter": 2,
            "eps": 1.1,
            "eps_growth_year": -7.56,
            "eps_4q": 3.89,
            "eps_4q_growth_year": -7.23,
            "roe": 4.09,
            "roe_4q": 14.26,
            "gross_profit": 309386,
            "gross_margin": 31.12,
            "gross_margin_4q_avg": 31.56,
            "net_income": 125934,
            "net_income_4q": null,
            "revenue": 994260,
            "revenue_4q": null,
            "common_shares": 1148399,
            "book_valuer_per_share": 25.15,
            "book_valuer_per_share_4q_avg": 27.22,
            "equity": 2884505,
            "current_ratio": 251.66,
            "debt_ratio": 33.93,
            "inventory_turnover_ratio": 1.88,
            "account_receivable_turnover_ratio": 1.39,
            "reinvestment_rate": 29.22,
            "research_to_sale_ratio": 6.18,
            "price_fair": 118.74,
            "eps_avg_yearly": 3.39,
            "eps_latest_yearly": 4.4,
            "eps_growth_yearly": 35.31
        },
        "20173": {
            "year_quarter": 20173,
            "year": 2017,
            "quarter": 3,
            "eps": 1.19,
            "eps_growth_year": 15.53,
            "eps_4q": 4.05,
            "eps_4q_growth_year": -3.01,
            "roe": 4.62,
            "roe_4q": 15.030000000000001,
            "gross_profit": 321976,
            "gross_margin": 32.52,
            "gross_margin_4q_avg": 31.44,
            "net_income": 136439,
            "net_income_4q": null,
            "revenue": 990022,
            "revenue_4q": null,
            "common_shares": 1146889,
            "book_valuer_per_share": 26.34,
            "book_valuer_per_share_4q_avg": 27,
            "equity": 3021389,
            "current_ratio": 340.41,
            "debt_ratio": 25.4,
            "inventory_turnover_ratio": 1.5,
            "account_receivable_turnover_ratio": 1.18,
            "reinvestment_rate": 27.48,
            "research_to_sale_ratio": 6.15,
            "price_fair": 124.08,
            "eps_avg_yearly": 3.55,
            "eps_latest_yearly": 4.76,
            "eps_growth_yearly": 38.59
        },
        "20174": {
            "year_quarter": 20174,
            "year": 2017,
            "quarter": 4,
            "eps": 0.68,
            "eps_growth_year": -37.11,
            "eps_4q": 3.65,
            "eps_4q_growth_year": -20.57,
            "roe": 2.54,
            "roe_4q": 13.67,
            "gross_profit": 272666,
            "gross_margin": 33.55,
            "gross_margin_4q_avg": 32.24,
            "net_income": 77659,
            "net_income_4q": null,
            "revenue": 812715,
            "revenue_4q": null,
            "common_shares": 1146889,
            "book_valuer_per_share": 27.01,
            "book_valuer_per_share_4q_avg": 26.76,
            "equity": 3097806,
            "current_ratio": 339.06,
            "debt_ratio": 25.4,
            "inventory_turnover_ratio": 0.87,
            "account_receivable_turnover_ratio": 1.08,
            "reinvestment_rate": 27.78,
            "research_to_sale_ratio": 7.54,
            "price_fair": 125.56,
            "eps_avg_yearly": 3.59,
            "eps_latest_yearly": 2.72,
            "eps_growth_yearly": 30.89
        },
        "20181": {
            "year_quarter": 20181,
            "year": 2018,
            "quarter": 1,
            "eps": 1.14,
            "eps_growth_year": 67.65,
            "eps_4q": 4.11,
            "eps_4q_growth_year": 3.24,
            "roe": 4.14,
            "roe_4q": 15.39,
            "gross_profit": 348197,
            "gross_margin": 30.07,
            "gross_margin_4q_avg": 31.82,
            "net_income": 130976,
            "net_income_4q": null,
            "revenue": 1158041,
            "revenue_4q": null,
            "common_shares": 1146889,
            "book_valuer_per_share": 28.21,
            "book_valuer_per_share_4q_avg": 26.68,
            "equity": 3234918,
            "current_ratio": 320.54,
            "debt_ratio": 27.21,
            "inventory_turnover_ratio": 1.01,
            "account_receivable_turnover_ratio": 1.61,
            "reinvestment_rate": 25.13,
            "research_to_sale_ratio": 5.46,
            "price_fair": 129.76,
            "eps_avg_yearly": 3.71,
            "eps_latest_yearly": 4.56,
            "eps_growth_yearly": 40.45
        },
        "20182": {
            "year_quarter": 20182,
            "year": 2018,
            "quarter": 2,
            "eps": 1.63,
            "eps_growth_year": 48.18,
            "eps_4q": 4.64,
            "eps_4q_growth_year": 19.24,
            "roe": 6.04,
            "roe_4q": 17.34,
            "gross_profit": 429200,
            "gross_margin": 30.05,
            "gross_margin_4q_avg": 31.55,
            "net_income": 186583,
            "net_income_4q": null,
            "revenue": 1428254,
            "revenue_4q": null,
            "common_shares": 1146889,
            "book_valuer_per_share": 25.7,
            "book_valuer_per_share_4q_avg": 26.82,
            "equity": 2947481,
            "current_ratio": 201.99,
            "debt_ratio": 41.1,
            "inventory_turnover_ratio": 1.14,
            "account_receivable_turnover_ratio": 1.34,
            "reinvestment_rate": 33.59,
            "research_to_sale_ratio": 4.68,
            "price_fair": 138.34,
            "eps_avg_yearly": 3.95,
            "eps_latest_yearly": 6.52,
            "eps_growth_yearly": 51.58
        },
        "20183": {
            "year_quarter": 20183,
            "year": 2018,
            "quarter": 3,
            "eps": 1.38,
            "eps_growth_year": 15.97,
            "eps_4q": 4.82,
            "eps_4q_growth_year": 19.15,
            "roe": 5.22,
            "roe_4q": 17.939999999999998,
            "gross_profit": 392198,
            "gross_margin": 28.46,
            "gross_margin_4q_avg": 30.53,
            "net_income": 157821,
            "net_income_4q": null,
            "revenue": 1378294,
            "revenue_4q": null,
            "common_shares": 1146889,
            "book_valuer_per_share": 26.99,
            "book_valuer_per_share_4q_avg": 26.98,
            "equity": 3095700,
            "current_ratio": 262.38,
            "debt_ratio": 29.72,
            "inventory_turnover_ratio": 1.13,
            "account_receivable_turnover_ratio": 1.16,
            "reinvestment_rate": 42.1,
            "research_to_sale_ratio": 4.82,
            "price_fair": 143.85,
            "eps_avg_yearly": 4.11,
            "eps_latest_yearly": 5.52,
            "eps_growth_yearly": 43.89
        },
        "20184": {
            "year_quarter": 20184,
            "year": 2018,
            "quarter": 4,
            "eps": 1.14,
            "eps_growth_year": 67.64,
            "eps_4q": 5.29,
            "eps_4q_growth_year": 44.96,
            "roe": 4.12,
            "roe_4q": 19.52,
            "gross_profit": 371196,
            "gross_margin": 29.78,
            "gross_margin_4q_avg": 29.59,
            "net_income": 129957,
            "net_income_4q": null,
            "revenue": 1246533,
            "revenue_4q": null,
            "common_shares": 1146889,
            "book_valuer_per_share": 28.1,
            "book_valuer_per_share_4q_avg": 27.25,
            "equity": 3216789,
            "current_ratio": 246.26,
            "debt_ratio": 31.88,
            "inventory_turnover_ratio": 0.97,
            "account_receivable_turnover_ratio": 1.19,
            "reinvestment_rate": 42.81,
            "research_to_sale_ratio": 5.73,
            "price_fair": 145.95,
            "eps_avg_yearly": 4.17,
            "eps_latest_yearly": 4.56,
            "eps_growth_yearly": 34.55
        },
        "20191": {
            "year_quarter": 20191,
            "year": 2019,
            "quarter": 1,
            "eps": 1.4,
            "eps_growth_year": 22.81,
            "eps_4q": 5.55,
            "eps_4q_growth_year": 35.04,
            "roe": 4.54,
            "roe_4q": 19.919999999999998,
            "gross_profit": 415904,
            "gross_margin": 28.8,
            "gross_margin_4q_avg": 29.27,
            "net_income": 161578,
            "net_income_4q": null,
            "revenue": 1443911,
            "revenue_4q": null,
            "common_shares": 1146889,
            "book_valuer_per_share": 29.61,
            "book_valuer_per_share_4q_avg": 27.6,
            "equity": 3903788,
            "current_ratio": 277.33,
            "debt_ratio": 30.98,
            "inventory_turnover_ratio": 1,
            "account_receivable_turnover_ratio": 1.24,
            "reinvestment_rate": 64.45,
            "research_to_sale_ratio": 5.21,
            "price_fair": 152.6,
            "eps_avg_yearly": 4.36,
            "eps_latest_yearly": 5.6,
            "eps_growth_yearly": 47.47
        },
        "20192": {
            "year_quarter": 20192,
            "year": 2019,
            "quarter": 2,
            "eps": 1.72,
            "eps_growth_year": 5.52,
            "eps_4q": 5.64,
            "eps_4q_growth_year": 21.56,
            "roe": 5.38,
            "roe_4q": 19.259999999999998,
            "gross_profit": 536080,
            "gross_margin": 30.69,
            "gross_margin_4q_avg": 29.43,
            "net_income": 199846,
            "net_income_4q": null,
            "revenue": 1746859,
            "revenue_4q": null,
            "common_shares": 1146889,
            "book_valuer_per_share": 26.18,
            "book_valuer_per_share_4q_avg": 27.72,
            "equity": 3518500,
            "current_ratio": 184.46,
            "debt_ratio": 39.92,
            "inventory_turnover_ratio": 1.14,
            "account_receivable_turnover_ratio": 1.28,
            "reinvestment_rate": 40.25,
            "research_to_sale_ratio": 5.97,
            "price_fair": 160.74,
            "eps_avg_yearly": 4.59,
            "eps_latest_yearly": 6.88,
            "eps_growth_yearly": 47.33
        },
        "20193": {
            "year_quarter": 20193,
            "year": 2019,
            "quarter": 3,
            "eps": 1.35,
            "eps_growth_year": -2.17,
            "eps_4q": 5.61,
            "eps_4q_growth_year": 16.36,
            "roe": 4.58,
            "roe_4q": 18.62,
            "gross_profit": 495080,
            "gross_margin": 30.96,
            "gross_margin_4q_avg": 30.06,
            "net_income": 164887,
            "net_income_4q": null,
            "revenue": 1599336,
            "revenue_4q": null,
            "common_shares": 1146889,
            "book_valuer_per_share": 27.52,
            "book_valuer_per_share_4q_avg": 27.85,
            "equity": 3688722,
            "current_ratio": 238.37,
            "debt_ratio": 30.72,
            "inventory_turnover_ratio": 1.11,
            "account_receivable_turnover_ratio": 1.19,
            "reinvestment_rate": 38.95,
            "research_to_sale_ratio": 6.56,
            "price_fair": 163.36,
            "eps_avg_yearly": 4.67,
            "eps_latest_yearly": 5.4,
            "eps_growth_yearly": 33.72
        },
        "20194": {
            "year_quarter": 20194,
            "year": 2019,
            "quarter": 4,
            "eps": 1.03,
            "eps_growth_year": -8.84,
            "eps_4q": 5.51,
            "eps_4q_growth_year": 4.23,
            "roe": 2.23,
            "roe_4q": 16.73,
            "gross_profit": 547108,
            "gross_margin": 24.41,
            "gross_margin_4q_avg": 28.72,
            "net_income": 98949,
            "net_income_4q": null,
            "revenue": 2241678,
            "revenue_4q": null,
            "common_shares": 1146889,
            "book_valuer_per_share": 27.91,
            "book_valuer_per_share_4q_avg": 27.81,
            "equity": 5176522,
            "current_ratio": 198.67,
            "debt_ratio": 38.59,
            "inventory_turnover_ratio": 1.24,
            "account_receivable_turnover_ratio": 1.38,
            "reinvestment_rate": 57.02,
            "research_to_sale_ratio": 4.65,
            "price_fair": 166.6,
            "eps_avg_yearly": 4.76,
            "eps_latest_yearly": 4.12,
            "eps_growth_yearly": 37.08
        },
        "20201": {
            "year_quarter": 20201,
            "year": 2020,
            "quarter": 1,
            "eps": 1.27,
            "eps_growth_year": -9.29,
            "eps_4q": 5.38,
            "eps_4q_growth_year": -3.03,
            "roe": 2.92,
            "roe_4q": 15.11,
            "gross_profit": 596404,
            "gross_margin": 27.4,
            "gross_margin_4q_avg": 28.37,
            "net_income": 153106,
            "net_income_4q": null,
            "revenue": 2176321,
            "revenue_4q": null,
            "common_shares": 1146889,
            "book_valuer_per_share": 29.14,
            "book_valuer_per_share_4q_avg": 27.69,
            "equity": 5296127,
            "current_ratio": 204.96,
            "debt_ratio": 37.79,
            "inventory_turnover_ratio": 0.92,
            "account_receivable_turnover_ratio": 1.06,
            "reinvestment_rate": 53.97,
            "research_to_sale_ratio": 4.64,
            "price_fair": 136.22,
            "eps_avg_yearly": 4.75,
            "eps_latest_yearly": 5.08,
            "eps_growth_yearly": 18.66
        },
        "20202": {
            "year_quarter": 20202,
            "year": 2020,
            "quarter": 2,
            "eps": 0.67,
            "eps_growth_year": -61.05,
            "eps_4q": 4.33,
            "eps_4q_growth_year": -23.18,
            "roe": 1.88,
            "roe_4q": 11.61,
            "gross_profit": 480139,
            "gross_margin": 23.53,
            "gross_margin_4q_avg": 26.58,
            "net_income": 94026,
            "net_income_4q": null,
            "revenue": 2040449,
            "revenue_4q": null,
            "common_shares": 1146889,
            "book_valuer_per_share": 24.66,
            "book_valuer_per_share_4q_avg": 27.31,
            "equity": 4702194,
            "current_ratio": 177.52,
            "debt_ratio": 42.99,
            "inventory_turnover_ratio": 0.92,
            "account_receivable_turnover_ratio": 0.99,
            "reinvestment_rate": 54.54,
            "research_to_sale_ratio": 4.74,
            "price_fair": 87.67,
            "eps_avg_yearly": 4.62,
            "eps_latest_yearly": 2.68,
            "eps_growth_yearly": 8.97
        },
        "20203": {
            "year_quarter": 20203,
            "year": 2020,
            "quarter": 3,
            "eps": 0.93,
            "eps_growth_year": -31.11,
            "eps_4q": 3.9,
            "eps_4q_growth_year": -30.44,
            "roe": 2.66,
            "roe_4q": 9.69,
            "gross_profit": 523286,
            "gross_margin": 25.65,
            "gross_margin_4q_avg": 25.25,
            "net_income": 128576,
            "net_income_4q": null,
            "revenue": 2040282,
            "revenue_4q": null,
            "common_shares": 1146889,
            "book_valuer_per_share": 25.48,
            "book_valuer_per_share_4q_avg": 26.8,
            "equity": 4969075,
            "current_ratio": 194.23,
            "debt_ratio": 38.47,
            "inventory_turnover_ratio": 0.9,
            "account_receivable_turnover_ratio": 1,
            "reinvestment_rate": 62.15,
            "research_to_sale_ratio": 4.93,
            "price_fair": 147.26,
            "eps_avg_yearly": 4.6,
            "eps_latest_yearly": 3.72,
            "eps_growth_yearly": 22.03
        },
        "20204": {
            "year_quarter": 20204,
            "year": 2020,
            "quarter": 4,
            "eps": 0.68,
            "eps_growth_year": -34.38,
            "eps_4q": 3.55,
            "eps_4q_growth_year": -35.63,
            "roe": 2.15,
            "roe_4q": 9.61,
            "gross_profit": 509270,
            "gross_margin": 24.34,
            "gross_margin_4q_avg": 25.23,
            "net_income": 107333,
            "net_income_4q": null,
            "revenue": 2092470,
            "revenue_4q": null,
            "common_shares": 1146889,
            "book_valuer_per_share": 25.99,
            "book_valuer_per_share_4q_avg": 26.32,
            "equity": 5033639,
            "current_ratio": 200.1,
            "debt_ratio": 37.73,
            "inventory_turnover_ratio": 1,
            "account_receivable_turnover_ratio": 1.03,
            "reinvestment_rate": 62.63,
            "research_to_sale_ratio": 5.11,
            "price_fair": 108.37,
            "eps_avg_yearly": 4.5,
            "eps_latest_yearly": 2.72,
            "eps_growth_yearly": 14.1
        },
        "20211": {
            "year_quarter": 20211,
            "year": 2021,
            "quarter": 1,
            "eps": 0.58,
            "eps_growth_year": -54.33,
            "eps_4q": 2.86,
            "eps_4q_growth_year": -46.89,
            "roe": 1.92,
            "roe_4q": 8.61,
            "gross_profit": 493997,
            "gross_margin": 24.6,
            "gross_margin_4q_avg": 24.53,
            "net_income": 97186,
            "net_income_4q": null,
            "revenue": 2008118,
            "revenue_4q": null,
            "common_shares": 1146889,
            "book_valuer_per_share": 26.3,
            "book_valuer_per_share_4q_avg": 25.61,
            "equity": 5082346,
            "current_ratio": 195.26,
            "debt_ratio": 39.5,
            "inventory_turnover_ratio": 0.97,
            "account_receivable_turnover_ratio": 1.01,
            "reinvestment_rate": 63.08,
            "research_to_sale_ratio": 4.83,
            "price_fair": 132.74,
            "eps_avg_yearly": 4.47,
            "eps_latest_yearly": 2.32,
            "eps_growth_yearly": 19.68
        },
        "20212": {
            "year_quarter": 20212,
            "year": 2021,
            "quarter": 2,
            "eps": 0.55,
            "eps_growth_year": -17.91,
            "eps_4q": 2.73,
            "eps_4q_growth_year": -36.89,
            "roe": 2.53,
            "roe_4q": 9.26,
            "gross_profit": 679713,
            "gross_margin": 20.78,
            "gross_margin_4q_avg": 23.84,
            "net_income": 132753,
            "net_income_4q": null,
            "revenue": 3271167,
            "revenue_4q": null,
            "common_shares": 1146889,
            "book_valuer_per_share": 23.68,
            "book_valuer_per_share_4q_avg": 25.36,
            "equity": 5409773,
            "current_ratio": 153.6,
            "debt_ratio": 50.6,
            "inventory_turnover_ratio": 1.15,
            "account_receivable_turnover_ratio": 1.45,
            "reinvestment_rate": 64.6,
            "research_to_sale_ratio": 2.94,
            "price_fair": 56.11,
            "eps_avg_yearly": 4.34,
            "eps_latest_yearly": 2.2,
            "eps_growth_yearly": 2.94
        },
        "20213": {
            "year_quarter": 20213,
            "year": 2021,
            "quarter": 3,
            "eps": 0.62,
            "eps_growth_year": -33.33,
            "eps_4q": 2.42,
            "eps_4q_growth_year": -37.87,
            "roe": 2.2,
            "roe_4q": 8.8,
            "gross_profit": 685453,
            "gross_margin": 18.33,
            "gross_margin_4q_avg": 22.01,
            "net_income": 115072,
            "net_income_4q": null,
            "revenue": 3739571,
            "revenue_4q": null,
            "common_shares": 1146889,
            "book_valuer_per_share": 23.07,
            "book_valuer_per_share_4q_avg": 24.76,
            "equity": 5064569,
            "current_ratio": 134.36,
            "debt_ratio": 56.14,
            "inventory_turnover_ratio": 0.99,
            "account_receivable_turnover_ratio": 1.43,
            "reinvestment_rate": 82.2,
            "research_to_sale_ratio": 2.73,
            "price_fair": 59.03,
            "eps_avg_yearly": 4.19,
            "eps_latest_yearly": 2.48,
            "eps_growth_yearly": 4.08
        },
        "20214": {
            "year_quarter": 20214,
            "year": 2021,
            "quarter": 4,
            "eps": 3.63,
            "eps_growth_year": 435.16,
            "eps_4q": 5.38,
            "eps_4q_growth_year": 51.66,
            "roe": 8.27,
            "roe_4q": 14.919999999999998,
            "gross_profit": 661834,
            "gross_margin": 15.79,
            "gross_margin_4q_avg": 19.88,
            "net_income": 436895,
            "net_income_4q": null,
            "revenue": 4192420,
            "revenue_4q": null,
            "common_shares": 1144889,
            "book_valuer_per_share": 26.7,
            "book_valuer_per_share_4q_avg": 24.94,
            "equity": 5503813,
            "current_ratio": 184.81,
            "debt_ratio": 55.3,
            "inventory_turnover_ratio": 1.03,
            "account_receivable_turnover_ratio": 1.53,
            "reinvestment_rate": 82.01,
            "research_to_sale_ratio": 3.02,
            "price_fair": 172.55,
            "eps_avg_yearly": 4.93,
            "eps_latest_yearly": 14.52,
            "eps_growth_yearly": 136.17
        },
        "20221": {
            "year_quarter": 20221,
            "year": 2022,
            "quarter": 1,
            "eps": 0.73,
            "eps_growth_year": 25.86,
            "eps_4q": 5.53,
            "eps_4q_growth_year": 93.66,
            "roe": 2.04,
            "roe_4q": 15.039999999999997,
            "gross_profit": 704579,
            "gross_margin": 18.2,
            "gross_margin_4q_avg": 18.28,
            "net_income": 110119,
            "net_income_4q": null,
            "revenue": 3870828,
            "revenue_4q": null,
            "common_shares": 1144889,
            "book_valuer_per_share": 24.15,
            "book_valuer_per_share_4q_avg": 24.4,
            "equity": 5284365,
            "current_ratio": 144.83,
            "debt_ratio": 59.85,
            "inventory_turnover_ratio": 0.82,
            "account_receivable_turnover_ratio": 1.39,
            "reinvestment_rate": 85.2,
            "research_to_sale_ratio": 2.76,
            "price_fair": 168.96,
            "eps_avg_yearly": 4.83,
            "eps_latest_yearly": 2.92,
            "eps_growth_yearly": 99.28
        },
        "20222": {
            "year_quarter": 20222,
            "year": 2022,
            "quarter": 2,
            "eps": 1.01,
            "eps_growth_year": 83.64,
            "eps_4q": 5.99,
            "eps_4q_growth_year": 119.35,
            "roe": 2.75,
            "roe_4q": 15.259999999999998,
            "gross_profit": 777118,
            "gross_margin": 20.17,
            "gross_margin_4q_avg": 18.12,
            "net_income": 147304,
            "net_income_4q": null,
            "revenue": 3852164,
            "revenue_4q": null,
            "common_shares": 1144889,
            "book_valuer_per_share": 25.13,
            "book_valuer_per_share_4q_avg": 24.76,
            "equity": 5440108,
            "current_ratio": 152.81,
            "debt_ratio": 58.04,
            "inventory_turnover_ratio": 0.76,
            "account_receivable_turnover_ratio": 1.33,
            "reinvestment_rate": 80.07,
            "research_to_sale_ratio": 2.85,
            "price_fair": 163.54,
            "eps_avg_yearly": 4.67,
            "eps_latest_yearly": 4.04,
            "eps_growth_yearly": 98.13
        },
        "20223": {
            "year_quarter": 20223,
            "year": 2022,
            "quarter": 3,
            "eps": 1.69,
            "eps_growth_year": 172.58,
            "eps_4q": 7.07,
            "eps_4q_growth_year": 191.48,
            "roe": 3.58,
            "roe_4q": 16.64,
            "gross_profit": 893405,
            "gross_margin": 21.83,
            "gross_margin_4q_avg": 19,
            "net_income": 200020,
            "net_income_4q": null,
            "revenue": 4093050,
            "revenue_4q": null,
            "common_shares": 1144889,
            "book_valuer_per_share": 27.32,
            "book_valuer_per_share_4q_avg": 25.83,
            "equity": 5733960,
            "current_ratio": 168.11,
            "debt_ratio": 57.18,
            "inventory_turnover_ratio": 0.79,
            "account_receivable_turnover_ratio": 1.38,
            "reinvestment_rate": 69.69,
            "research_to_sale_ratio": 3.05,
            "price_fair": 166.25,
            "eps_avg_yearly": 4.75,
            "eps_latest_yearly": 6.76,
            "eps_growth_yearly": 118.79
        },
        "20224": {
            "year_quarter": 20224,
            "year": 2022,
            "quarter": 4,
            "eps": 1.18,
            "eps_growth_year": -67.53,
            "eps_4q": 4.61,
            "eps_4q_growth_year": -14.23,
            "roe": 2.34,
            "roe_4q": 10.71,
            "gross_profit": 892925,
            "gross_margin": 20.54,
            "gross_margin_4q_avg": 20.19,
            "net_income": 135468,
            "net_income_4q": null,
            "revenue": 4346751,
            "revenue_4q": null,
            "common_shares": 1144889,
            "book_valuer_per_share": 28.36,
            "book_valuer_per_share_4q_avg": 26.24,
            "equity": 5824790,
            "current_ratio": 166.23,
            "debt_ratio": 55.69,
            "inventory_turnover_ratio": 0.87,
            "account_receivable_turnover_ratio": 1.49,
            "reinvestment_rate": 83.84,
            "research_to_sale_ratio": 2.7,
            "price_fair": 166.6,
            "eps_avg_yearly": 4.76,
            "eps_latest_yearly": 4.72,
            "eps_growth_yearly": 115.59
        },
        "20231": {
            "year_quarter": 20231,
            "year": 2023,
            "quarter": 1,
            "eps": 1.1,
            "eps_growth_year": 50.68,
            "eps_4q": 4.98,
            "eps_4q_growth_year": -9.98,
            "roe": 2.24,
            "roe_4q": 10.91,
            "gross_profit": 835128,
            "gross_margin": 21.86,
            "gross_margin_4q_avg": 21.1,
            "net_income": 126151,
            "net_income_4q": null,
            "revenue": 3820041,
            "revenue_4q": null,
            "common_shares": 1144889,
            "book_valuer_per_share": 25.65,
            "book_valuer_per_share_4q_avg": 26.62,
            "equity": 5463011,
            "current_ratio": 160.65,
            "debt_ratio": 55.98,
            "inventory_turnover_ratio": 0.81,
            "account_receivable_turnover_ratio": 1.37,
            "reinvestment_rate": 56.68,
            "research_to_sale_ratio": 2.98,
            "price_fair": 163.98,
            "eps_avg_yearly": 4.69,
            "eps_latest_yearly": 4.4,
            "eps_growth_yearly": 108.2
        },
        "20232": {
            "year_quarter": 20232,
            "year": 2023,
            "quarter": 2,
            "eps": 0.85,
            "eps_growth_year": -15.84,
            "eps_4q": 4.82,
            "eps_4q_growth_year": -19.5,
            "roe": 1.8,
            "roe_4q": 9.96,
            "gross_profit": 779164,
            "gross_margin": 20.72,
            "gross_margin_4q_avg": 21.24,
            "net_income": 99375,
            "net_income_4q": null,
            "revenue": 3761152,
            "revenue_4q": null,
            "common_shares": 1144889,
            "book_valuer_per_share": 26.53,
            "book_valuer_per_share_4q_avg": 26.97,
            "equity": 5564747,
            "current_ratio": 164.25,
            "debt_ratio": 53.39,
            "inventory_turnover_ratio": 0.89,
            "account_receivable_turnover_ratio": 1.44,
            "reinvestment_rate": 58.61,
            "research_to_sale_ratio": 2.95,
            "price_fair": 156.36,
            "eps_avg_yearly": 4.47,
            "eps_latest_yearly": 3.4,
            "eps_growth_yearly": 96.8
        }
    },
    "months": {
        "2001-06": {
            "month": "2001-06",
            "price": "45.88",
            "revenue": 281423
        },
        "2001-07": {
            "month": "2001-07",
            "price": "45.16",
            "revenue": 338145
        },
        "2001-08": {
            "month": "2001-08",
            "price": "43.03",
            "revenue": 442385
        },
        "2001-09": {
            "month": "2001-09",
            "price": "34.57",
            "revenue": 450248
        },
        "2001-10": {
            "month": "2001-10",
            "price": "30.68",
            "revenue": 528949
        },
        "2001-11": {
            "month": "2001-11",
            "price": "34.88",
            "revenue": 638275
        },
        "2001-12": {
            "month": "2001-12",
            "price": "42.63",
            "revenue": 608779
        },
        "2002-01": {
            "month": "2002-01",
            "price": "45.83",
            "revenue": 500691
        },
        "2002-02": {
            "month": "2002-02",
            "price": "43.75",
            "revenue": 317742
        },
        "2002-03": {
            "month": "2002-03",
            "price": "41.94",
            "revenue": 301136
        },
        "2002-04": {
            "month": "2002-04",
            "price": "38.97",
            "revenue": 296705
        },
        "2002-05": {
            "month": "2002-05",
            "price": "31.17",
            "revenue": 228570
        },
        "2002-06": {
            "month": "2002-06",
            "price": "28.93",
            "revenue": 249744
        },
        "2002-07": {
            "month": "2002-07",
            "price": "22.88",
            "revenue": 242489
        },
        "2002-08": {
            "month": "2002-08",
            "price": "21.75",
            "revenue": 275103
        },
        "2002-09": {
            "month": "2002-09",
            "price": "18.54",
            "revenue": 350078
        },
        "2002-10": {
            "month": "2002-10",
            "price": "17.43",
            "revenue": 441244
        },
        "2002-11": {
            "month": "2002-11",
            "price": "18.72",
            "revenue": 354828
        },
        "2002-12": {
            "month": "2002-12",
            "price": "16.69",
            "revenue": 233359
        },
        "2003-01": {
            "month": "2003-01",
            "price": "16.03",
            "revenue": 273856
        },
        "2003-02": {
            "month": "2003-02",
            "price": "15.98",
            "revenue": 257950
        },
        "2003-03": {
            "month": "2003-03",
            "price": "15.56",
            "revenue": 243490
        },
        "2003-04": {
            "month": "2003-04",
            "price": "15.69",
            "revenue": 228550
        },
        "2003-05": {
            "month": "2003-05",
            "price": "15.42",
            "revenue": 166602
        },
        "2003-06": {
            "month": "2003-06",
            "price": "18.02",
            "revenue": 162496
        },
        "2003-07": {
            "month": "2003-07",
            "price": "20.16",
            "revenue": 210683
        },
        "2003-08": {
            "month": "2003-08",
            "price": "19.29",
            "revenue": 250671
        },
        "2003-09": {
            "month": "2003-09",
            "price": "16.42",
            "revenue": 272691
        },
        "2003-10": {
            "month": "2003-10",
            "price": "15.90",
            "revenue": 269700
        },
        "2003-11": {
            "month": "2003-11",
            "price": "16.61",
            "revenue": 275158
        },
        "2003-12": {
            "month": "2003-12",
            "price": "16.99",
            "revenue": 282355
        },
        "2004-01": {
            "month": "2004-01",
            "price": "17.15",
            "revenue": 208835
        },
        "2004-02": {
            "month": "2004-02",
            "price": "17.79",
            "revenue": 198438
        },
        "2004-03": {
            "month": "2004-03",
            "price": "17.97",
            "revenue": 264198
        },
        "2004-04": {
            "month": "2004-04",
            "price": "17.82",
            "revenue": 217619
        },
        "2004-05": {
            "month": "2004-05",
            "price": "17.14",
            "revenue": 184256
        },
        "2004-06": {
            "month": "2004-06",
            "price": "16.65",
            "revenue": 180946
        },
        "2004-07": {
            "month": "2004-07",
            "price": "16.54",
            "revenue": 216199
        },
        "2004-08": {
            "month": "2004-08",
            "price": "15.54",
            "revenue": 180173
        },
        "2004-09": {
            "month": "2004-09",
            "price": "14.79",
            "revenue": 198535
        },
        "2004-10": {
            "month": "2004-10",
            "price": "14.87",
            "revenue": 213462
        },
        "2004-11": {
            "month": "2004-11",
            "price": "15.32",
            "revenue": 177490
        },
        "2004-12": {
            "month": "2004-12",
            "price": "15.09",
            "revenue": 160694
        },
        "2005-01": {
            "month": "2005-01",
            "price": "15.52",
            "revenue": 270300
        },
        "2005-02": {
            "month": "2005-02",
            "price": "16.13",
            "revenue": 181705
        },
        "2005-03": {
            "month": "2005-03",
            "price": "16.63",
            "revenue": 195390
        },
        "2005-04": {
            "month": "2005-04",
            "price": "16.72",
            "revenue": 213296
        },
        "2005-05": {
            "month": "2005-05",
            "price": "18.24",
            "revenue": 165040
        },
        "2005-06": {
            "month": "2005-06",
            "price": "18.89",
            "revenue": 172548
        },
        "2005-07": {
            "month": "2005-07",
            "price": "26.89",
            "revenue": 189418
        },
        "2005-08": {
            "month": "2005-08",
            "price": "29.39",
            "revenue": 222643
        },
        "2005-09": {
            "month": "2005-09",
            "price": "30.37",
            "revenue": 238780
        },
        "2005-10": {
            "month": "2005-10",
            "price": "33.49",
            "revenue": 275434
        },
        "2005-11": {
            "month": "2005-11",
            "price": "35.11",
            "revenue": 262221
        },
        "2005-12": {
            "month": "2005-12",
            "price": "37.86",
            "revenue": 247151
        },
        "2006-01": {
            "month": "2006-01",
            "price": "39.99",
            "revenue": 210552
        },
        "2006-02": {
            "month": "2006-02",
            "price": "37.71",
            "revenue": 195156
        },
        "2006-03": {
            "month": "2006-03",
            "price": "39.40",
            "revenue": 239070
        },
        "2006-04": {
            "month": "2006-04",
            "price": "42.80",
            "revenue": 218041
        },
        "2006-05": {
            "month": "2006-05",
            "price": "51.21",
            "revenue": 239512
        },
        "2006-06": {
            "month": "2006-06",
            "price": "51.53",
            "revenue": 198071
        },
        "2006-07": {
            "month": "2006-07",
            "price": "53.23",
            "revenue": 236281
        },
        "2006-08": {
            "month": "2006-08",
            "price": "56.97",
            "revenue": 275350
        },
        "2006-09": {
            "month": "2006-09",
            "price": "56.63",
            "revenue": 321194
        },
        "2006-10": {
            "month": "2006-10",
            "price": "58.44",
            "revenue": 208060
        },
        "2006-11": {
            "month": "2006-11",
            "price": "55.20",
            "revenue": 246016
        },
        "2006-12": {
            "month": "2006-12",
            "price": "55.70",
            "revenue": 237352
        },
        "2007-01": {
            "month": "2007-01",
            "price": "59.80",
            "revenue": 236030
        },
        "2007-02": {
            "month": "2007-02",
            "price": "72.37",
            "revenue": 171880
        },
        "2007-03": {
            "month": "2007-03",
            "price": "75.72",
            "revenue": 237233
        },
        "2007-04": {
            "month": "2007-04",
            "price": "82.94",
            "revenue": 235607
        },
        "2007-05": {
            "month": "2007-05",
            "price": "85.48",
            "revenue": 247950
        },
        "2007-06": {
            "month": "2007-06",
            "price": "98.62",
            "revenue": 243475
        },
        "2007-07": {
            "month": "2007-07",
            "price": "114.81",
            "revenue": 165222
        },
        "2007-08": {
            "month": "2007-08",
            "price": "97.39",
            "revenue": 241356
        },
        "2007-09": {
            "month": "2007-09",
            "price": "96.24",
            "revenue": 237400
        },
        "2007-10": {
            "month": "2007-10",
            "price": "98.65",
            "revenue": 215188
        },
        "2007-11": {
            "month": "2007-11",
            "price": "92.08",
            "revenue": 233348
        },
        "2007-12": {
            "month": "2007-12",
            "price": "78.36",
            "revenue": 283267
        },
        "2008-01": {
            "month": "2008-01",
            "price": "71.76",
            "revenue": 333603
        },
        "2008-02": {
            "month": "2008-02",
            "price": "68.86",
            "revenue": 268986
        },
        "2008-03": {
            "month": "2008-03",
            "price": "74.38",
            "revenue": 317672
        },
        "2008-04": {
            "month": "2008-04",
            "price": "82.60",
            "revenue": 344985
        },
        "2008-05": {
            "month": "2008-05",
            "price": "77.68",
            "revenue": 337066
        },
        "2008-06": {
            "month": "2008-06",
            "price": "70.36",
            "revenue": 255355
        },
        "2008-07": {
            "month": "2008-07",
            "price": "61.49",
            "revenue": 340470
        },
        "2008-08": {
            "month": "2008-08",
            "price": "66.40",
            "revenue": 359988
        },
        "2008-09": {
            "month": "2008-09",
            "price": "58.38",
            "revenue": 320340
        },
        "2008-10": {
            "month": "2008-10",
            "price": "40.88",
            "revenue": 351108
        },
        "2008-11": {
            "month": "2008-11",
            "price": "32.56",
            "revenue": 266350
        },
        "2008-12": {
            "month": "2008-12",
            "price": "34.63",
            "revenue": 224886
        },
        "2009-01": {
            "month": "2009-01",
            "price": "37.94",
            "revenue": 136852
        },
        "2009-02": {
            "month": "2009-02",
            "price": "34.61",
            "revenue": 113340
        },
        "2009-03": {
            "month": "2009-03",
            "price": "35.40",
            "revenue": 159619
        },
        "2009-04": {
            "month": "2009-04",
            "price": "40.99",
            "revenue": 164973
        },
        "2009-05": {
            "month": "2009-05",
            "price": "41.23",
            "revenue": 153091
        },
        "2009-06": {
            "month": "2009-06",
            "price": "40.79",
            "revenue": 183633
        },
        "2009-07": {
            "month": "2009-07",
            "price": "44.40",
            "revenue": 179084
        },
        "2009-08": {
            "month": "2009-08",
            "price": "43.47",
            "revenue": 102576
        },
        "2009-09": {
            "month": "2009-09",
            "price": "41.24",
            "revenue": 107546
        },
        "2009-10": {
            "month": "2009-10",
            "price": "39.85",
            "revenue": 163747
        },
        "2009-11": {
            "month": "2009-11",
            "price": "39.80",
            "revenue": 209424
        },
        "2009-12": {
            "month": "2009-12",
            "price": "41.60",
            "revenue": 164262
        },
        "2010-01": {
            "month": "2010-01",
            "price": "41.27",
            "revenue": 144765
        },
        "2010-02": {
            "month": "2010-02",
            "price": "37.15",
            "revenue": 92288
        },
        "2010-03": {
            "month": "2010-03",
            "price": "37.77",
            "revenue": 126056
        },
        "2010-04": {
            "month": "2010-04",
            "price": "38.65",
            "revenue": 98989
        },
        "2010-05": {
            "month": "2010-05",
            "price": "33.87",
            "revenue": 123685
        },
        "2010-06": {
            "month": "2010-06",
            "price": "32.70",
            "revenue": 143950
        },
        "2010-07": {
            "month": "2010-07",
            "price": "34.21",
            "revenue": 152498
        },
        "2010-08": {
            "month": "2010-08",
            "price": "33.88",
            "revenue": 138034
        },
        "2010-09": {
            "month": "2010-09",
            "price": "31.81",
            "revenue": 121846
        },
        "2010-10": {
            "month": "2010-10",
            "price": "30.52",
            "revenue": 122271
        },
        "2010-11": {
            "month": "2010-11",
            "price": "28.38",
            "revenue": 106065
        },
        "2010-12": {
            "month": "2010-12",
            "price": "28.09",
            "revenue": 130567
        },
        "2011-01": {
            "month": "2011-01",
            "price": "28.72",
            "revenue": 138045
        },
        "2011-02": {
            "month": "2011-02",
            "price": "27.42",
            "revenue": 101211
        },
        "2011-03": {
            "month": "2011-03",
            "price": "26.97",
            "revenue": 156512
        },
        "2011-04": {
            "month": "2011-04",
            "price": "29.16",
            "revenue": 122665
        },
        "2011-05": {
            "month": "2011-05",
            "price": "29.27",
            "revenue": 107852
        },
        "2011-06": {
            "month": "2011-06",
            "price": "27.15",
            "revenue": 104376
        },
        "2011-07": {
            "month": "2011-07",
            "price": "25.83",
            "revenue": 146607
        },
        "2011-08": {
            "month": "2011-08",
            "price": "23.46",
            "revenue": 140881
        },
        "2011-09": {
            "month": "2011-09",
            "price": "24.67",
            "revenue": 129465
        },
        "2011-10": {
            "month": "2011-10",
            "price": "24.23",
            "revenue": 135287
        },
        "2011-11": {
            "month": "2011-11",
            "price": "22.69",
            "revenue": 115687
        },
        "2011-12": {
            "month": "2011-12",
            "price": "20.57",
            "revenue": 123080
        },
        "2012-01": {
            "month": "2012-01",
            "price": "21.09",
            "revenue": 112642
        },
        "2012-02": {
            "month": "2012-02",
            "price": "23.51",
            "revenue": 115466
        },
        "2012-03": {
            "month": "2012-03",
            "price": "23.68",
            "revenue": 145285
        },
        "2012-04": {
            "month": "2012-04",
            "price": "22.63",
            "revenue": 133265
        },
        "2012-05": {
            "month": "2012-05",
            "price": "22.34",
            "revenue": 150648
        },
        "2012-06": {
            "month": "2012-06",
            "price": "21.89",
            "revenue": 117308
        },
        "2012-07": {
            "month": "2012-07",
            "price": "23.00",
            "revenue": 142991
        },
        "2012-08": {
            "month": "2012-08",
            "price": "22.69",
            "revenue": 172481
        },
        "2012-09": {
            "month": "2012-09",
            "price": "23.85",
            "revenue": 169293
        },
        "2012-10": {
            "month": "2012-10",
            "price": "22.82",
            "revenue": 143778
        },
        "2012-11": {
            "month": "2012-11",
            "price": "22.20",
            "revenue": 163998
        },
        "2012-12": {
            "month": "2012-12",
            "price": "23.16",
            "revenue": 111482
        },
        "2013-01": {
            "month": "2013-01",
            "price": "26.71",
            "revenue": 126659
        },
        "2013-02": {
            "month": "2013-02",
            "price": "26.56",
            "revenue": 136325
        },
        "2013-03": {
            "month": "2013-03",
            "price": "26.64",
            "revenue": 216449
        },
        "2013-04": {
            "month": "2013-04",
            "price": "28.10",
            "revenue": 199190
        },
        "2013-05": {
            "month": "2013-05",
            "price": "29.23",
            "revenue": 258478
        },
        "2013-06": {
            "month": "2013-06",
            "price": "30.16",
            "revenue": 160564
        },
        "2013-07": {
            "month": "2013-07",
            "price": "29.60",
            "revenue": 263677
        },
        "2013-08": {
            "month": "2013-08",
            "price": "32.73",
            "revenue": 219816
        },
        "2013-09": {
            "month": "2013-09",
            "price": "34.30",
            "revenue": 192635
        },
        "2013-10": {
            "month": "2013-10",
            "price": "33.27",
            "revenue": 174955
        },
        "2013-11": {
            "month": "2013-11",
            "price": "32.54",
            "revenue": 168918
        },
        "2013-12": {
            "month": "2013-12",
            "price": "33.83",
            "revenue": 194062
        },
        "2014-01": {
            "month": "2014-01",
            "price": "36.39",
            "revenue": 177590
        },
        "2014-02": {
            "month": "2014-02",
            "price": "35.91",
            "revenue": 211012
        },
        "2014-03": {
            "month": "2014-03",
            "price": "41.08",
            "revenue": 263475
        },
        "2014-04": {
            "month": "2014-04",
            "price": "40.97",
            "revenue": 275409
        },
        "2014-05": {
            "month": "2014-05",
            "price": "37.98",
            "revenue": 203605
        },
        "2014-06": {
            "month": "2014-06",
            "price": "37.32",
            "revenue": 174507
        },
        "2014-07": {
            "month": "2014-07",
            "price": "36.27",
            "revenue": 195291
        },
        "2014-08": {
            "month": "2014-08",
            "price": "34.50",
            "revenue": 231881
        },
        "2014-09": {
            "month": "2014-09",
            "price": "36.84",
            "revenue": 218471
        },
        "2014-10": {
            "month": "2014-10",
            "price": "35.18",
            "revenue": 249929
        },
        "2014-11": {
            "month": "2014-11",
            "price": "35.13",
            "revenue": 191963
        },
        "2014-12": {
            "month": "2014-12",
            "price": "35.45",
            "revenue": 233938
        },
        "2015-01": {
            "month": "2015-01",
            "price": "36.23",
            "revenue": 240257
        },
        "2015-02": {
            "month": "2015-02",
            "price": "36.77",
            "revenue": 195713
        },
        "2015-03": {
            "month": "2015-03",
            "price": "39.21",
            "revenue": 267846
        },
        "2015-04": {
            "month": "2015-04",
            "price": "44.08",
            "revenue": 286181
        },
        "2015-05": {
            "month": "2015-05",
            "price": "45.68",
            "revenue": 281734
        },
        "2015-06": {
            "month": "2015-06",
            "price": "48.36",
            "revenue": 302212
        },
        "2015-07": {
            "month": "2015-07",
            "price": "43.52",
            "revenue": 284063
        },
        "2015-08": {
            "month": "2015-08",
            "price": "37.07",
            "revenue": 234491
        },
        "2015-09": {
            "month": "2015-09",
            "price": "33.56",
            "revenue": 255956
        },
        "2015-10": {
            "month": "2015-10",
            "price": "36.63",
            "revenue": 265594
        },
        "2015-11": {
            "month": "2015-11",
            "price": "38.79",
            "revenue": 252090
        },
        "2015-12": {
            "month": "2015-12",
            "price": "41.61",
            "revenue": 242502
        },
        "2016-01": {
            "month": "2016-01",
            "price": "43.04",
            "revenue": 324782
        },
        "2016-02": {
            "month": "2016-02",
            "price": "46.25",
            "revenue": 256084
        },
        "2016-03": {
            "month": "2016-03",
            "price": "51.13",
            "revenue": 383186
        },
        "2016-04": {
            "month": "2016-04",
            "price": "54.06",
            "revenue": 359106
        },
        "2016-05": {
            "month": "2016-05",
            "price": "58.94",
            "revenue": 338538
        },
        "2016-06": {
            "month": "2016-06",
            "price": "52.69",
            "revenue": 320298
        },
        "2016-07": {
            "month": "2016-07",
            "price": "50.33",
            "revenue": 343571
        },
        "2016-08": {
            "month": "2016-08",
            "price": "51.66",
            "revenue": 301998
        },
        "2016-09": {
            "month": "2016-09",
            "price": "55.65",
            "revenue": 295378
        },
        "2016-10": {
            "month": "2016-10",
            "price": "50.06",
            "revenue": 290989
        },
        "2016-11": {
            "month": "2016-11",
            "price": "49.11",
            "revenue": 294832
        },
        "2016-12": {
            "month": "2016-12",
            "price": "49.44",
            "revenue": 314956
        },
        "2017-01": {
            "month": "2017-01",
            "price": "51.61",
            "revenue": 302903
        },
        "2017-02": {
            "month": "2017-02",
            "price": "51.96",
            "revenue": 264153
        },
        "2017-03": {
            "month": "2017-03",
            "price": "53.27",
            "revenue": 353001
        },
        "2017-04": {
            "month": "2017-04",
            "price": "55.29",
            "revenue": 278326
        },
        "2017-05": {
            "month": "2017-05",
            "price": "51.52",
            "revenue": 340348
        },
        "2017-06": {
            "month": "2017-06",
            "price": "51.72",
            "revenue": 375586
        },
        "2017-07": {
            "month": "2017-07",
            "price": "50.35",
            "revenue": 303780
        },
        "2017-08": {
            "month": "2017-08",
            "price": "52.17",
            "revenue": 314796
        },
        "2017-09": {
            "month": "2017-09",
            "price": "63.06",
            "revenue": 371446
        },
        "2017-10": {
            "month": "2017-10",
            "price": "64.34",
            "revenue": 301502
        },
        "2017-11": {
            "month": "2017-11",
            "price": "62.41",
            "revenue": 301690
        },
        "2017-12": {
            "month": "2017-12",
            "price": "58.98",
            "revenue": 209523
        },
        "2018-01": {
            "month": "2018-01",
            "price": "59.09",
            "revenue": 404166
        },
        "2018-02": {
            "month": "2018-02",
            "price": "59.16",
            "revenue": 335416
        },
        "2018-03": {
            "month": "2018-03",
            "price": "63.85",
            "revenue": 418459
        },
        "2018-04": {
            "month": "2018-04",
            "price": "66.19",
            "revenue": 366225
        },
        "2018-05": {
            "month": "2018-05",
            "price": "69.70",
            "revenue": 544958
        },
        "2018-06": {
            "month": "2018-06",
            "price": "76.21",
            "revenue": 517071
        },
        "2018-07": {
            "month": "2018-07",
            "price": "76.33",
            "revenue": 434139
        },
        "2018-08": {
            "month": "2018-08",
            "price": "72.08",
            "revenue": 505553
        },
        "2018-09": {
            "month": "2018-09",
            "price": "70.23",
            "revenue": 438602
        },
        "2018-10": {
            "month": "2018-10",
            "price": "61.58",
            "revenue": 397974
        },
        "2018-11": {
            "month": "2018-11",
            "price": "61.01",
            "revenue": 454361
        },
        "2018-12": {
            "month": "2018-12",
            "price": "64.72",
            "revenue": 394198
        },
        "2019-01": {
            "month": "2019-01",
            "price": "63.47",
            "revenue": 565588
        },
        "2019-02": {
            "month": "2019-02",
            "price": "68.12",
            "revenue": 355333
        },
        "2019-03": {
            "month": "2019-03",
            "price": "72.64",
            "revenue": 522990
        },
        "2019-04": {
            "month": "2019-04",
            "price": "78.90",
            "revenue": 574033
        },
        "2019-05": {
            "month": "2019-05",
            "price": "83.95",
            "revenue": 549134
        },
        "2019-06": {
            "month": "2019-06",
            "price": "86.23",
            "revenue": 623692
        },
        "2019-07": {
            "month": "2019-07",
            "price": "83.74",
            "revenue": 546589
        },
        "2019-08": {
            "month": "2019-08",
            "price": "85.03",
            "revenue": 534397
        },
        "2019-09": {
            "month": "2019-09",
            "price": "83.55",
            "revenue": 518350
        },
        "2019-10": {
            "month": "2019-10",
            "price": "81.48",
            "revenue": 723162
        },
        "2019-11": {
            "month": "2019-11",
            "price": "82.63",
            "revenue": 838408
        },
        "2019-12": {
            "month": "2019-12",
            "price": "83.30",
            "revenue": 680108
        },
        "2020-01": {
            "month": "2020-01",
            "price": "82.85",
            "revenue": 745070
        },
        "2020-02": {
            "month": "2020-02",
            "price": "80.52",
            "revenue": 580435
        },
        "2020-03": {
            "month": "2020-03",
            "price": "68.07",
            "revenue": 850816
        },
        "2020-04": {
            "month": "2020-04",
            "price": "70.62",
            "revenue": 686427
        },
        "2020-05": {
            "month": "2020-05",
            "price": "75.36",
            "revenue": 655366
        },
        "2020-06": {
            "month": "2020-06",
            "price": "76.59",
            "revenue": 698656
        },
        "2020-07": {
            "month": "2020-07",
            "price": "79.37",
            "revenue": 639368
        },
        "2020-08": {
            "month": "2020-08",
            "price": "70.14",
            "revenue": 633111
        },
        "2020-09": {
            "month": "2020-09",
            "price": "67.16",
            "revenue": 767803
        },
        "2020-10": {
            "month": "2020-10",
            "price": "67.52",
            "revenue": 666952
        },
        "2020-11": {
            "month": "2020-11",
            "price": "66.21",
            "revenue": 685711
        },
        "2020-12": {
            "month": "2020-12",
            "price": "66.82",
            "revenue": 739807
        },
        "2021-01": {
            "month": "2021-01",
            "price": "65.75",
            "revenue": 744404
        },
        "2021-02": {
            "month": "2021-02",
            "price": "64.94",
            "revenue": 521610
        },
        "2021-03": {
            "month": "2021-03",
            "price": "66.31",
            "revenue": 742104
        },
        "2021-04": {
            "month": "2021-04",
            "price": "67.12",
            "revenue": 692175
        },
        "2021-05": {
            "month": "2021-05",
            "price": "62.50",
            "revenue": 1149746
        },
        "2021-06": {
            "month": "2021-06",
            "price": "64.66",
            "revenue": 1429246
        },
        "2021-07": {
            "month": "2021-07",
            "price": "66.34",
            "revenue": 1220285
        },
        "2021-08": {
            "month": "2021-08",
            "price": "60.61",
            "revenue": 1202274
        },
        "2021-09": {
            "month": "2021-09",
            "price": "57.40",
            "revenue": 1317012
        },
        "2021-10": {
            "month": "2021-10",
            "price": "55.00",
            "revenue": 1260860
        },
        "2021-11": {
            "month": "2021-11",
            "price": "57.32",
            "revenue": 1440717
        },
        "2021-12": {
            "month": "2021-12",
            "price": "59.80",
            "revenue": 1490842
        },
        "2022-01": {
            "month": "2022-01",
            "price": "61.14",
            "revenue": 1260538
        },
        "2022-02": {
            "month": "2022-02",
            "price": "61.46",
            "revenue": 1141788
        },
        "2022-03": {
            "month": "2022-03",
            "price": "61.06",
            "revenue": 1468502
        },
        "2022-04": {
            "month": "2022-04",
            "price": "61.42",
            "revenue": 1362243
        },
        "2022-05": {
            "month": "2022-05",
            "price": "60.49",
            "revenue": 1117574
        },
        "2022-06": {
            "month": "2022-06",
            "price": "60.10",
            "revenue": 1372347
        },
        "2022-07": {
            "month": "2022-07",
            "price": "58.82",
            "revenue": 1454871
        },
        "2022-08": {
            "month": "2022-08",
            "price": "58.01",
            "revenue": 1294073
        },
        "2022-09": {
            "month": "2022-09",
            "price": "56.93",
            "revenue": 1344106
        },
        "2022-10": {
            "month": "2022-10",
            "price": "57.16",
            "revenue": 1416671
        },
        "2022-11": {
            "month": "2022-11",
            "price": "58.29",
            "revenue": 1424105
        },
        "2022-12": {
            "month": "2022-12",
            "price": "58.74",
            "revenue": 1499864
        },
        "2023-01": {
            "month": "2023-01",
            "price": "60.76",
            "revenue": 1210756
        },
        "2023-02": {
            "month": "2023-02",
            "price": "62.41",
            "revenue": 1148717
        },
        "2023-03": {
            "month": "2023-03",
            "price": "68.14",
            "revenue": 1460568
        },
        "2023-04": {
            "month": "2023-04",
            "price": "68.52",
            "revenue": 1185466
        },
        "2023-05": {
            "month": "2023-05",
            "price": "70.18",
            "revenue": 1206039
        },
        "2023-06": {
            "month": "2023-06",
            "price": "79.04",
            "revenue": 1369647
        },
        "2023-07": {
            "month": "2023-07",
            "price": "79.46",
            "revenue": 1189723
        },
        "2023-08": {
            "month": "2023-08",
            "price": "68.92",
            "revenue": 1420393
        },
        "2023-09": {
            "month": "2023-09",
            "price": "68.90",
            "revenue": 1311308
        }
    }
}
