{
    "summary": {
        "stock_name": "映泰",
        "stock_id": "2399",
        "category": "電腦及週邊設備",
        "main_business": "電腦主機板<br>工業電腦<br>電腦VGA 卡",
        "website_url": "http://www.biostar.com.tw",
        "ceo": "王明正",
        "pe_ratio": -184,
        "report_year_from": 2001,
        "report_year_to": 2023,
        "age": 23,
        "eps_negative_percentage": 26,
        "eps_growth_avg": {
            "last_all": -1.89,
            "last_2y": 20.19,
            "last_4y": 40.14,
            "last_8y": 12.11,
            "last_12y": -7.22,
            "last_16y": -0.89,
            "last_20y": -1.89,
            "at_2006_last_3y": -6.22,
            "at_2007_last_3y": -15.16,
            "at_2008_last_3y": -1.01,
            "at_2009_last_3y": 24.24,
            "at_2010_last_3y": 13.35,
            "at_2011_last_3y": 5.49,
            "at_2012_last_3y": 2.76,
            "at_2013_last_3y": -14.83,
            "at_2014_last_3y": -31.39,
            "at_2015_last_3y": -46.26,
            "at_2016_last_3y": -35.19,
            "at_2017_last_3y": -100,
            "at_2018_last_3y": -100,
            "at_2019_last_3y": -100,
            "at_2020_last_3y": 0,
            "at_2021_last_3y": 33.33,
            "at_2022_last_3y": 34.48,
            "at_2023_last_3y": 40.14,
            "at_2024_last_3y": 40.14,
            "at_2006_last_all": -6.22,
            "at_2007_last_all": 6.51,
            "at_2008_last_all": -6.3,
            "at_2009_last_all": 11.42,
            "at_2010_last_all": 4.96,
            "at_2011_last_all": 6,
            "at_2012_last_all": -2.27,
            "at_2013_last_all": 0.92,
            "at_2014_last_all": -8.26,
            "at_2015_last_all": -8.26,
            "at_2016_last_all": -8.26,
            "at_2017_last_all": -8.26,
            "at_2018_last_all": -15.9,
            "at_2019_last_all": -15.9,
            "at_2020_last_all": -6.99,
            "at_2021_last_all": 0.66,
            "at_2022_last_all": -5.83,
            "at_2023_last_all": -1.89,
            "at_2024_last_all": -1.89
        },
        "latest_eps": -0.13,
        "latest_price": 23.9,
        "latest_roe": -1.05,
        "latest_gross_margin": 6.2,
        "latest_equity": 2268861,
        "latest_revenue": 549824,
        "latest_gross_profit": 34099,
        "latest_net_income": -25800,
        "latest_debt_ratio": 19.99,
        "latest_current_ratio": 432.91,
        "latest_account_receivable_turnover_ratio": 2.65,
        "latest_inventory_turnover_ratio": 0.61,
        "latest_reinvestment_rate": -18.98,
        "latest_research_to_sale_ratio": 3.26
    },
    "eps_dividends": {
        "1997": {
            "cash": 0,
            "stock": 5,
            "eps": 0
        },
        "1998": {
            "cash": 0,
            "stock": 4,
            "eps": 0
        },
        "1999": {
            "cash": 1,
            "stock": 1.6,
            "eps": 0
        },
        "2000": {
            "cash": 0,
            "stock": 2,
            "eps": 0
        },
        "2001": {
            "cash": 0,
            "stock": 0,
            "eps": -3.17
        },
        "2002": {
            "cash": 0,
            "stock": 0,
            "eps": 1.58
        },
        "2003": {
            "cash": 0,
            "stock": 1.2,
            "eps": 2.71
        },
        "2004": {
            "cash": 1,
            "stock": 1,
            "eps": -1.35
        },
        "2005": {
            "cash": 0,
            "stock": 0,
            "eps": 1.63
        },
        "2006": {
            "cash": 0,
            "stock": 0.4,
            "eps": 1.79
        },
        "2007": {
            "cash": 0.8,
            "stock": 0.2,
            "eps": 2.59
        },
        "2008": {
            "cash": 1,
            "stock": 0.4,
            "eps": 1.1
        },
        "2009": {
            "cash": 0,
            "stock": 0,
            "eps": 2.28
        },
        "2010": {
            "cash": 1.7,
            "stock": 0,
            "eps": 1.51
        },
        "2011": {
            "cash": 2.77,
            "stock": 0,
            "eps": 1.71
        },
        "2012": {
            "cash": 0,
            "stock": 0,
            "eps": 0.54
        },
        "2013": {
            "cash": 0.5,
            "stock": 0,
            "eps": 0.7
        },
        "2014": {
            "cash": 0.6,
            "stock": 0,
            "eps": -0.37
        },
        "2015": {
            "cash": 0,
            "stock": 0,
            "eps": -0.59
        },
        "2016": {
            "cash": 0,
            "stock": 0,
            "eps": -0.19
        },
        "2017": {
            "cash": 0,
            "stock": 0,
            "eps": 0.56
        },
        "2018": {
            "cash": 0.8,
            "stock": 0,
            "eps": -1.36
        },
        "2019": {
            "cash": 0,
            "stock": 0,
            "eps": 0.04
        },
        "2020": {
            "cash": 0,
            "stock": 0,
            "eps": 0.81
        },
        "2021": {
            "cash": 0.4,
            "stock": 0,
            "eps": 2.04
        },
        "2022": {
            "cash": 1.2,
            "stock": 0,
            "eps": 0.07
        },
        "2023": {
            "cash": 0,
            "stock": 0,
            "eps": 0.11
        }
    },
    "dividends": {
        "1997-04-23": {
            "cash": 0,
            "stock": 5
        },
        "1998-04-13": {
            "cash": 0,
            "stock": 4
        },
        "1999-06-30": {
            "cash": 1,
            "stock": 1.6
        },
        "2000-06-21": {
            "cash": 0,
            "stock": 2
        },
        "2003-04-07": {
            "cash": 0,
            "stock": 1.2
        },
        "2004-04-12": {
            "cash": 1,
            "stock": 1
        },
        "2006-05-08": {
            "cash": 0,
            "stock": 0.4
        },
        "2007-03-26": {
            "cash": 0.8,
            "stock": 0.2
        },
        "2008-03-25": {
            "cash": 1,
            "stock": 0.4
        },
        "2010-03-26": {
            "cash": 1.7,
            "stock": 0
        },
        "2011-01-01": {
            "cash": 1.5,
            "stock": 0
        },
        "2011-03-22": {
            "cash": 1.27,
            "stock": 0
        },
        "2013-03-28": {
            "cash": 0.5,
            "stock": 0
        },
        "2014-09-30": {
            "cash": 0.6,
            "stock": 0
        },
        "2018-09-21": {
            "cash": 0.8,
            "stock": 0
        },
        "2021-09-17": {
            "cash": 0.4,
            "stock": 0
        },
        "2022-09-15": {
            "cash": 1.2,
            "stock": 0
        }
    },
    "prices": {
        "200101": "9.67",
        "200102": "18.37",
        "200103": "23.07",
        "200104": "22.52",
        "200105": "20.30",
        "200106": "18.92",
        "200107": "13.01",
        "200108": "15.13",
        "200109": "11.61",
        "200110": "10.08",
        "200111": "13.04",
        "200112": "21.75",
        "200201": "30.70",
        "200202": "27.88",
        "200203": "27.36",
        "200204": "30.18",
        "200205": "26.13",
        "200206": "26.92",
        "200207": "26.46",
        "200208": "24.83",
        "200209": "20.84",
        "200210": "17.36",
        "200211": "18.69",
        "200212": "16.80",
        "200301": "16.85",
        "200302": "15.72",
        "200303": "15.04",
        "200304": "17.55",
        "200305": "25.59",
        "200306": "29.97",
        "200307": "35.95",
        "200308": "35.40",
        "200309": "29.66",
        "200310": "30.45",
        "200311": "30.48",
        "200312": "28.66",
        "200401": "28.77",
        "200402": "28.81",
        "200403": "27.00",
        "200404": "24.65",
        "200405": "18.36",
        "200406": "17.74",
        "200407": "14.97",
        "200408": "13.67",
        "200409": "11.44",
        "200410": "10.91",
        "200411": "10.82",
        "200412": "10.60",
        "200501": "9.70",
        "200502": "9.94",
        "200503": "9.67",
        "200504": "7.40",
        "200505": "7.87",
        "200506": "9.39",
        "200507": "11.23",
        "200508": "9.13",
        "200509": "8.56",
        "200510": "8.64",
        "200511": "9.71",
        "200512": "13.71",
        "200601": "14.01",
        "200602": "13.40",
        "200603": "13.27",
        "200604": "13.92",
        "200605": "17.70",
        "200606": "14.40",
        "200607": "15.32",
        "200608": "14.72",
        "200609": "13.45",
        "200610": "14.16",
        "200611": "15.60",
        "200612": "16.47",
        "200701": "16.70",
        "200702": "18.28",
        "200703": "22.59",
        "200704": "25.24",
        "200705": "24.04",
        "200706": "27.34",
        "200707": "34.18",
        "200708": "32.95",
        "200709": "32.95",
        "200710": "28.40",
        "200711": "22.85",
        "200712": "21.11",
        "200801": "17.92",
        "200802": "15.62",
        "200803": "17.47",
        "200804": "18.57",
        "200805": "18.23",
        "200806": "15.78",
        "200807": "12.80",
        "200808": "13.54",
        "200809": "10.04",
        "200810": "9.62",
        "200811": "8.77",
        "200812": "7.23",
        "200901": "7.31",
        "200902": "7.59",
        "200903": "9.81",
        "200904": "11.79",
        "200905": "19.09",
        "200906": "19.18",
        "200907": "22.46",
        "200908": "25.75",
        "200909": "24.37",
        "200910": "25.43",
        "200911": "23.88",
        "200912": "24.00",
        "201001": "23.87",
        "201002": "20.92",
        "201003": "22.52",
        "201004": "22.78",
        "201005": "21.31",
        "201006": "21.16",
        "201007": "21.81",
        "201008": "19.60",
        "201009": "18.85",
        "201010": "18.67",
        "201011": "17.55",
        "201012": "17.87",
        "201101": "17.36",
        "201102": "16.60",
        "201103": "16.12",
        "201104": "16.22",
        "201105": "17.11",
        "201106": "16.97",
        "201107": "17.32",
        "201108": "15.39",
        "201109": "14.39",
        "201110": "14.39",
        "201111": "15.50",
        "201112": "14.70",
        "201201": "14.50",
        "201202": "15.87",
        "201203": "16.51",
        "201204": "15.82",
        "201205": "14.99",
        "201206": "14.76",
        "201207": "15.04",
        "201208": "13.38",
        "201209": "12.65",
        "201210": "11.75",
        "201211": "9.84",
        "201212": "11.00",
        "201301": "11.03",
        "201302": "10.87",
        "201303": "11.03",
        "201304": "11.06",
        "201305": "11.46",
        "201306": "11.36",
        "201307": "11.27",
        "201308": "11.38",
        "201309": "10.68",
        "201310": "10.67",
        "201311": "11.52",
        "201312": "12.96",
        "201401": "13.15",
        "201402": "14.32",
        "201403": "12.90",
        "201404": "12.64",
        "201405": "12.98",
        "201406": "13.20",
        "201407": "13.47",
        "201408": "13.13",
        "201409": "11.95",
        "201410": "11.08",
        "201411": "10.78",
        "201412": "11.19",
        "201501": "11.62",
        "201502": "11.22",
        "201503": "10.90",
        "201504": "9.80",
        "201505": "8.84",
        "201506": "8.38",
        "201507": "7.81",
        "201508": "6.43",
        "201509": "7.15",
        "201510": "7.15",
        "201511": "7.20",
        "201512": "7.10",
        "201601": "6.92",
        "201602": "7.90",
        "201603": "7.70",
        "201604": "7.34",
        "201605": "7.18",
        "201606": "7.44",
        "201607": "8.19",
        "201608": "9.26",
        "201609": "9.44",
        "201610": "9.17",
        "201611": "8.45",
        "201612": "8.30",
        "201701": "8.50",
        "201702": "8.96",
        "201703": "9.22",
        "201704": "10.44",
        "201705": "11.12",
        "201706": "13.16",
        "201707": "16.67",
        "201708": "16.70",
        "201709": "14.59",
        "201710": "13.95",
        "201711": "13.32",
        "201712": "14.17",
        "201801": "15.55",
        "201802": "16.80",
        "201803": "23.43",
        "201804": "22.02",
        "201805": "18.82",
        "201806": "16.51",
        "201807": "15.44",
        "201808": "14.45",
        "201809": "12.89",
        "201810": "10.50",
        "201811": "9.79",
        "201812": "9.87",
        "201901": "9.44",
        "201902": "10.13",
        "201903": "10.40",
        "201904": "10.42",
        "201905": "10.12",
        "201906": "10.93",
        "201907": "12.35",
        "201908": "11.66",
        "201909": "11.23",
        "201910": "10.91",
        "201911": "11.02",
        "201912": "11.73",
        "202001": "11.77",
        "202002": "10.65",
        "202003": "8.43",
        "202004": "8.84",
        "202005": "9.91",
        "202006": "9.85",
        "202007": "9.85",
        "202008": "10.36",
        "202009": "11.17",
        "202010": "13.13",
        "202011": "17.25",
        "202012": "17.39",
        "202101": "15.19",
        "202102": "17.23",
        "202103": "21.67",
        "202104": "33.71",
        "202105": "25.14",
        "202106": "27.67",
        "202107": "24.91",
        "202108": "23.47",
        "202109": "20.82",
        "202110": "19.78",
        "202111": "22.65",
        "202112": "24.05",
        "202201": "22.55",
        "202202": "22.10",
        "202203": "21.95",
        "202204": "20.36",
        "202205": "17.87",
        "202206": "16.59",
        "202207": "15.08",
        "202208": "15.12",
        "202209": "13.71",
        "202210": "12.26",
        "202211": "13.80",
        "202212": "13.74",
        "202301": "13.83",
        "202302": "14.79",
        "202303": "16.16",
        "202304": "15.69",
        "202305": "17.00",
        "202306": "22.22",
        "202307": "26.24",
        "202308": "23.40",
        "202309": "23.70",
        "202310": "23.80",
        "202311": "23.99",
        "202312": "24.35"
    },
    "quarters": {
        "20011": {
            "year_quarter": 20011,
            "year": 2001,
            "quarter": 1,
            "eps": -0.58,
            "eps_growth_year": -390,
            "eps_4q": -3.33,
            "eps_4q_growth_year": -242.8,
            "roe": -3.94,
            "roe_4q": -3.94,
            "gross_profit": 20876,
            "gross_margin": 1.99,
            "gross_margin_4q_avg": 1.99,
            "net_income": -49766,
            "net_income_4q": null,
            "revenue": 1046579,
            "revenue_4q": null,
            "common_shares": 860000,
            "book_valuer_per_share": 14.4,
            "book_valuer_per_share_4q_avg": 14.4,
            "equity": 1238046,
            "current_ratio": 143.03,
            "debt_ratio": 53.16,
            "inventory_turnover_ratio": 2.06,
            "account_receivable_turnover_ratio": null,
            "reinvestment_rate": null,
            "research_to_sale_ratio": null,
            "price_fair": 0,
            "eps_avg_yearly": 0,
            "eps_latest_yearly": 0,
            "eps_growth_yearly": 0
        },
        "20012": {
            "year_quarter": 20012,
            "year": 2001,
            "quarter": 2,
            "eps": -0.42,
            "eps_growth_year": null,
            "eps_4q": -3.12,
            "eps_4q_growth_year": -301.37,
            "roe": -2.94,
            "roe_4q": -6.88,
            "gross_profit": 11875,
            "gross_margin": 1.75,
            "gross_margin_4q_avg": 1.87,
            "net_income": -35957,
            "net_income_4q": null,
            "revenue": 678782,
            "revenue_4q": null,
            "common_shares": 860000,
            "book_valuer_per_share": 14.05,
            "book_valuer_per_share_4q_avg": 14.23,
            "equity": 1208041,
            "current_ratio": 150.47,
            "debt_ratio": 48.64,
            "inventory_turnover_ratio": 1.3,
            "account_receivable_turnover_ratio": null,
            "reinvestment_rate": null,
            "research_to_sale_ratio": null,
            "price_fair": 0,
            "eps_avg_yearly": 0,
            "eps_latest_yearly": 0,
            "eps_growth_yearly": 0
        },
        "20013": {
            "year_quarter": 20013,
            "year": 2001,
            "quarter": 3,
            "eps": -2.45,
            "eps_growth_year": null,
            "eps_4q": -4.52,
            "eps_4q_growth_year": null,
            "roe": -19.12,
            "roe_4q": -26.000000000000004,
            "gross_profit": 23830,
            "gross_margin": 2.5,
            "gross_margin_4q_avg": 2.08,
            "net_income": -210872,
            "net_income_4q": null,
            "revenue": 952017,
            "revenue_4q": null,
            "common_shares": 860000,
            "book_valuer_per_share": 11.6,
            "book_valuer_per_share_4q_avg": 13.35,
            "equity": 997421,
            "current_ratio": 131.58,
            "debt_ratio": 58.8,
            "inventory_turnover_ratio": 2.22,
            "account_receivable_turnover_ratio": null,
            "reinvestment_rate": null,
            "research_to_sale_ratio": null,
            "price_fair": 0,
            "eps_avg_yearly": 0,
            "eps_latest_yearly": 0,
            "eps_growth_yearly": 0
        },
        "20014": {
            "year_quarter": 20014,
            "year": 2001,
            "quarter": 4,
            "eps": 0.28,
            "eps_growth_year": null,
            "eps_4q": -3.19,
            "eps_4q_growth_year": null,
            "roe": 2.37,
            "roe_4q": -23.630000000000003,
            "gross_profit": 63148,
            "gross_margin": 5.15,
            "gross_margin_4q_avg": 2.85,
            "net_income": 23955,
            "net_income_4q": null,
            "revenue": 1226036,
            "revenue_4q": null,
            "common_shares": 860000,
            "book_valuer_per_share": 11.89,
            "book_valuer_per_share_4q_avg": 12.99,
            "equity": 1022438,
            "current_ratio": 129.46,
            "debt_ratio": 56.49,
            "inventory_turnover_ratio": 3.01,
            "account_receivable_turnover_ratio": null,
            "reinvestment_rate": null,
            "research_to_sale_ratio": null,
            "price_fair": 0,
            "eps_avg_yearly": 0,
            "eps_latest_yearly": 0,
            "eps_growth_yearly": 0
        },
        "20021": {
            "year_quarter": 20021,
            "year": 2002,
            "quarter": 1,
            "eps": 0.91,
            "eps_growth_year": null,
            "eps_4q": -1.68,
            "eps_4q_growth_year": null,
            "roe": 7.36,
            "roe_4q": -12.33,
            "gross_profit": 142412,
            "gross_margin": 11.61,
            "gross_margin_4q_avg": 5.25,
            "net_income": 78170,
            "net_income_4q": null,
            "revenue": 1226806,
            "revenue_4q": null,
            "common_shares": 860000,
            "book_valuer_per_share": 12.8,
            "book_valuer_per_share_4q_avg": 12.59,
            "equity": 1100725,
            "current_ratio": 137.86,
            "debt_ratio": 58.43,
            "inventory_turnover_ratio": 2.36,
            "account_receivable_turnover_ratio": null,
            "reinvestment_rate": null,
            "research_to_sale_ratio": null,
            "price_fair": 127.4,
            "eps_avg_yearly": 3.64,
            "eps_latest_yearly": 3.64,
            "eps_growth_yearly": 900
        },
        "20022": {
            "year_quarter": 20022,
            "year": 2002,
            "quarter": 2,
            "eps": -0.16,
            "eps_growth_year": null,
            "eps_4q": -1.42,
            "eps_4q_growth_year": null,
            "roe": -1.23,
            "roe_4q": -10.620000000000001,
            "gross_profit": 82171,
            "gross_margin": 7.95,
            "gross_margin_4q_avg": 6.8,
            "net_income": -13388,
            "net_income_4q": null,
            "revenue": 1033075,
            "revenue_4q": null,
            "common_shares": 860000,
            "book_valuer_per_share": 12.6,
            "book_valuer_per_share_4q_avg": 12.22,
            "equity": 1083745,
            "current_ratio": 143.91,
            "debt_ratio": 54.1,
            "inventory_turnover_ratio": 2.02,
            "account_receivable_turnover_ratio": null,
            "reinvestment_rate": null,
            "research_to_sale_ratio": null,
            "price_fair": 127.4,
            "eps_avg_yearly": 3.64,
            "eps_latest_yearly": 3.64,
            "eps_growth_yearly": 900
        },
        "20023": {
            "year_quarter": 20023,
            "year": 2002,
            "quarter": 3,
            "eps": 0.28,
            "eps_growth_year": null,
            "eps_4q": 1.31,
            "eps_4q_growth_year": null,
            "roe": 2.2,
            "roe_4q": 10.7,
            "gross_profit": 102705,
            "gross_margin": 9.01,
            "gross_margin_4q_avg": 8.43,
            "net_income": 24143,
            "net_income_4q": null,
            "revenue": 1140074,
            "revenue_4q": null,
            "common_shares": 860000,
            "book_valuer_per_share": 12.92,
            "book_valuer_per_share_4q_avg": 12.55,
            "equity": 1110986,
            "current_ratio": 138.33,
            "debt_ratio": 57.17,
            "inventory_turnover_ratio": 2.41,
            "account_receivable_turnover_ratio": null,
            "reinvestment_rate": null,
            "research_to_sale_ratio": null,
            "price_fair": 127.4,
            "eps_avg_yearly": 3.64,
            "eps_latest_yearly": 3.64,
            "eps_growth_yearly": 900
        },
        "20024": {
            "year_quarter": 20024,
            "year": 2002,
            "quarter": 4,
            "eps": 0.55,
            "eps_growth_year": 96.43,
            "eps_4q": 1.59,
            "eps_4q_growth_year": null,
            "roe": 4.13,
            "roe_4q": 12.46,
            "gross_profit": 185096,
            "gross_margin": 12.37,
            "gross_margin_4q_avg": 10.24,
            "net_income": 46871,
            "net_income_4q": null,
            "revenue": 1496231,
            "revenue_4q": null,
            "common_shares": 860000,
            "book_valuer_per_share": 13.46,
            "book_valuer_per_share_4q_avg": 12.95,
            "equity": 1157457,
            "current_ratio": 136.22,
            "debt_ratio": 60.93,
            "inventory_turnover_ratio": 2.61,
            "account_receivable_turnover_ratio": null,
            "reinvestment_rate": null,
            "research_to_sale_ratio": null,
            "price_fair": 102.2,
            "eps_avg_yearly": 2.92,
            "eps_latest_yearly": 2.2,
            "eps_growth_yearly": 642.86
        },
        "20031": {
            "year_quarter": 20031,
            "year": 2003,
            "quarter": 1,
            "eps": 1.14,
            "eps_growth_year": 25.27,
            "eps_4q": 1.81,
            "eps_4q_growth_year": null,
            "roe": 8.09,
            "roe_4q": 13.189999999999998,
            "gross_profit": 207223,
            "gross_margin": 13.45,
            "gross_margin_4q_avg": 10.7,
            "net_income": 97624,
            "net_income_4q": null,
            "revenue": 1540517,
            "revenue_4q": null,
            "common_shares": 860000,
            "book_valuer_per_share": 14.59,
            "book_valuer_per_share_4q_avg": 13.39,
            "equity": 1255068,
            "current_ratio": 143.15,
            "debt_ratio": 58.41,
            "inventory_turnover_ratio": 2.3,
            "account_receivable_turnover_ratio": null,
            "reinvestment_rate": null,
            "research_to_sale_ratio": null,
            "price_fair": 121.33,
            "eps_avg_yearly": 3.47,
            "eps_latest_yearly": 4.56,
            "eps_growth_yearly": 571.6
        },
        "20032": {
            "year_quarter": 20032,
            "year": 2003,
            "quarter": 2,
            "eps": 0.61,
            "eps_growth_year": null,
            "eps_4q": 2.56,
            "eps_4q_growth_year": null,
            "roe": 4.12,
            "roe_4q": 18.54,
            "gross_profit": 145862,
            "gross_margin": 11.56,
            "gross_margin_4q_avg": 11.6,
            "net_income": 52789,
            "net_income_4q": null,
            "revenue": 1261519,
            "revenue_4q": null,
            "common_shares": 860000,
            "book_valuer_per_share": 15.2,
            "book_valuer_per_share_4q_avg": 14.04,
            "equity": 1307019,
            "current_ratio": 149.01,
            "debt_ratio": 54.45,
            "inventory_turnover_ratio": 2.03,
            "account_receivable_turnover_ratio": null,
            "reinvestment_rate": null,
            "research_to_sale_ratio": null,
            "price_fair": 112.35,
            "eps_avg_yearly": 3.21,
            "eps_latest_yearly": 2.44,
            "eps_growth_yearly": 382.21
        },
        "20033": {
            "year_quarter": 20033,
            "year": 2003,
            "quarter": 3,
            "eps": 0.47,
            "eps_growth_year": 67.86,
            "eps_4q": 2.48,
            "eps_4q_growth_year": 89.7,
            "roe": 3.47,
            "roe_4q": 19.81,
            "gross_profit": 156347,
            "gross_margin": 11.12,
            "gross_margin_4q_avg": 12.13,
            "net_income": 46053,
            "net_income_4q": null,
            "revenue": 1405780,
            "revenue_4q": null,
            "common_shares": 971200,
            "book_valuer_per_share": 13.91,
            "book_valuer_per_share_4q_avg": 14.29,
            "equity": 1351092,
            "current_ratio": 146.71,
            "debt_ratio": 56.75,
            "inventory_turnover_ratio": 1.97,
            "account_receivable_turnover_ratio": null,
            "reinvestment_rate": null,
            "research_to_sale_ratio": null,
            "price_fair": 103.04,
            "eps_avg_yearly": 2.94,
            "eps_latest_yearly": 1.88,
            "eps_growth_yearly": 287.41
        },
        "20034": {
            "year_quarter": 20034,
            "year": 2003,
            "quarter": 4,
            "eps": 0.49,
            "eps_growth_year": -10.91,
            "eps_4q": 2.5,
            "eps_4q_growth_year": 56.71,
            "roe": 3.49,
            "roe_4q": 19.17,
            "gross_profit": 169292,
            "gross_margin": 11.63,
            "gross_margin_4q_avg": 11.94,
            "net_income": 47963,
            "net_income_4q": null,
            "revenue": 1455105,
            "revenue_4q": null,
            "common_shares": 971200,
            "book_valuer_per_share": 14.41,
            "book_valuer_per_share_4q_avg": 14.53,
            "equity": 1399981,
            "current_ratio": 156.21,
            "debt_ratio": 52.87,
            "inventory_turnover_ratio": 1.9,
            "account_receivable_turnover_ratio": null,
            "reinvestment_rate": null,
            "research_to_sale_ratio": null,
            "price_fair": 97.3,
            "eps_avg_yearly": 2.78,
            "eps_latest_yearly": 1.96,
            "eps_growth_yearly": 242.34
        },
        "20041": {
            "year_quarter": 20041,
            "year": 2004,
            "quarter": 1,
            "eps": 0.12,
            "eps_growth_year": -89.47,
            "eps_4q": 1.58,
            "eps_4q_growth_year": -12.99,
            "roe": 0.86,
            "roe_4q": 11.940000000000001,
            "gross_profit": 117918,
            "gross_margin": 8.96,
            "gross_margin_4q_avg": 10.82,
            "net_income": 12087,
            "net_income_4q": null,
            "revenue": 1315398,
            "revenue_4q": null,
            "common_shares": 971200,
            "book_valuer_per_share": 14.51,
            "book_valuer_per_share_4q_avg": 14.51,
            "equity": 1409611,
            "current_ratio": 167.5,
            "debt_ratio": 48.74,
            "inventory_turnover_ratio": 2.1,
            "account_receivable_turnover_ratio": null,
            "reinvestment_rate": null,
            "research_to_sale_ratio": null,
            "price_fair": 85.8,
            "eps_avg_yearly": 2.45,
            "eps_latest_yearly": 0.48,
            "eps_growth_yearly": 164.57
        },
        "20042": {
            "year_quarter": 20042,
            "year": 2004,
            "quarter": 2,
            "eps": -0.39,
            "eps_growth_year": -163.93,
            "eps_4q": 0.71,
            "eps_4q_growth_year": -72.44,
            "roe": -2.8,
            "roe_4q": 5.0200000000000005,
            "gross_profit": 107232,
            "gross_margin": 8.56,
            "gross_margin_4q_avg": 10.07,
            "net_income": -37616,
            "net_income_4q": null,
            "revenue": 1252442,
            "revenue_4q": null,
            "common_shares": 971200,
            "book_valuer_per_share": 13.12,
            "book_valuer_per_share_4q_avg": 13.99,
            "equity": 1274344,
            "current_ratio": 158.49,
            "debt_ratio": 51.45,
            "inventory_turnover_ratio": 2.31,
            "account_receivable_turnover_ratio": null,
            "reinvestment_rate": null,
            "research_to_sale_ratio": null,
            "price_fair": 85.8,
            "eps_avg_yearly": 2.45,
            "eps_latest_yearly": 0.48,
            "eps_growth_yearly": 164.57
        },
        "20043": {
            "year_quarter": 20043,
            "year": 2004,
            "quarter": 3,
            "eps": 0.33,
            "eps_growth_year": -29.79,
            "eps_4q": 0.53,
            "eps_4q_growth_year": -78.49,
            "roe": 2.81,
            "roe_4q": 4.36,
            "gross_profit": 136939,
            "gross_margin": 8.75,
            "gross_margin_4q_avg": 9.48,
            "net_income": 36279,
            "net_income_4q": null,
            "revenue": 1565697,
            "revenue_4q": null,
            "common_shares": 1091000,
            "book_valuer_per_share": 12.02,
            "book_valuer_per_share_4q_avg": 13.52,
            "equity": 1311104,
            "current_ratio": 154.03,
            "debt_ratio": 54.28,
            "inventory_turnover_ratio": 2.9,
            "account_receivable_turnover_ratio": null,
            "reinvestment_rate": -870.71,
            "research_to_sale_ratio": null,
            "price_fair": 85.8,
            "eps_avg_yearly": 2.45,
            "eps_latest_yearly": 0.48,
            "eps_growth_yearly": 164.57
        },
        "20044": {
            "year_quarter": 20044,
            "year": 2004,
            "quarter": 4,
            "eps": -1.41,
            "eps_growth_year": -387.76,
            "eps_4q": -1.31,
            "eps_4q_growth_year": -152.46,
            "roe": -12.52,
            "roe_4q": -11.649999999999999,
            "gross_profit": 136116,
            "gross_margin": 9.36,
            "gross_margin_4q_avg": 8.91,
            "net_income": -154192,
            "net_income_4q": null,
            "revenue": 1454354,
            "revenue_4q": null,
            "common_shares": 1091000,
            "book_valuer_per_share": 10.57,
            "book_valuer_per_share_4q_avg": 12.56,
            "equity": 1152766,
            "current_ratio": 145.38,
            "debt_ratio": 57.13,
            "inventory_turnover_ratio": 2.85,
            "account_receivable_turnover_ratio": null,
            "reinvestment_rate": null,
            "research_to_sale_ratio": null,
            "price_fair": 85.8,
            "eps_avg_yearly": 2.45,
            "eps_latest_yearly": 0.48,
            "eps_growth_yearly": 164.57
        },
        "20051": {
            "year_quarter": 20051,
            "year": 2005,
            "quarter": 1,
            "eps": 0.3,
            "eps_growth_year": 150,
            "eps_4q": -1.11,
            "eps_4q_growth_year": -170.51,
            "roe": 2.83,
            "roe_4q": -9.68,
            "gross_profit": 126250,
            "gross_margin": 9.35,
            "gross_margin_4q_avg": 9.01,
            "net_income": 33036,
            "net_income_4q": null,
            "revenue": 1349946,
            "revenue_4q": null,
            "common_shares": 1091000,
            "book_valuer_per_share": 10.87,
            "book_valuer_per_share_4q_avg": 11.65,
            "equity": 1185528,
            "current_ratio": 154.97,
            "debt_ratio": 53.6,
            "inventory_turnover_ratio": 3.1,
            "account_receivable_turnover_ratio": null,
            "reinvestment_rate": -504.7,
            "research_to_sale_ratio": null,
            "price_fair": 85.8,
            "eps_avg_yearly": 2.45,
            "eps_latest_yearly": 0.48,
            "eps_growth_yearly": 164.57
        },
        "20052": {
            "year_quarter": 20052,
            "year": 2005,
            "quarter": 2,
            "eps": 0.05,
            "eps_growth_year": null,
            "eps_4q": -0.77,
            "eps_4q_growth_year": -209.45,
            "roe": 0.43,
            "roe_4q": -6.449999999999999,
            "gross_profit": 137741,
            "gross_margin": 9.62,
            "gross_margin_4q_avg": 9.27,
            "net_income": 5164,
            "net_income_4q": null,
            "revenue": 1431988,
            "revenue_4q": null,
            "common_shares": 1091000,
            "book_valuer_per_share": 10.92,
            "book_valuer_per_share_4q_avg": 11.1,
            "equity": 1191682,
            "current_ratio": 158.06,
            "debt_ratio": 51.61,
            "inventory_turnover_ratio": 3.15,
            "account_receivable_turnover_ratio": null,
            "reinvestment_rate": -265.19,
            "research_to_sale_ratio": null,
            "price_fair": 75.95,
            "eps_avg_yearly": 2.17,
            "eps_latest_yearly": 0.2,
            "eps_growth_yearly": 102.34
        },
        "20053": {
            "year_quarter": 20053,
            "year": 2005,
            "quarter": 3,
            "eps": 0.42,
            "eps_growth_year": 27.27,
            "eps_4q": -0.64,
            "eps_4q_growth_year": -218.98,
            "roe": 3.79,
            "roe_4q": -5.47,
            "gross_profit": 105073,
            "gross_margin": 7.58,
            "gross_margin_4q_avg": 8.98,
            "net_income": 46157,
            "net_income_4q": null,
            "revenue": 1386655,
            "revenue_4q": null,
            "common_shares": 1091000,
            "book_valuer_per_share": 11.41,
            "book_valuer_per_share_4q_avg": 10.94,
            "equity": 1245036,
            "current_ratio": 152.98,
            "debt_ratio": 54.07,
            "inventory_turnover_ratio": 2.58,
            "account_receivable_turnover_ratio": null,
            "reinvestment_rate": -102.1,
            "research_to_sale_ratio": null,
            "price_fair": 74.04,
            "eps_avg_yearly": 2.12,
            "eps_latest_yearly": 1.68,
            "eps_growth_yearly": 419.85
        },
        "20054": {
            "year_quarter": 20054,
            "year": 2005,
            "quarter": 4,
            "eps": 0.86,
            "eps_growth_year": null,
            "eps_4q": 1.64,
            "eps_4q_growth_year": null,
            "roe": 7.22,
            "roe_4q": 14.27,
            "gross_profit": 200533,
            "gross_margin": 9.73,
            "gross_margin_4q_avg": 9.07,
            "net_income": 93347,
            "net_income_4q": null,
            "revenue": 2060381,
            "revenue_4q": null,
            "common_shares": 1091000,
            "book_valuer_per_share": 12.29,
            "book_valuer_per_share_4q_avg": 11.37,
            "equity": 1340424,
            "current_ratio": 149.68,
            "debt_ratio": 55.79,
            "inventory_turnover_ratio": 2.58,
            "account_receivable_turnover_ratio": null,
            "reinvestment_rate": -114.64,
            "research_to_sale_ratio": null,
            "price_fair": 78.68,
            "eps_avg_yearly": 2.25,
            "eps_latest_yearly": 3.44,
            "eps_growth_yearly": 419.77
        },
        "20061": {
            "year_quarter": 20061,
            "year": 2006,
            "quarter": 1,
            "eps": 0.8,
            "eps_growth_year": 166.67,
            "eps_4q": 1.96,
            "eps_4q_growth_year": null,
            "roe": 6.27,
            "roe_4q": 17.709999999999997,
            "gross_profit": 177617,
            "gross_margin": 9.96,
            "gross_margin_4q_avg": 9.22,
            "net_income": 99838,
            "net_income_4q": null,
            "revenue": 1783528,
            "revenue_4q": null,
            "common_shares": 1541000,
            "book_valuer_per_share": 11.97,
            "book_valuer_per_share_4q_avg": 11.65,
            "equity": 1844021,
            "current_ratio": 183.04,
            "debt_ratio": 46.58,
            "inventory_turnover_ratio": 2.06,
            "account_receivable_turnover_ratio": null,
            "reinvestment_rate": -73.9,
            "research_to_sale_ratio": null,
            "price_fair": 77.14,
            "eps_avg_yearly": 2.2,
            "eps_latest_yearly": 3.2,
            "eps_growth_yearly": 326.98
        },
        "20062": {
            "year_quarter": 20062,
            "year": 2006,
            "quarter": 2,
            "eps": 0.09,
            "eps_growth_year": 80,
            "eps_4q": 1.74,
            "eps_4q_growth_year": null,
            "roe": 0.71,
            "roe_4q": 17.99,
            "gross_profit": 178786,
            "gross_margin": 10.06,
            "gross_margin_4q_avg": 9.33,
            "net_income": 13048,
            "net_income_4q": null,
            "revenue": 1777936,
            "revenue_4q": null,
            "common_shares": 1541000,
            "book_valuer_per_share": 12.05,
            "book_valuer_per_share_4q_avg": 11.93,
            "equity": 1856714,
            "current_ratio": 204.27,
            "debt_ratio": 42.01,
            "inventory_turnover_ratio": 2.52,
            "account_receivable_turnover_ratio": null,
            "reinvestment_rate": -67.66,
            "research_to_sale_ratio": null,
            "price_fair": 71.27,
            "eps_avg_yearly": 2.04,
            "eps_latest_yearly": 0.36,
            "eps_growth_yearly": 264.98
        },
        "20063": {
            "year_quarter": 20063,
            "year": 2006,
            "quarter": 3,
            "eps": 0.67,
            "eps_growth_year": 59.52,
            "eps_4q": 2.03,
            "eps_4q_growth_year": null,
            "roe": 5.32,
            "roe_4q": 19.52,
            "gross_profit": 217711,
            "gross_margin": 11.82,
            "gross_margin_4q_avg": 10.39,
            "net_income": 101573,
            "net_income_4q": null,
            "revenue": 1841610,
            "revenue_4q": null,
            "common_shares": 1612000,
            "book_valuer_per_share": 12.17,
            "book_valuer_per_share_4q_avg": 12.12,
            "equity": 1962222,
            "current_ratio": 201.32,
            "debt_ratio": 43.42,
            "inventory_turnover_ratio": 2.3,
            "account_receivable_turnover_ratio": null,
            "reinvestment_rate": -56.99,
            "research_to_sale_ratio": null,
            "price_fair": 73.15,
            "eps_avg_yearly": 2.09,
            "eps_latest_yearly": 2.68,
            "eps_growth_yearly": 457.72
        },
        "20064": {
            "year_quarter": 20064,
            "year": 2006,
            "quarter": 4,
            "eps": 0.23,
            "eps_growth_year": -73.26,
            "eps_4q": 1.63,
            "eps_4q_growth_year": -0.74,
            "roe": 1.79,
            "roe_4q": 14.09,
            "gross_profit": 215904,
            "gross_margin": 10.07,
            "gross_margin_4q_avg": 10.48,
            "net_income": 35356,
            "net_income_4q": null,
            "revenue": 2144516,
            "revenue_4q": null,
            "common_shares": 1612000,
            "book_valuer_per_share": 12.39,
            "book_valuer_per_share_4q_avg": 12.15,
            "equity": 1996669,
            "current_ratio": 194.94,
            "debt_ratio": 44.85,
            "inventory_turnover_ratio": 2.11,
            "account_receivable_turnover_ratio": null,
            "reinvestment_rate": -38.2,
            "research_to_sale_ratio": null,
            "price_fair": 69.42,
            "eps_avg_yearly": 1.98,
            "eps_latest_yearly": 0.92,
            "eps_growth_yearly": 403.68
        },
        "20071": {
            "year_quarter": 20071,
            "year": 2007,
            "quarter": 1,
            "eps": 0.75,
            "eps_growth_year": -6.25,
            "eps_4q": 1.68,
            "eps_4q_growth_year": -14.11,
            "roe": 5.86,
            "roe_4q": 13.68,
            "gross_profit": 245508,
            "gross_margin": 11.02,
            "gross_margin_4q_avg": 10.74,
            "net_income": 120592,
            "net_income_4q": null,
            "revenue": 2228684,
            "revenue_4q": null,
            "common_shares": 1612000,
            "book_valuer_per_share": 13.15,
            "book_valuer_per_share_4q_avg": 12.44,
            "equity": 2120137,
            "current_ratio": 205.53,
            "debt_ratio": 43.61,
            "inventory_turnover_ratio": 2.34,
            "account_receivable_turnover_ratio": null,
            "reinvestment_rate": -47.59,
            "research_to_sale_ratio": null,
            "price_fair": 64.87,
            "eps_avg_yearly": 1.85,
            "eps_latest_yearly": 3,
            "eps_growth_yearly": 443.29
        },
        "20072": {
            "year_quarter": 20072,
            "year": 2007,
            "quarter": 2,
            "eps": 0.81,
            "eps_growth_year": 800,
            "eps_4q": 2.35,
            "eps_4q_growth_year": 34.86,
            "roe": 6.4,
            "roe_4q": 19.37,
            "gross_profit": 315329,
            "gross_margin": 13.11,
            "gross_margin_4q_avg": 11.51,
            "net_income": 135643,
            "net_income_4q": null,
            "revenue": 2404409,
            "revenue_4q": null,
            "common_shares": 1612000,
            "book_valuer_per_share": 13.13,
            "book_valuer_per_share_4q_avg": 12.71,
            "equity": 2116927,
            "current_ratio": 177.04,
            "debt_ratio": 51.18,
            "inventory_turnover_ratio": 2.66,
            "account_receivable_turnover_ratio": null,
            "reinvestment_rate": -40.63,
            "research_to_sale_ratio": null,
            "price_fair": 67.2,
            "eps_avg_yearly": 1.92,
            "eps_latest_yearly": 3.24,
            "eps_growth_yearly": 461.45
        },
        "20073": {
            "year_quarter": 20073,
            "year": 2007,
            "quarter": 3,
            "eps": 0.89,
            "eps_growth_year": 32.84,
            "eps_4q": 2.64,
            "eps_4q_growth_year": 29.89,
            "roe": 6.78,
            "roe_4q": 20.83,
            "gross_profit": 317514,
            "gross_margin": 12.11,
            "gross_margin_4q_avg": 11.58,
            "net_income": 148529,
            "net_income_4q": null,
            "revenue": 2621850,
            "revenue_4q": null,
            "common_shares": 1673000,
            "book_valuer_per_share": 13.53,
            "book_valuer_per_share_4q_avg": 13.05,
            "equity": 2262742,
            "current_ratio": 171.51,
            "debt_ratio": 54.11,
            "inventory_turnover_ratio": 2.36,
            "account_receivable_turnover_ratio": null,
            "reinvestment_rate": -34.08,
            "research_to_sale_ratio": null,
            "price_fair": 72.1,
            "eps_avg_yearly": 2.06,
            "eps_latest_yearly": 3.56,
            "eps_growth_yearly": 472.39
        },
        "20074": {
            "year_quarter": 20074,
            "year": 2007,
            "quarter": 4,
            "eps": 0.14,
            "eps_growth_year": -39.13,
            "eps_4q": 2.64,
            "eps_4q_growth_year": 62.69,
            "roe": 1,
            "roe_4q": 20.04,
            "gross_profit": 190346,
            "gross_margin": 9.81,
            "gross_margin_4q_avg": 11.51,
            "net_income": 22631,
            "net_income_4q": null,
            "revenue": 1939538,
            "revenue_4q": null,
            "common_shares": 1673000,
            "book_valuer_per_share": 13.66,
            "book_valuer_per_share_4q_avg": 13.37,
            "equity": 2285847,
            "current_ratio": 187,
            "debt_ratio": 45.37,
            "inventory_turnover_ratio": 1.54,
            "account_receivable_turnover_ratio": null,
            "reinvestment_rate": -20.61,
            "research_to_sale_ratio": null,
            "price_fair": 68.02,
            "eps_avg_yearly": 1.94,
            "eps_latest_yearly": 0.56,
            "eps_growth_yearly": 442.89
        },
        "20081": {
            "year_quarter": 20081,
            "year": 2008,
            "quarter": 1,
            "eps": 0.3,
            "eps_growth_year": -60,
            "eps_4q": 2.12,
            "eps_4q_growth_year": 26.07,
            "roe": 2.19,
            "roe_4q": 16.37,
            "gross_profit": 211238,
            "gross_margin": 11.05,
            "gross_margin_4q_avg": 11.52,
            "net_income": 50530,
            "net_income_4q": null,
            "revenue": 1912277,
            "revenue_4q": null,
            "common_shares": 1673000,
            "book_valuer_per_share": 13.92,
            "book_valuer_per_share_4q_avg": 13.56,
            "equity": 2329635,
            "current_ratio": 203.98,
            "debt_ratio": 41.67,
            "inventory_turnover_ratio": 1.43,
            "account_receivable_turnover_ratio": null,
            "reinvestment_rate": -20.33,
            "research_to_sale_ratio": null,
            "price_fair": 70.12,
            "eps_avg_yearly": 2,
            "eps_latest_yearly": 1.2,
            "eps_growth_yearly": 506.15
        },
        "20082": {
            "year_quarter": 20082,
            "year": 2008,
            "quarter": 2,
            "eps": 0.07,
            "eps_growth_year": -91.36,
            "eps_4q": 1.34,
            "eps_4q_growth_year": -43,
            "roe": 0.54,
            "roe_4q": 10.51,
            "gross_profit": 165905,
            "gross_margin": 10.5,
            "gross_margin_4q_avg": 10.87,
            "net_income": 12237,
            "net_income_4q": null,
            "revenue": 1579405,
            "revenue_4q": null,
            "common_shares": 1673000,
            "book_valuer_per_share": 12.98,
            "book_valuer_per_share_4q_avg": 13.52,
            "equity": 2171702,
            "current_ratio": 178.68,
            "debt_ratio": 48.3,
            "inventory_turnover_ratio": 1.12,
            "account_receivable_turnover_ratio": null,
            "reinvestment_rate": -18.99,
            "research_to_sale_ratio": null,
            "price_fair": 65.48,
            "eps_avg_yearly": 1.87,
            "eps_latest_yearly": 0.28,
            "eps_growth_yearly": 443.63
        },
        "20083": {
            "year_quarter": 20083,
            "year": 2008,
            "quarter": 3,
            "eps": 0.44,
            "eps_growth_year": -50.56,
            "eps_4q": 0.92,
            "eps_4q_growth_year": -64.98,
            "roe": 3.51,
            "roe_4q": 7.24,
            "gross_profit": 180938,
            "gross_margin": 10.23,
            "gross_margin_4q_avg": 10.4,
            "net_income": 77691,
            "net_income_4q": null,
            "revenue": 1768406,
            "revenue_4q": null,
            "common_shares": 1781000,
            "book_valuer_per_share": 12.68,
            "book_valuer_per_share_4q_avg": 13.31,
            "equity": 2258366,
            "current_ratio": 201.2,
            "debt_ratio": 41.98,
            "inventory_turnover_ratio": 1.21,
            "account_receivable_turnover_ratio": null,
            "reinvestment_rate": -17.91,
            "research_to_sale_ratio": null,
            "price_fair": 65.2,
            "eps_avg_yearly": 1.86,
            "eps_latest_yearly": 1.76,
            "eps_growth_yearly": 562.96
        },
        "20084": {
            "year_quarter": 20084,
            "year": 2008,
            "quarter": 4,
            "eps": 0.29,
            "eps_growth_year": 107.14,
            "eps_4q": 1.07,
            "eps_4q_growth_year": -59.66,
            "roe": 2.29,
            "roe_4q": 8.53,
            "gross_profit": 151560,
            "gross_margin": 11.04,
            "gross_margin_4q_avg": 10.71,
            "net_income": 52446,
            "net_income_4q": null,
            "revenue": 1372646,
            "revenue_4q": null,
            "common_shares": 1781000,
            "book_valuer_per_share": 12.99,
            "book_valuer_per_share_4q_avg": 13.14,
            "equity": 2313489,
            "current_ratio": 257.6,
            "debt_ratio": 32.13,
            "inventory_turnover_ratio": 1.15,
            "account_receivable_turnover_ratio": 4.11,
            "reinvestment_rate": -12.81,
            "research_to_sale_ratio": null,
            "price_fair": 63.56,
            "eps_avg_yearly": 1.82,
            "eps_latest_yearly": 1.16,
            "eps_growth_yearly": 516.34
        },
        "20091": {
            "year_quarter": 20091,
            "year": 2009,
            "quarter": 1,
            "eps": 0.88,
            "eps_growth_year": 193.33,
            "eps_4q": 1.68,
            "eps_4q_growth_year": -20.9,
            "roe": 6.56,
            "roe_4q": 12.899999999999999,
            "gross_profit": 304784,
            "gross_margin": 15.75,
            "gross_margin_4q_avg": 11.88,
            "net_income": 157002,
            "net_income_4q": null,
            "revenue": 1935511,
            "revenue_4q": null,
            "common_shares": 1781000,
            "book_valuer_per_share": 13.9,
            "book_valuer_per_share_4q_avg": 13.14,
            "equity": 2475677,
            "current_ratio": 265.37,
            "debt_ratio": 34.36,
            "inventory_turnover_ratio": 2.28,
            "account_receivable_turnover_ratio": 2.19,
            "reinvestment_rate": -11.6,
            "research_to_sale_ratio": null,
            "price_fair": 67.29,
            "eps_avg_yearly": 1.92,
            "eps_latest_yearly": 3.52,
            "eps_growth_yearly": 534.93
        },
        "20092": {
            "year_quarter": 20092,
            "year": 2009,
            "quarter": 2,
            "eps": 0.49,
            "eps_growth_year": 600,
            "eps_4q": 2.09,
            "eps_4q_growth_year": 56.38,
            "roe": 3.49,
            "roe_4q": 15.85,
            "gross_profit": 263695,
            "gross_margin": 14.12,
            "gross_margin_4q_avg": 12.79,
            "net_income": 87795,
            "net_income_4q": null,
            "revenue": 1867324,
            "revenue_4q": null,
            "common_shares": 1781000,
            "book_valuer_per_share": 14.36,
            "book_valuer_per_share_4q_avg": 13.48,
            "equity": 2556987,
            "current_ratio": 216.61,
            "debt_ratio": 44.14,
            "inventory_turnover_ratio": 2.43,
            "account_receivable_turnover_ratio": 1.67,
            "reinvestment_rate": -11.45,
            "research_to_sale_ratio": null,
            "price_fair": 71.14,
            "eps_avg_yearly": 2.03,
            "eps_latest_yearly": 1.96,
            "eps_growth_yearly": 544.68
        },
        "20093": {
            "year_quarter": 20093,
            "year": 2009,
            "quarter": 3,
            "eps": 0.66,
            "eps_growth_year": 50,
            "eps_4q": 2.32,
            "eps_4q_growth_year": 150.95,
            "roe": 4.53,
            "roe_4q": 16.869999999999997,
            "gross_profit": 302504,
            "gross_margin": 13.64,
            "gross_margin_4q_avg": 13.64,
            "net_income": 118328,
            "net_income_4q": null,
            "revenue": 2218316,
            "revenue_4q": null,
            "common_shares": 1781000,
            "book_valuer_per_share": 15,
            "book_valuer_per_share_4q_avg": 14.06,
            "equity": 2671420,
            "current_ratio": 203.69,
            "debt_ratio": 43.44,
            "inventory_turnover_ratio": 2.43,
            "account_receivable_turnover_ratio": 1.96,
            "reinvestment_rate": 2.41,
            "research_to_sale_ratio": null,
            "price_fair": 73.24,
            "eps_avg_yearly": 2.09,
            "eps_latest_yearly": 2.64,
            "eps_growth_yearly": 368.36
        },
        "20094": {
            "year_quarter": 20094,
            "year": 2009,
            "quarter": 4,
            "eps": 0.25,
            "eps_growth_year": -13.79,
            "eps_4q": 2.29,
            "eps_4q_growth_year": 114.28,
            "roe": 1.63,
            "roe_4q": 16.21,
            "gross_profit": 208125,
            "gross_margin": 12.38,
            "gross_margin_4q_avg": 13.97,
            "net_income": 43953,
            "net_income_4q": null,
            "revenue": 1681764,
            "revenue_4q": null,
            "common_shares": 1781000,
            "book_valuer_per_share": 15.24,
            "book_valuer_per_share_4q_avg": 14.63,
            "equity": 2714936,
            "current_ratio": 219.12,
            "debt_ratio": 40.6,
            "inventory_turnover_ratio": 1.57,
            "account_receivable_turnover_ratio": 3.22,
            "reinvestment_rate": -2.45,
            "research_to_sale_ratio": null,
            "price_fair": 67.9,
            "eps_avg_yearly": 1.94,
            "eps_latest_yearly": 1,
            "eps_growth_yearly": 326.64
        },
        "20101": {
            "year_quarter": 20101,
            "year": 2010,
            "quarter": 1,
            "eps": 0.66,
            "eps_growth_year": -25,
            "eps_4q": 2.07,
            "eps_4q_growth_year": 23.14,
            "roe": 4.25,
            "roe_4q": 13.9,
            "gross_profit": 295675,
            "gross_margin": 16.31,
            "gross_margin_4q_avg": 14.11,
            "net_income": 117940,
            "net_income_4q": null,
            "revenue": 1813310,
            "revenue_4q": null,
            "common_shares": 1781000,
            "book_valuer_per_share": 15.9,
            "book_valuer_per_share_4q_avg": 15.13,
            "equity": 2831720,
            "current_ratio": 214.72,
            "debt_ratio": 41.52,
            "inventory_turnover_ratio": 1.3,
            "account_receivable_turnover_ratio": 1.14,
            "reinvestment_rate": 19.95,
            "research_to_sale_ratio": 1.74,
            "price_fair": 66.68,
            "eps_avg_yearly": 1.91,
            "eps_latest_yearly": 2.64,
            "eps_growth_yearly": 369.38
        },
        "20102": {
            "year_quarter": 20102,
            "year": 2010,
            "quarter": 2,
            "eps": 0.68,
            "eps_growth_year": 39.63,
            "eps_4q": 2.26,
            "eps_4q_growth_year": 7.89,
            "roe": 4.45,
            "roe_4q": 14.86,
            "gross_profit": 217773,
            "gross_margin": 12.07,
            "gross_margin_4q_avg": 13.6,
            "net_income": 121858,
            "net_income_4q": null,
            "revenue": 1804695,
            "revenue_4q": null,
            "common_shares": 1781000,
            "book_valuer_per_share": 14.87,
            "book_valuer_per_share_4q_avg": 15.25,
            "equity": 2648440,
            "current_ratio": 227.37,
            "debt_ratio": 40.2,
            "inventory_turnover_ratio": 1.3,
            "account_receivable_turnover_ratio": 0.84,
            "reinvestment_rate": 18.54,
            "research_to_sale_ratio": 1.85,
            "price_fair": 71.84,
            "eps_avg_yearly": 2.05,
            "eps_latest_yearly": 2.72,
            "eps_growth_yearly": 392.32
        },
        "20103": {
            "year_quarter": 20103,
            "year": 2010,
            "quarter": 3,
            "eps": 0.3,
            "eps_growth_year": -54.21,
            "eps_4q": 1.9,
            "eps_4q_growth_year": -18.23,
            "roe": 2.01,
            "roe_4q": 12.34,
            "gross_profit": 214008,
            "gross_margin": 12.17,
            "gross_margin_4q_avg": 13.23,
            "net_income": 53820,
            "net_income_4q": null,
            "revenue": 1759111,
            "revenue_4q": null,
            "common_shares": 1781000,
            "book_valuer_per_share": 15.17,
            "book_valuer_per_share_4q_avg": 15.3,
            "equity": 2702137,
            "current_ratio": 296.09,
            "debt_ratio": 30.53,
            "inventory_turnover_ratio": 1.64,
            "account_receivable_turnover_ratio": 0.86,
            "reinvestment_rate": 19.18,
            "research_to_sale_ratio": 1.94,
            "price_fair": 68.6,
            "eps_avg_yearly": 1.96,
            "eps_latest_yearly": 1.2,
            "eps_growth_yearly": 217.24
        },
        "20104": {
            "year_quarter": 20104,
            "year": 2010,
            "quarter": 4,
            "eps": -0.13,
            "eps_growth_year": -152.06,
            "eps_4q": 1.52,
            "eps_4q_growth_year": -33.57,
            "roe": -0.86,
            "roe_4q": 9.85,
            "gross_profit": 191790,
            "gross_margin": 12.39,
            "gross_margin_4q_avg": 13.24,
            "net_income": -23180,
            "net_income_4q": null,
            "revenue": 1547472,
            "revenue_4q": null,
            "common_shares": 1781000,
            "book_valuer_per_share": 14.93,
            "book_valuer_per_share_4q_avg": 15.22,
            "equity": 2658938,
            "current_ratio": 282.35,
            "debt_ratio": 32.28,
            "inventory_turnover_ratio": 1.64,
            "account_receivable_turnover_ratio": 0.73,
            "reinvestment_rate": 13.68,
            "research_to_sale_ratio": 2.13,
            "price_fair": 71.03,
            "eps_avg_yearly": 2.03,
            "eps_latest_yearly": 1.2,
            "eps_growth_yearly": 249.24
        },
        "20111": {
            "year_quarter": 20111,
            "year": 2011,
            "quarter": 1,
            "eps": 0.6,
            "eps_growth_year": -9.09,
            "eps_4q": 1.46,
            "eps_4q_growth_year": -29.44,
            "roe": 3.95,
            "roe_4q": 9.55,
            "gross_profit": 220994,
            "gross_margin": 12.65,
            "gross_margin_4q_avg": 12.32,
            "net_income": 107160,
            "net_income_4q": null,
            "revenue": 1747092,
            "revenue_4q": null,
            "common_shares": 1781000,
            "book_valuer_per_share": 15.55,
            "book_valuer_per_share_4q_avg": 15.13,
            "equity": 2769755,
            "current_ratio": 257.3,
            "debt_ratio": 35.52,
            "inventory_turnover_ratio": 1.67,
            "account_receivable_turnover_ratio": 0.77,
            "reinvestment_rate": 19.07,
            "research_to_sale_ratio": 1.56,
            "price_fair": 68.6,
            "eps_avg_yearly": 1.96,
            "eps_latest_yearly": 1.2,
            "eps_growth_yearly": 202.44
        },
        "20112": {
            "year_quarter": 20112,
            "year": 2011,
            "quarter": 2,
            "eps": 0.48,
            "eps_growth_year": -29.56,
            "eps_4q": 1.26,
            "eps_4q_growth_year": -44.38,
            "roe": 3.18,
            "roe_4q": 8.280000000000001,
            "gross_profit": 221330,
            "gross_margin": 12.26,
            "gross_margin_4q_avg": 12.37,
            "net_income": 85835,
            "net_income_4q": null,
            "revenue": 1805186,
            "revenue_4q": null,
            "common_shares": 1781000,
            "book_valuer_per_share": 14.73,
            "book_valuer_per_share_4q_avg": 15.1,
            "equity": 2623947,
            "current_ratio": 231.49,
            "debt_ratio": 39.48,
            "inventory_turnover_ratio": 1.6,
            "account_receivable_turnover_ratio": 0.83,
            "reinvestment_rate": 19.38,
            "research_to_sale_ratio": 1.54,
            "price_fair": 65.3,
            "eps_avg_yearly": 1.87,
            "eps_latest_yearly": 1.92,
            "eps_growth_yearly": 194.44
        },
        "20113": {
            "year_quarter": 20113,
            "year": 2011,
            "quarter": 3,
            "eps": 0.99,
            "eps_growth_year": 227.5,
            "eps_4q": 1.94,
            "eps_4q_growth_year": 2.52,
            "roe": 6.5,
            "roe_4q": 12.77,
            "gross_profit": 241715,
            "gross_margin": 13.48,
            "gross_margin_4q_avg": 12.7,
            "net_income": 176258,
            "net_income_4q": null,
            "revenue": 1793752,
            "revenue_4q": null,
            "common_shares": 1781000,
            "book_valuer_per_share": 15.73,
            "book_valuer_per_share_4q_avg": 15.24,
            "equity": 2801729,
            "current_ratio": 239.67,
            "debt_ratio": 38.25,
            "inventory_turnover_ratio": 1.42,
            "account_receivable_turnover_ratio": 0.68,
            "reinvestment_rate": 22,
            "research_to_sale_ratio": 1.86,
            "price_fair": 66.3,
            "eps_avg_yearly": 1.89,
            "eps_latest_yearly": 3.96,
            "eps_growth_yearly": 221.98
        },
        "20114": {
            "year_quarter": 20114,
            "year": 2011,
            "quarter": 4,
            "eps": -0.36,
            "eps_growth_year": null,
            "eps_4q": 1.72,
            "eps_4q_growth_year": 12.97,
            "roe": -2.3,
            "roe_4q": 11.330000000000002,
            "gross_profit": 180087,
            "gross_margin": 11.24,
            "gross_margin_4q_avg": 12.41,
            "net_income": -63736,
            "net_income_4q": null,
            "revenue": 1602121,
            "revenue_4q": null,
            "common_shares": 1781000,
            "book_valuer_per_share": 15.36,
            "book_valuer_per_share_4q_avg": 15.34,
            "equity": 2735945,
            "current_ratio": 256.51,
            "debt_ratio": 33.79,
            "inventory_turnover_ratio": 1.28,
            "account_receivable_turnover_ratio": 0.55,
            "reinvestment_rate": 40.58,
            "research_to_sale_ratio": 2.03,
            "price_fair": 69.89,
            "eps_avg_yearly": 2,
            "eps_latest_yearly": 3.96,
            "eps_growth_yearly": 264.98
        },
        "20121": {
            "year_quarter": 20121,
            "year": 2012,
            "quarter": 1,
            "eps": 0.21,
            "eps_growth_year": -65,
            "eps_4q": 1.33,
            "eps_4q_growth_year": -8.91,
            "roe": 1.39,
            "roe_4q": 8.77,
            "gross_profit": 177243,
            "gross_margin": 12.09,
            "gross_margin_4q_avg": 12.27,
            "net_income": 38171,
            "net_income_4q": null,
            "revenue": 1465753,
            "revenue_4q": null,
            "common_shares": 1781000,
            "book_valuer_per_share": 15.58,
            "book_valuer_per_share_4q_avg": 15.35,
            "equity": 2773923,
            "current_ratio": 281.49,
            "debt_ratio": 30.78,
            "inventory_turnover_ratio": 1.31,
            "account_receivable_turnover_ratio": 0.66,
            "reinvestment_rate": 39.76,
            "research_to_sale_ratio": 1.99,
            "price_fair": 72.22,
            "eps_avg_yearly": 2.06,
            "eps_latest_yearly": 3.96,
            "eps_growth_yearly": 248.97
        },
        "20122": {
            "year_quarter": 20122,
            "year": 2012,
            "quarter": 2,
            "eps": 0.3,
            "eps_growth_year": -38.26,
            "eps_4q": 1.14,
            "eps_4q_growth_year": -8.92,
            "roe": 1.99,
            "roe_4q": 7.58,
            "gross_profit": 148135,
            "gross_margin": 11.1,
            "gross_margin_4q_avg": 11.98,
            "net_income": 52993,
            "net_income_4q": null,
            "revenue": 1335079,
            "revenue_4q": null,
            "common_shares": 1781000,
            "book_valuer_per_share": 14.39,
            "book_valuer_per_share_4q_avg": 15.27,
            "equity": 2562303,
            "current_ratio": 231.82,
            "debt_ratio": 36.59,
            "inventory_turnover_ratio": 1.41,
            "account_receivable_turnover_ratio": 0.82,
            "reinvestment_rate": 42.97,
            "research_to_sale_ratio": 2.36,
            "price_fair": 74.9,
            "eps_avg_yearly": 2.14,
            "eps_latest_yearly": 1.2,
            "eps_growth_yearly": 288.81
        },
        "20123": {
            "year_quarter": 20123,
            "year": 2012,
            "quarter": 3,
            "eps": 0.03,
            "eps_growth_year": -96.57,
            "eps_4q": 0.19,
            "eps_4q_growth_year": -90.33,
            "roe": 0.24,
            "roe_4q": 1.3200000000000003,
            "gross_profit": 212666,
            "gross_margin": 15.87,
            "gross_margin_4q_avg": 12.58,
            "net_income": 6052,
            "net_income_4q": null,
            "revenue": 1339807,
            "revenue_4q": null,
            "common_shares": 1781000,
            "book_valuer_per_share": 14.44,
            "book_valuer_per_share_4q_avg": 14.94,
            "equity": 2571071,
            "current_ratio": 277.81,
            "debt_ratio": 30.38,
            "inventory_turnover_ratio": 1.61,
            "account_receivable_turnover_ratio": 0.67,
            "reinvestment_rate": 45.07,
            "research_to_sale_ratio": 2.65,
            "price_fair": 70.12,
            "eps_avg_yearly": 2,
            "eps_latest_yearly": 0.12,
            "eps_growth_yearly": 82.62
        },
        "20124": {
            "year_quarter": 20124,
            "year": 2012,
            "quarter": 4,
            "eps": 0,
            "eps_growth_year": null,
            "eps_4q": 0.55,
            "eps_4q_growth_year": -67.9,
            "roe": 0.03,
            "roe_4q": 3.6499999999999995,
            "gross_profit": 131881,
            "gross_margin": 10.84,
            "gross_margin_4q_avg": 12.48,
            "net_income": 867,
            "net_income_4q": null,
            "revenue": 1217044,
            "revenue_4q": null,
            "common_shares": 1781000,
            "book_valuer_per_share": 14.43,
            "book_valuer_per_share_4q_avg": 14.71,
            "equity": 2570154,
            "current_ratio": 269.24,
            "debt_ratio": 31.59,
            "inventory_turnover_ratio": 1.79,
            "account_receivable_turnover_ratio": 0.51,
            "reinvestment_rate": 46.35,
            "research_to_sale_ratio": 2.83,
            "price_fair": 72.8,
            "eps_avg_yearly": 2.08,
            "eps_latest_yearly": 0.12,
            "eps_growth_yearly": 102.53
        },
        "20131": {
            "year_quarter": 20131,
            "year": 2013,
            "quarter": 1,
            "eps": 0.32,
            "eps_growth_year": 52.38,
            "eps_4q": 0.65,
            "eps_4q_growth_year": -50.76,
            "roe": 2.18,
            "roe_4q": 4.44,
            "gross_profit": 122042,
            "gross_margin": 10.53,
            "gross_margin_4q_avg": 12.09,
            "net_income": 56557,
            "net_income_4q": null,
            "revenue": 1159334,
            "revenue_4q": null,
            "common_shares": 1781000,
            "book_valuer_per_share": 14.71,
            "book_valuer_per_share_4q_avg": 14.49,
            "equity": 2619152,
            "current_ratio": 276.79,
            "debt_ratio": 32.56,
            "inventory_turnover_ratio": 1.79,
            "account_receivable_turnover_ratio": 0.66,
            "reinvestment_rate": 13.2,
            "research_to_sale_ratio": 2.47,
            "price_fair": 67.76,
            "eps_avg_yearly": 1.94,
            "eps_latest_yearly": 0.12,
            "eps_growth_yearly": 31.4
        },
        "20132": {
            "year_quarter": 20132,
            "year": 2013,
            "quarter": 2,
            "eps": 0.16,
            "eps_growth_year": -46.23,
            "eps_4q": 0.52,
            "eps_4q_growth_year": -54.9,
            "roe": 1.1,
            "roe_4q": 3.55,
            "gross_profit": 111308,
            "gross_margin": 9.66,
            "gross_margin_4q_avg": 11.73,
            "net_income": 28380,
            "net_income_4q": null,
            "revenue": 1151908,
            "revenue_4q": null,
            "common_shares": 1781000,
            "book_valuer_per_share": 14.3,
            "book_valuer_per_share_4q_avg": 14.47,
            "equity": 2546759,
            "current_ratio": 269.69,
            "debt_ratio": 33.28,
            "inventory_turnover_ratio": 2.03,
            "account_receivable_turnover_ratio": 0.96,
            "reinvestment_rate": 9.34,
            "research_to_sale_ratio": 2.45,
            "price_fair": 63.14,
            "eps_avg_yearly": 1.8,
            "eps_latest_yearly": 0.64,
            "eps_growth_yearly": 29.13
        },
        "20133": {
            "year_quarter": 20133,
            "year": 2013,
            "quarter": 3,
            "eps": 0.03,
            "eps_growth_year": -11.72,
            "eps_4q": 0.51,
            "eps_4q_growth_year": 170.27,
            "roe": 0.18,
            "roe_4q": 3.4899999999999998,
            "gross_profit": 109507,
            "gross_margin": 9.86,
            "gross_margin_4q_avg": 10.22,
            "net_income": 4681,
            "net_income_4q": null,
            "revenue": 1110716,
            "revenue_4q": null,
            "common_shares": 1781000,
            "book_valuer_per_share": 14.32,
            "book_valuer_per_share_4q_avg": 14.44,
            "equity": 2549826,
            "current_ratio": 273.27,
            "debt_ratio": 32.8,
            "inventory_turnover_ratio": 2,
            "account_receivable_turnover_ratio": 0.94,
            "reinvestment_rate": 13.26,
            "research_to_sale_ratio": 2.64,
            "price_fair": 4.66,
            "eps_avg_yearly": 1.55,
            "eps_latest_yearly": 0.12,
            "eps_growth_yearly": -17.25
        },
        "20134": {
            "year_quarter": 20134,
            "year": 2013,
            "quarter": 4,
            "eps": 0.19,
            "eps_growth_year": 3706.49,
            "eps_4q": 0.69,
            "eps_4q_growth_year": 25.02,
            "roe": 1.28,
            "roe_4q": 4.74,
            "gross_profit": 92162,
            "gross_margin": 7.77,
            "gross_margin_4q_avg": 9.46,
            "net_income": 33002,
            "net_income_4q": null,
            "revenue": 1186620,
            "revenue_4q": null,
            "common_shares": 1781000,
            "book_valuer_per_share": 14.55,
            "book_valuer_per_share_4q_avg": 14.47,
            "equity": 2590789,
            "current_ratio": 277.82,
            "debt_ratio": 32.69,
            "inventory_turnover_ratio": 2.01,
            "account_receivable_turnover_ratio": 1.05,
            "reinvestment_rate": 10.44,
            "research_to_sale_ratio": 2.67,
            "price_fair": 53.48,
            "eps_avg_yearly": 1.53,
            "eps_latest_yearly": 0.76,
            "eps_growth_yearly": 220.94
        },
        "20141": {
            "year_quarter": 20141,
            "year": 2014,
            "quarter": 1,
            "eps": 0.32,
            "eps_growth_year": 0,
            "eps_4q": 0.69,
            "eps_4q_growth_year": 5.61,
            "roe": 2.17,
            "roe_4q": 4.73,
            "gross_profit": 130175,
            "gross_margin": 10.39,
            "gross_margin_4q_avg": 9.42,
            "net_income": 56943,
            "net_income_4q": null,
            "revenue": 1253121,
            "revenue_4q": null,
            "common_shares": 1781000,
            "book_valuer_per_share": 14.93,
            "book_valuer_per_share_4q_avg": 14.53,
            "equity": 2659783,
            "current_ratio": 267.45,
            "debt_ratio": 34.09,
            "inventory_turnover_ratio": 1.82,
            "account_receivable_turnover_ratio": 1.08,
            "reinvestment_rate": -18.65,
            "research_to_sale_ratio": 2.32,
            "price_fair": 48.72,
            "eps_avg_yearly": 1.39,
            "eps_latest_yearly": 1.28,
            "eps_growth_yearly": 182.7
        },
        "20142": {
            "year_quarter": 20142,
            "year": 2014,
            "quarter": 2,
            "eps": 0.07,
            "eps_growth_year": -56.25,
            "eps_4q": 0.61,
            "eps_4q_growth_year": 17.46,
            "roe": 0.51,
            "roe_4q": 4.14,
            "gross_profit": 113873,
            "gross_margin": 10.16,
            "gross_margin_4q_avg": 9.55,
            "net_income": 13269,
            "net_income_4q": null,
            "revenue": 1120332,
            "revenue_4q": null,
            "common_shares": 1781000,
            "book_valuer_per_share": 14.38,
            "book_valuer_per_share_4q_avg": 14.55,
            "equity": 2560680,
            "current_ratio": 269.86,
            "debt_ratio": 33.63,
            "inventory_turnover_ratio": 1.45,
            "account_receivable_turnover_ratio": 0.96,
            "reinvestment_rate": -23.55,
            "research_to_sale_ratio": 2.52,
            "price_fair": 40.18,
            "eps_avg_yearly": 1.15,
            "eps_latest_yearly": 0.28,
            "eps_growth_yearly": 150.24
        },
        "20143": {
            "year_quarter": 20143,
            "year": 2014,
            "quarter": 3,
            "eps": 0.1,
            "eps_growth_year": 233.33,
            "eps_4q": 0.67,
            "eps_4q_growth_year": 32.78,
            "roe": 0.66,
            "roe_4q": 4.62,
            "gross_profit": 84161,
            "gross_margin": 7.39,
            "gross_margin_4q_avg": 8.93,
            "net_income": 16935,
            "net_income_4q": null,
            "revenue": 1139000,
            "revenue_4q": null,
            "common_shares": 1781000,
            "book_valuer_per_share": 14.48,
            "book_valuer_per_share_4q_avg": 14.59,
            "equity": 2579252,
            "current_ratio": 300.39,
            "debt_ratio": 30.42,
            "inventory_turnover_ratio": 1.31,
            "account_receivable_turnover_ratio": 0.94,
            "reinvestment_rate": -24.73,
            "research_to_sale_ratio": 2.44,
            "price_fair": 37.38,
            "eps_avg_yearly": 1.07,
            "eps_latest_yearly": 0.4,
            "eps_growth_yearly": 189.74
        },
        "20144": {
            "year_quarter": 20144,
            "year": 2014,
            "quarter": 4,
            "eps": -0.86,
            "eps_growth_year": -564.41,
            "eps_4q": -0.37,
            "eps_4q_growth_year": -153.92,
            "roe": -6.12,
            "roe_4q": -2.7800000000000002,
            "gross_profit": 32126,
            "gross_margin": 5.03,
            "gross_margin_4q_avg": 8.24,
            "net_income": -153263,
            "net_income_4q": null,
            "revenue": 638195,
            "revenue_4q": null,
            "common_shares": 1781000,
            "book_valuer_per_share": 13.66,
            "book_valuer_per_share_4q_avg": 14.36,
            "equity": 2432249,
            "current_ratio": 344.85,
            "debt_ratio": 27.43,
            "inventory_turnover_ratio": 0.68,
            "account_receivable_turnover_ratio": 0.59,
            "reinvestment_rate": -44.85,
            "research_to_sale_ratio": 3.44,
            "price_fair": 37.38,
            "eps_avg_yearly": 1.07,
            "eps_latest_yearly": 0.4,
            "eps_growth_yearly": 189.74
        },
        "20151": {
            "year_quarter": 20151,
            "year": 2015,
            "quarter": 1,
            "eps": -0.06,
            "eps_growth_year": -118.75,
            "eps_4q": -0.75,
            "eps_4q_growth_year": -209.09,
            "roe": -0.46,
            "roe_4q": -5.41,
            "gross_profit": 76244,
            "gross_margin": 10.8,
            "gross_margin_4q_avg": 8.35,
            "net_income": -11126,
            "net_income_4q": null,
            "revenue": 706040,
            "revenue_4q": null,
            "common_shares": 1781000,
            "book_valuer_per_share": 13.62,
            "book_valuer_per_share_4q_avg": 14.04,
            "equity": 2425337,
            "current_ratio": 344.52,
            "debt_ratio": 27.2,
            "inventory_turnover_ratio": 0.62,
            "account_receivable_turnover_ratio": 0.82,
            "reinvestment_rate": -35.19,
            "research_to_sale_ratio": 3.82,
            "price_fair": 37.38,
            "eps_avg_yearly": 1.07,
            "eps_latest_yearly": 0.4,
            "eps_growth_yearly": 189.74
        },
        "20152": {
            "year_quarter": 20152,
            "year": 2015,
            "quarter": 2,
            "eps": -0.28,
            "eps_growth_year": -500,
            "eps_4q": -1.11,
            "eps_4q_growth_year": -283.23,
            "roe": -2.1,
            "roe_4q": -8.02,
            "gross_profit": 41728,
            "gross_margin": 5.92,
            "gross_margin_4q_avg": 7.29,
            "net_income": -50242,
            "net_income_4q": null,
            "revenue": 704424,
            "revenue_4q": null,
            "common_shares": 1781000,
            "book_valuer_per_share": 13.3,
            "book_valuer_per_share_4q_avg": 13.77,
            "equity": 2368232,
            "current_ratio": 442.81,
            "debt_ratio": 22.4,
            "inventory_turnover_ratio": 0.65,
            "account_receivable_turnover_ratio": 0.94,
            "reinvestment_rate": -58.72,
            "research_to_sale_ratio": 3.83,
            "price_fair": 34.07,
            "eps_avg_yearly": 0.97,
            "eps_latest_yearly": 0.4,
            "eps_growth_yearly": 219.71
        },
        "20153": {
            "year_quarter": 20153,
            "year": 2015,
            "quarter": 3,
            "eps": 0.08,
            "eps_growth_year": -20,
            "eps_4q": -1.12,
            "eps_4q_growth_year": -265.56,
            "roe": 0.66,
            "roe_4q": -8.02,
            "gross_profit": 44226,
            "gross_margin": 4.97,
            "gross_margin_4q_avg": 6.68,
            "net_income": 15712,
            "net_income_4q": null,
            "revenue": 890287,
            "revenue_4q": null,
            "common_shares": 1781000,
            "book_valuer_per_share": 13.41,
            "book_valuer_per_share_4q_avg": 13.5,
            "equity": 2387490,
            "current_ratio": 419.83,
            "debt_ratio": 23.43,
            "inventory_turnover_ratio": 1.03,
            "account_receivable_turnover_ratio": 1.25,
            "reinvestment_rate": -298.51,
            "research_to_sale_ratio": 3.25,
            "price_fair": 21,
            "eps_avg_yearly": 0.6,
            "eps_latest_yearly": 0.4,
            "eps_growth_yearly": 194.05
        },
        "20154": {
            "year_quarter": 20154,
            "year": 2015,
            "quarter": 4,
            "eps": -0.33,
            "eps_growth_year": null,
            "eps_4q": -0.59,
            "eps_4q_growth_year": null,
            "roe": -2.49,
            "roe_4q": -4.390000000000001,
            "gross_profit": 21878,
            "gross_margin": 4.13,
            "gross_margin_4q_avg": 6.46,
            "net_income": -58667,
            "net_income_4q": null,
            "revenue": 529844,
            "revenue_4q": null,
            "common_shares": 1781000,
            "book_valuer_per_share": 13.1,
            "book_valuer_per_share_4q_avg": 13.36,
            "equity": 2333857,
            "current_ratio": 363.76,
            "debt_ratio": 25.12,
            "inventory_turnover_ratio": 0.71,
            "account_receivable_turnover_ratio": 0.95,
            "reinvestment_rate": -864.41,
            "research_to_sale_ratio": 5.93,
            "price_fair": 21,
            "eps_avg_yearly": 0.6,
            "eps_latest_yearly": 0.4,
            "eps_growth_yearly": 194.05
        },
        "20161": {
            "year_quarter": 20161,
            "year": 2016,
            "quarter": 1,
            "eps": -0.12,
            "eps_growth_year": null,
            "eps_4q": -0.64,
            "eps_4q_growth_year": null,
            "roe": -0.9,
            "roe_4q": -4.83,
            "gross_profit": 90018,
            "gross_margin": 11.58,
            "gross_margin_4q_avg": 6.65,
            "net_income": -20939,
            "net_income_4q": null,
            "revenue": 777583,
            "revenue_4q": null,
            "common_shares": 1781000,
            "book_valuer_per_share": 12.97,
            "book_valuer_per_share_4q_avg": 13.2,
            "equity": 2310037,
            "current_ratio": 353.44,
            "debt_ratio": 25.55,
            "inventory_turnover_ratio": 1,
            "account_receivable_turnover_ratio": 2.11,
            "reinvestment_rate": null,
            "research_to_sale_ratio": 3.61,
            "price_fair": 21,
            "eps_avg_yearly": 0.6,
            "eps_latest_yearly": 0.4,
            "eps_growth_yearly": 194.05
        },
        "20162": {
            "year_quarter": 20162,
            "year": 2016,
            "quarter": 2,
            "eps": 0.15,
            "eps_growth_year": null,
            "eps_4q": -0.21,
            "eps_4q_growth_year": null,
            "roe": 1.13,
            "roe_4q": -1.6,
            "gross_profit": 107690,
            "gross_margin": 15.02,
            "gross_margin_4q_avg": 8.93,
            "net_income": 26245,
            "net_income_4q": null,
            "revenue": 716967,
            "revenue_4q": null,
            "common_shares": 1781000,
            "book_valuer_per_share": 13.15,
            "book_valuer_per_share_4q_avg": 13.16,
            "equity": 2341440,
            "current_ratio": 376.16,
            "debt_ratio": 24.54,
            "inventory_turnover_ratio": 0.96,
            "account_receivable_turnover_ratio": 2.06,
            "reinvestment_rate": null,
            "research_to_sale_ratio": 3.09,
            "price_fair": 18,
            "eps_avg_yearly": 0.51,
            "eps_latest_yearly": 0.4,
            "eps_growth_yearly": 197.28
        },
        "20163": {
            "year_quarter": 20163,
            "year": 2016,
            "quarter": 3,
            "eps": -0.26,
            "eps_growth_year": -425,
            "eps_4q": -0.56,
            "eps_4q_growth_year": null,
            "roe": -1.98,
            "roe_4q": -4.24,
            "gross_profit": 72255,
            "gross_margin": 9.4,
            "gross_margin_4q_avg": 10.03,
            "net_income": -45774,
            "net_income_4q": null,
            "revenue": 768437,
            "revenue_4q": null,
            "common_shares": 1781000,
            "book_valuer_per_share": 12.88,
            "book_valuer_per_share_4q_avg": 13.03,
            "equity": 2293527,
            "current_ratio": 343.51,
            "debt_ratio": 26.63,
            "inventory_turnover_ratio": 1.18,
            "account_receivable_turnover_ratio": 2.37,
            "reinvestment_rate": null,
            "research_to_sale_ratio": 2.39,
            "price_fair": 20.3,
            "eps_avg_yearly": 0.58,
            "eps_latest_yearly": 0.4,
            "eps_growth_yearly": 290.16
        },
        "20164": {
            "year_quarter": 20164,
            "year": 2016,
            "quarter": 4,
            "eps": 0.04,
            "eps_growth_year": null,
            "eps_4q": -0.18,
            "eps_4q_growth_year": null,
            "roe": 0.33,
            "roe_4q": -1.42,
            "gross_profit": 77071,
            "gross_margin": 10.49,
            "gross_margin_4q_avg": 11.62,
            "net_income": 7653,
            "net_income_4q": null,
            "revenue": 734589,
            "revenue_4q": null,
            "common_shares": 1781000,
            "book_valuer_per_share": 12.86,
            "book_valuer_per_share_4q_avg": 12.97,
            "equity": 2290360,
            "current_ratio": 323.16,
            "debt_ratio": 27.82,
            "inventory_turnover_ratio": 1.06,
            "account_receivable_turnover_ratio": 2.64,
            "reinvestment_rate": null,
            "research_to_sale_ratio": 4.48,
            "price_fair": 20.3,
            "eps_avg_yearly": 0.58,
            "eps_latest_yearly": 0.4,
            "eps_growth_yearly": 290.16
        },
        "20171": {
            "year_quarter": 20171,
            "year": 2017,
            "quarter": 1,
            "eps": -0.2,
            "eps_growth_year": null,
            "eps_4q": -0.27,
            "eps_4q_growth_year": null,
            "roe": -1.56,
            "roe_4q": -2.08,
            "gross_profit": 89536,
            "gross_margin": 11.5,
            "gross_margin_4q_avg": 11.6,
            "net_income": -35337,
            "net_income_4q": null,
            "revenue": 778407,
            "revenue_4q": null,
            "common_shares": 1781000,
            "book_valuer_per_share": 12.61,
            "book_valuer_per_share_4q_avg": 12.88,
            "equity": 2245354,
            "current_ratio": 321.25,
            "debt_ratio": 27.66,
            "inventory_turnover_ratio": 1.04,
            "account_receivable_turnover_ratio": 2.88,
            "reinvestment_rate": null,
            "research_to_sale_ratio": 3.28,
            "price_fair": 20.3,
            "eps_avg_yearly": 0.58,
            "eps_latest_yearly": 0.4,
            "eps_growth_yearly": 290.16
        },
        "20172": {
            "year_quarter": 20172,
            "year": 2017,
            "quarter": 2,
            "eps": 0.46,
            "eps_growth_year": 206.67,
            "eps_4q": 0.05,
            "eps_4q_growth_year": null,
            "roe": 3.58,
            "roe_4q": 0.3700000000000001,
            "gross_profit": 142850,
            "gross_margin": 14.02,
            "gross_margin_4q_avg": 11.35,
            "net_income": 81864,
            "net_income_4q": null,
            "revenue": 1018721,
            "revenue_4q": null,
            "common_shares": 1781000,
            "book_valuer_per_share": 13.08,
            "book_valuer_per_share_4q_avg": 12.86,
            "equity": 2328923,
            "current_ratio": 302.2,
            "debt_ratio": 29.23,
            "inventory_turnover_ratio": 1.27,
            "account_receivable_turnover_ratio": 2.55,
            "reinvestment_rate": null,
            "research_to_sale_ratio": 2.36,
            "price_fair": 19.88,
            "eps_avg_yearly": 0.57,
            "eps_latest_yearly": 0.4,
            "eps_growth_yearly": 388.19
        },
        "20173": {
            "year_quarter": 20173,
            "year": 2017,
            "quarter": 3,
            "eps": 0.33,
            "eps_growth_year": null,
            "eps_4q": 0.63,
            "eps_4q_growth_year": null,
            "roe": 2.48,
            "roe_4q": 4.83,
            "gross_profit": 133723,
            "gross_margin": 16.07,
            "gross_margin_4q_avg": 13.02,
            "net_income": 58635,
            "net_income_4q": null,
            "revenue": 832114,
            "revenue_4q": null,
            "common_shares": 1781000,
            "book_valuer_per_share": 13.44,
            "book_valuer_per_share_4q_avg": 13,
            "equity": 2392894,
            "current_ratio": 308.9,
            "debt_ratio": 28.41,
            "inventory_turnover_ratio": 0.94,
            "account_receivable_turnover_ratio": 1.94,
            "reinvestment_rate": null,
            "research_to_sale_ratio": 3.32,
            "price_fair": 28.28,
            "eps_avg_yearly": 0.81,
            "eps_latest_yearly": 1.32,
            "eps_growth_yearly": 430.58
        },
        "20174": {
            "year_quarter": 20174,
            "year": 2017,
            "quarter": 4,
            "eps": -0.03,
            "eps_growth_year": -162.03,
            "eps_4q": 0.56,
            "eps_4q_growth_year": null,
            "roe": -0.01,
            "roe_4q": 4.49,
            "gross_profit": 89075,
            "gross_margin": 10.94,
            "gross_margin_4q_avg": 13.13,
            "net_income": -228,
            "net_income_4q": null,
            "revenue": 814150,
            "revenue_4q": null,
            "common_shares": 1781000,
            "book_valuer_per_share": 13.4,
            "book_valuer_per_share_4q_avg": 13.13,
            "equity": 2631371,
            "current_ratio": 284.12,
            "debt_ratio": 28.98,
            "inventory_turnover_ratio": 0.84,
            "account_receivable_turnover_ratio": 1.81,
            "reinvestment_rate": null,
            "research_to_sale_ratio": 3.36,
            "price_fair": 12.21,
            "eps_avg_yearly": 0.82,
            "eps_latest_yearly": 1.32,
            "eps_growth_yearly": 4.89
        },
        "20181": {
            "year_quarter": 20181,
            "year": 2018,
            "quarter": 1,
            "eps": 0.42,
            "eps_growth_year": null,
            "eps_4q": 1.18,
            "eps_4q_growth_year": null,
            "roe": 3.19,
            "roe_4q": 9.24,
            "gross_profit": 199248,
            "gross_margin": 19.24,
            "gross_margin_4q_avg": 15.07,
            "net_income": 85450,
            "net_income_4q": null,
            "revenue": 1035770,
            "revenue_4q": null,
            "common_shares": 1781000,
            "book_valuer_per_share": 13.79,
            "book_valuer_per_share_4q_avg": 13.43,
            "equity": 2721258,
            "current_ratio": 274.27,
            "debt_ratio": 29.29,
            "inventory_turnover_ratio": 0.85,
            "account_receivable_turnover_ratio": 2.02,
            "reinvestment_rate": null,
            "research_to_sale_ratio": 2.67,
            "price_fair": 2,
            "eps_avg_yearly": 0.67,
            "eps_latest_yearly": 1.32,
            "eps_growth_yearly": -84.7
        },
        "20182": {
            "year_quarter": 20182,
            "year": 2018,
            "quarter": 2,
            "eps": 0.1,
            "eps_growth_year": -78.26,
            "eps_4q": 0.83,
            "eps_4q_growth_year": 1648.75,
            "roe": 1.22,
            "roe_4q": 6.880000000000001,
            "gross_profit": 106744,
            "gross_margin": 14.06,
            "gross_margin_4q_avg": 15.08,
            "net_income": 32434,
            "net_income_4q": null,
            "revenue": 759189,
            "revenue_4q": null,
            "common_shares": 1781000,
            "book_valuer_per_share": 13.12,
            "book_valuer_per_share_4q_avg": 13.44,
            "equity": 2613551,
            "current_ratio": 263.93,
            "debt_ratio": 28.12,
            "inventory_turnover_ratio": 0.62,
            "account_receivable_turnover_ratio": 1.66,
            "reinvestment_rate": null,
            "research_to_sale_ratio": 3,
            "price_fair": 2.12,
            "eps_avg_yearly": 0.71,
            "eps_latest_yearly": 0.4,
            "eps_growth_yearly": -82.13
        },
        "20183": {
            "year_quarter": 20183,
            "year": 2018,
            "quarter": 3,
            "eps": -1.19,
            "eps_growth_year": -460.61,
            "eps_4q": -0.7,
            "eps_4q_growth_year": -210.15,
            "roe": -7.73,
            "roe_4q": -3.3300000000000005,
            "gross_profit": -541,
            "gross_margin": -0.08,
            "gross_margin_4q_avg": 11.04,
            "net_income": -193793,
            "net_income_4q": null,
            "revenue": 695571,
            "revenue_4q": null,
            "common_shares": 1781000,
            "book_valuer_per_share": 11.87,
            "book_valuer_per_share_4q_avg": 13.05,
            "equity": 2400113,
            "current_ratio": 276.7,
            "debt_ratio": 25.9,
            "inventory_turnover_ratio": 0.73,
            "account_receivable_turnover_ratio": 1.59,
            "reinvestment_rate": null,
            "research_to_sale_ratio": 2.38,
            "price_fair": 2.58,
            "eps_avg_yearly": 0.86,
            "eps_latest_yearly": 0.4,
            "eps_growth_yearly": -208.9
        },
        "20184": {
            "year_quarter": 20184,
            "year": 2018,
            "quarter": 4,
            "eps": -0.69,
            "eps_growth_year": null,
            "eps_4q": -1.37,
            "eps_4q_growth_year": -342.25,
            "roe": -4.89,
            "roe_4q": -8.21,
            "gross_profit": -16032,
            "gross_margin": -2.92,
            "gross_margin_4q_avg": 7.58,
            "net_income": -114587,
            "net_income_4q": null,
            "revenue": 549525,
            "revenue_4q": null,
            "common_shares": 1781000,
            "book_valuer_per_share": 11.17,
            "book_valuer_per_share_4q_avg": 12.49,
            "equity": 2284046,
            "current_ratio": 300.18,
            "debt_ratio": 24.65,
            "inventory_turnover_ratio": 0.71,
            "account_receivable_turnover_ratio": 1.45,
            "reinvestment_rate": null,
            "research_to_sale_ratio": 4.23,
            "price_fair": 2.58,
            "eps_avg_yearly": 0.86,
            "eps_latest_yearly": 0.4,
            "eps_growth_yearly": -208.9
        },
        "20191": {
            "year_quarter": 20191,
            "year": 2019,
            "quarter": 1,
            "eps": 0.02,
            "eps_growth_year": -95.24,
            "eps_4q": -1.77,
            "eps_4q_growth_year": -249.21,
            "roe": 0.47,
            "roe_4q": -10.93,
            "gross_profit": 63452,
            "gross_margin": 10.82,
            "gross_margin_4q_avg": 5.47,
            "net_income": 10909,
            "net_income_4q": null,
            "revenue": 586684,
            "revenue_4q": null,
            "common_shares": 1781000,
            "book_valuer_per_share": 11.29,
            "book_valuer_per_share_4q_avg": 11.86,
            "equity": 2318333,
            "current_ratio": 344.61,
            "debt_ratio": 21.77,
            "inventory_turnover_ratio": 0.74,
            "account_receivable_turnover_ratio": 1.75,
            "reinvestment_rate": null,
            "research_to_sale_ratio": 2.83,
            "price_fair": 2.58,
            "eps_avg_yearly": 0.86,
            "eps_latest_yearly": 0.4,
            "eps_growth_yearly": -208.9
        },
        "20192": {
            "year_quarter": 20192,
            "year": 2019,
            "quarter": 2,
            "eps": -0.26,
            "eps_growth_year": -360,
            "eps_4q": -2.13,
            "eps_4q_growth_year": -358.07,
            "roe": -1.58,
            "roe_4q": -13.73,
            "gross_profit": 39730,
            "gross_margin": 8.05,
            "gross_margin_4q_avg": 3.97,
            "net_income": -36364,
            "net_income_4q": null,
            "revenue": 493372,
            "revenue_4q": null,
            "common_shares": 1781000,
            "book_valuer_per_share": 11.03,
            "book_valuer_per_share_4q_avg": 11.34,
            "equity": 2279628,
            "current_ratio": 342.08,
            "debt_ratio": 21.3,
            "inventory_turnover_ratio": 0.76,
            "account_receivable_turnover_ratio": 1.46,
            "reinvestment_rate": null,
            "research_to_sale_ratio": 3.48,
            "price_fair": 2.58,
            "eps_avg_yearly": 0.86,
            "eps_latest_yearly": 0.4,
            "eps_growth_yearly": -208.9
        },
        "20193": {
            "year_quarter": 20193,
            "year": 2019,
            "quarter": 3,
            "eps": 0.06,
            "eps_growth_year": null,
            "eps_4q": -0.88,
            "eps_4q_growth_year": null,
            "roe": 1.09,
            "roe_4q": -4.91,
            "gross_profit": 83913,
            "gross_margin": 14.52,
            "gross_margin_4q_avg": 7.62,
            "net_income": 24809,
            "net_income_4q": null,
            "revenue": 578006,
            "revenue_4q": null,
            "common_shares": 1781000,
            "book_valuer_per_share": 11.04,
            "book_valuer_per_share_4q_avg": 11.13,
            "equity": 2264112,
            "current_ratio": 292.45,
            "debt_ratio": 24.7,
            "inventory_turnover_ratio": 0.93,
            "account_receivable_turnover_ratio": 1.8,
            "reinvestment_rate": null,
            "research_to_sale_ratio": 3.27,
            "price_fair": 2.58,
            "eps_avg_yearly": 0.86,
            "eps_latest_yearly": 0.4,
            "eps_growth_yearly": -208.9
        },
        "20194": {
            "year_quarter": 20194,
            "year": 2019,
            "quarter": 4,
            "eps": 0.22,
            "eps_growth_year": null,
            "eps_4q": 0.04,
            "eps_4q_growth_year": null,
            "roe": 2.04,
            "roe_4q": 2.0199999999999996,
            "gross_profit": 68507,
            "gross_margin": 11.02,
            "gross_margin_4q_avg": 11.1,
            "net_income": 46519,
            "net_income_4q": null,
            "revenue": 621672,
            "revenue_4q": null,
            "common_shares": 1781000,
            "book_valuer_per_share": 11.23,
            "book_valuer_per_share_4q_avg": 11.15,
            "equity": 2302166,
            "current_ratio": 269.68,
            "debt_ratio": 26.1,
            "inventory_turnover_ratio": 1.08,
            "account_receivable_turnover_ratio": 1.86,
            "reinvestment_rate": null,
            "research_to_sale_ratio": 2.98,
            "price_fair": 30.33,
            "eps_avg_yearly": 0.87,
            "eps_latest_yearly": 0.88,
            "eps_growth_yearly": 216.29
        },
        "20201": {
            "year_quarter": 20201,
            "year": 2020,
            "quarter": 1,
            "eps": -0.15,
            "eps_growth_year": -850,
            "eps_4q": -0.13,
            "eps_4q_growth_year": null,
            "roe": -1.07,
            "roe_4q": 0.48,
            "gross_profit": 47202,
            "gross_margin": 11.35,
            "gross_margin_4q_avg": 11.24,
            "net_income": -24281,
            "net_income_4q": null,
            "revenue": 415877,
            "revenue_4q": null,
            "common_shares": 1781000,
            "book_valuer_per_share": 10.98,
            "book_valuer_per_share_4q_avg": 11.07,
            "equity": 2256693,
            "current_ratio": 332.14,
            "debt_ratio": 25.74,
            "inventory_turnover_ratio": 0.79,
            "account_receivable_turnover_ratio": 1.65,
            "reinvestment_rate": null,
            "research_to_sale_ratio": 3.96,
            "price_fair": 30.33,
            "eps_avg_yearly": 0.87,
            "eps_latest_yearly": 0.88,
            "eps_growth_yearly": 216.29
        },
        "20202": {
            "year_quarter": 20202,
            "year": 2020,
            "quarter": 2,
            "eps": 0.27,
            "eps_growth_year": null,
            "eps_4q": 0.4,
            "eps_4q_growth_year": null,
            "roe": 2.22,
            "roe_4q": 4.28,
            "gross_profit": 46120,
            "gross_margin": 11.41,
            "gross_margin_4q_avg": 12.08,
            "net_income": 47544,
            "net_income_4q": null,
            "revenue": 404286,
            "revenue_4q": null,
            "common_shares": 1781000,
            "book_valuer_per_share": 11.37,
            "book_valuer_per_share_4q_avg": 11.16,
            "equity": 2025102,
            "current_ratio": 371.98,
            "debt_ratio": 22.99,
            "inventory_turnover_ratio": 0.76,
            "account_receivable_turnover_ratio": 2.65,
            "reinvestment_rate": null,
            "research_to_sale_ratio": 3.97,
            "price_fair": 30.33,
            "eps_avg_yearly": 0.87,
            "eps_latest_yearly": 0.88,
            "eps_growth_yearly": 216.29
        },
        "20203": {
            "year_quarter": 20203,
            "year": 2020,
            "quarter": 3,
            "eps": 0.49,
            "eps_growth_year": 716.67,
            "eps_4q": 0.82,
            "eps_4q_growth_year": null,
            "roe": 4.18,
            "roe_4q": 7.37,
            "gross_profit": 73145,
            "gross_margin": 10.65,
            "gross_margin_4q_avg": 11.11,
            "net_income": 86428,
            "net_income_4q": null,
            "revenue": 686935,
            "revenue_4q": null,
            "common_shares": 1781000,
            "book_valuer_per_share": 11.85,
            "book_valuer_per_share_4q_avg": 11.36,
            "equity": 2109866,
            "current_ratio": 418.94,
            "debt_ratio": 21.21,
            "inventory_turnover_ratio": 1.25,
            "account_receivable_turnover_ratio": 4.33,
            "reinvestment_rate": null,
            "research_to_sale_ratio": 2.5,
            "price_fair": 39.9,
            "eps_avg_yearly": 1.14,
            "eps_latest_yearly": 1.96,
            "eps_growth_yearly": 243.7
        },
        "20204": {
            "year_quarter": 20204,
            "year": 2020,
            "quarter": 4,
            "eps": 0.2,
            "eps_growth_year": -9.53,
            "eps_4q": 0.8,
            "eps_4q_growth_year": 1823.06,
            "roe": 1.69,
            "roe_4q": 7.02,
            "gross_profit": 86940,
            "gross_margin": 14.55,
            "gross_margin_4q_avg": 11.99,
            "net_income": 35909,
            "net_income_4q": null,
            "revenue": 597474,
            "revenue_4q": null,
            "common_shares": 1781000,
            "book_valuer_per_share": 12.07,
            "book_valuer_per_share_4q_avg": 11.57,
            "equity": 2149432,
            "current_ratio": 377.51,
            "debt_ratio": 23.46,
            "inventory_turnover_ratio": 0.93,
            "account_receivable_turnover_ratio": 4.09,
            "reinvestment_rate": -669.3,
            "research_to_sale_ratio": 3.62,
            "price_fair": 37.52,
            "eps_avg_yearly": 1.07,
            "eps_latest_yearly": 0.8,
            "eps_growth_yearly": 147.61
        },
        "20211": {
            "year_quarter": 20211,
            "year": 2021,
            "quarter": 1,
            "eps": 0.39,
            "eps_growth_year": null,
            "eps_4q": 1.34,
            "eps_4q_growth_year": null,
            "roe": 3.15,
            "roe_4q": 11.24,
            "gross_profit": 94326,
            "gross_margin": 15.84,
            "gross_margin_4q_avg": 13.11,
            "net_income": 68778,
            "net_income_4q": null,
            "revenue": 595526,
            "revenue_4q": null,
            "common_shares": 1781000,
            "book_valuer_per_share": 12.45,
            "book_valuer_per_share_4q_avg": 11.94,
            "equity": 2216921,
            "current_ratio": 400.71,
            "debt_ratio": 22.28,
            "inventory_turnover_ratio": 0.76,
            "account_receivable_turnover_ratio": 4.43,
            "reinvestment_rate": -82.94,
            "research_to_sale_ratio": 3.34,
            "price_fair": 40.37,
            "eps_avg_yearly": 1.15,
            "eps_latest_yearly": 1.56,
            "eps_growth_yearly": 186.34
        },
        "20212": {
            "year_quarter": 20212,
            "year": 2021,
            "quarter": 2,
            "eps": 0.83,
            "eps_growth_year": 207.41,
            "eps_4q": 1.9,
            "eps_4q_growth_year": 378.72,
            "roe": 6.46,
            "roe_4q": 15.479999999999999,
            "gross_profit": 145325,
            "gross_margin": 22.82,
            "gross_margin_4q_avg": 15.97,
            "net_income": 147696,
            "net_income_4q": null,
            "revenue": 636806,
            "revenue_4q": null,
            "common_shares": 1781000,
            "book_valuer_per_share": 13.24,
            "book_valuer_per_share_4q_avg": 12.4,
            "equity": 2357538,
            "current_ratio": 395.57,
            "debt_ratio": 21.82,
            "inventory_turnover_ratio": 0.64,
            "account_receivable_turnover_ratio": 5.33,
            "reinvestment_rate": -49.8,
            "research_to_sale_ratio": 3.82,
            "price_fair": 51.2,
            "eps_avg_yearly": 1.46,
            "eps_latest_yearly": 3.32,
            "eps_growth_yearly": 224.19
        },
        "20213": {
            "year_quarter": 20213,
            "year": 2021,
            "quarter": 3,
            "eps": 0.33,
            "eps_growth_year": -32.65,
            "eps_4q": 1.75,
            "eps_4q_growth_year": 112.22,
            "roe": 2.49,
            "roe_4q": 13.79,
            "gross_profit": 133325,
            "gross_margin": 19.61,
            "gross_margin_4q_avg": 18.21,
            "net_income": 58468,
            "net_income_4q": null,
            "revenue": 679932,
            "revenue_4q": null,
            "common_shares": 1781000,
            "book_valuer_per_share": 13.18,
            "book_valuer_per_share_4q_avg": 12.74,
            "equity": 2347762,
            "current_ratio": 398.5,
            "debt_ratio": 21.69,
            "inventory_turnover_ratio": 0.68,
            "account_receivable_turnover_ratio": 6,
            "reinvestment_rate": -76.09,
            "research_to_sale_ratio": 2.66,
            "price_fair": 51.2,
            "eps_avg_yearly": 1.46,
            "eps_latest_yearly": 1.32,
            "eps_growth_yearly": 205.92
        },
        "20214": {
            "year_quarter": 20214,
            "year": 2021,
            "quarter": 4,
            "eps": 0.49,
            "eps_growth_year": 141.53,
            "eps_4q": 2.03,
            "eps_4q_growth_year": 153.47,
            "roe": 3.63,
            "roe_4q": 15.73,
            "gross_profit": 147157,
            "gross_margin": 17.06,
            "gross_margin_4q_avg": 18.83,
            "net_income": 86733,
            "net_income_4q": null,
            "revenue": 862532,
            "revenue_4q": null,
            "common_shares": 1781000,
            "book_valuer_per_share": 13.65,
            "book_valuer_per_share_4q_avg": 13.13,
            "equity": 2431403,
            "current_ratio": 330.45,
            "debt_ratio": 26.23,
            "inventory_turnover_ratio": 0.79,
            "account_receivable_turnover_ratio": 6.21,
            "reinvestment_rate": -36.06,
            "research_to_sale_ratio": 4.15,
            "price_fair": 53.38,
            "eps_avg_yearly": 1.53,
            "eps_latest_yearly": 1.96,
            "eps_growth_yearly": 204.42
        },
        "20221": {
            "year_quarter": 20221,
            "year": 2022,
            "quarter": 1,
            "eps": 0.21,
            "eps_growth_year": -46.15,
            "eps_4q": 1.86,
            "eps_4q_growth_year": 38.61,
            "roe": 1.55,
            "roe_4q": 14.129999999999999,
            "gross_profit": 121302,
            "gross_margin": 17.56,
            "gross_margin_4q_avg": 19.26,
            "net_income": 37904,
            "net_income_4q": null,
            "revenue": 690764,
            "revenue_4q": null,
            "common_shares": 1781000,
            "book_valuer_per_share": 13.87,
            "book_valuer_per_share_4q_avg": 13.49,
            "equity": 2469843,
            "current_ratio": 362.75,
            "debt_ratio": 24.04,
            "inventory_turnover_ratio": 0.56,
            "account_receivable_turnover_ratio": 4.39,
            "reinvestment_rate": -42.64,
            "research_to_sale_ratio": 2.86,
            "price_fair": 50.71,
            "eps_avg_yearly": 1.45,
            "eps_latest_yearly": 0.84,
            "eps_growth_yearly": 156.31
        },
        "20222": {
            "year_quarter": 20222,
            "year": 2022,
            "quarter": 2,
            "eps": -0.08,
            "eps_growth_year": -109.64,
            "eps_4q": 0.95,
            "eps_4q_growth_year": -50.03,
            "roe": -0.59,
            "roe_4q": 7.08,
            "gross_profit": 77563,
            "gross_margin": 15.75,
            "gross_margin_4q_avg": 17.5,
            "net_income": -13793,
            "net_income_4q": null,
            "revenue": 492599,
            "revenue_4q": null,
            "common_shares": 1781000,
            "book_valuer_per_share": 12.57,
            "book_valuer_per_share_4q_avg": 13.32,
            "equity": 2237944,
            "current_ratio": 321,
            "debt_ratio": 26.85,
            "inventory_turnover_ratio": 0.41,
            "account_receivable_turnover_ratio": 2.98,
            "reinvestment_rate": -138.39,
            "research_to_sale_ratio": 3.62,
            "price_fair": 55.3,
            "eps_avg_yearly": 1.58,
            "eps_latest_yearly": 0.84,
            "eps_growth_yearly": 213.94
        },
        "20223": {
            "year_quarter": 20223,
            "year": 2022,
            "quarter": 3,
            "eps": 0.18,
            "eps_growth_year": -45.45,
            "eps_4q": 0.8,
            "eps_4q_growth_year": -54.13,
            "roe": 1.4,
            "roe_4q": 5.99,
            "gross_profit": 41332,
            "gross_margin": 7.58,
            "gross_margin_4q_avg": 14.49,
            "net_income": 31757,
            "net_income_4q": null,
            "revenue": 545575,
            "revenue_4q": null,
            "common_shares": 1781000,
            "book_valuer_per_share": 12.84,
            "book_valuer_per_share_4q_avg": 13.23,
            "equity": 2286341,
            "current_ratio": 469.58,
            "debt_ratio": 18.29,
            "inventory_turnover_ratio": 0.54,
            "account_receivable_turnover_ratio": 3.55,
            "reinvestment_rate": -40,
            "research_to_sale_ratio": 3.45,
            "price_fair": 55.3,
            "eps_avg_yearly": 1.58,
            "eps_latest_yearly": 0.84,
            "eps_growth_yearly": 213.94
        },
        "20224": {
            "year_quarter": 20224,
            "year": 2022,
            "quarter": 4,
            "eps": -0.24,
            "eps_growth_year": -149.6,
            "eps_4q": 0.07,
            "eps_4q_growth_year": -96.45,
            "roe": -1.9,
            "roe_4q": 0.4600000000000002,
            "gross_profit": 28423,
            "gross_margin": 5.6,
            "gross_margin_4q_avg": 11.62,
            "net_income": -43017,
            "net_income_4q": null,
            "revenue": 507447,
            "revenue_4q": null,
            "common_shares": 1781000,
            "book_valuer_per_share": 12.62,
            "book_valuer_per_share_4q_avg": 12.98,
            "equity": 2247427,
            "current_ratio": 427.94,
            "debt_ratio": 20.01,
            "inventory_turnover_ratio": 0.54,
            "account_receivable_turnover_ratio": 3.76,
            "reinvestment_rate": -27.61,
            "research_to_sale_ratio": 3.06,
            "price_fair": 55.3,
            "eps_avg_yearly": 1.58,
            "eps_latest_yearly": 0.84,
            "eps_growth_yearly": 213.94
        },
        "20231": {
            "year_quarter": 20231,
            "year": 2023,
            "quarter": 1,
            "eps": 0.15,
            "eps_growth_year": -28.57,
            "eps_4q": 0.01,
            "eps_4q_growth_year": -99.64,
            "roe": 1.16,
            "roe_4q": 0.06999999999999995,
            "gross_profit": 66869,
            "gross_margin": 9.69,
            "gross_margin_4q_avg": 9.66,
            "net_income": 26236,
            "net_income_4q": null,
            "revenue": 690191,
            "revenue_4q": null,
            "common_shares": 1781000,
            "book_valuer_per_share": 12.77,
            "book_valuer_per_share_4q_avg": 12.7,
            "equity": 2273836,
            "current_ratio": 427.45,
            "debt_ratio": 19.68,
            "inventory_turnover_ratio": 0.71,
            "account_receivable_turnover_ratio": 4.53,
            "reinvestment_rate": -15.61,
            "research_to_sale_ratio": 2.65,
            "price_fair": 55.3,
            "eps_avg_yearly": 1.58,
            "eps_latest_yearly": 0.84,
            "eps_growth_yearly": 213.94
        },
        "20232": {
            "year_quarter": 20232,
            "year": 2023,
            "quarter": 2,
            "eps": 0.1,
            "eps_growth_year": null,
            "eps_4q": 0.19,
            "eps_4q_growth_year": -80.18,
            "roe": 0.81,
            "roe_4q": 1.47,
            "gross_profit": 43599,
            "gross_margin": 8.06,
            "gross_margin_4q_avg": 7.73,
            "net_income": 18583,
            "net_income_4q": null,
            "revenue": 540807,
            "revenue_4q": null,
            "common_shares": 1781000,
            "book_valuer_per_share": 12.88,
            "book_valuer_per_share_4q_avg": 12.78,
            "equity": 2294342,
            "current_ratio": 510.57,
            "debt_ratio": 16.72,
            "inventory_turnover_ratio": 0.59,
            "account_receivable_turnover_ratio": 3.04,
            "reinvestment_rate": -15.68,
            "research_to_sale_ratio": 3.4,
            "price_fair": 50.71,
            "eps_avg_yearly": 1.45,
            "eps_latest_yearly": 0.4,
            "eps_growth_yearly": 175.36
        },
        "20233": {
            "year_quarter": 20233,
            "year": 2023,
            "quarter": 3,
            "eps": -0.14,
            "eps_growth_year": -177.78,
            "eps_4q": -0.13,
            "eps_4q_growth_year": -116.83,
            "roe": -1.13,
            "roe_4q": -1.0599999999999998,
            "gross_profit": 34099,
            "gross_margin": 6.2,
            "gross_margin_4q_avg": 7.39,
            "net_income": -25800,
            "net_income_4q": null,
            "revenue": 549824,
            "revenue_4q": null,
            "common_shares": 1781000,
            "book_valuer_per_share": 12.74,
            "book_valuer_per_share_4q_avg": 12.75,
            "equity": 2268861,
            "current_ratio": 432.91,
            "debt_ratio": 19.99,
            "inventory_turnover_ratio": 0.61,
            "account_receivable_turnover_ratio": 2.65,
            "reinvestment_rate": -18.98,
            "research_to_sale_ratio": 3.26,
            "price_fair": 50.71,
            "eps_avg_yearly": 1.45,
            "eps_latest_yearly": 0.4,
            "eps_growth_yearly": 175.36
        }
    },
    "months": {
        "2001-06": {
            "month": "2001-06",
            "price": "18.92",
            "revenue": 200883
        },
        "2001-07": {
            "month": "2001-07",
            "price": "13.01",
            "revenue": 222496
        },
        "2001-08": {
            "month": "2001-08",
            "price": "15.13",
            "revenue": 364424
        },
        "2001-09": {
            "month": "2001-09",
            "price": "11.61",
            "revenue": 365097
        },
        "2001-10": {
            "month": "2001-10",
            "price": "10.08",
            "revenue": 483044
        },
        "2001-11": {
            "month": "2001-11",
            "price": "13.04",
            "revenue": 359945
        },
        "2001-12": {
            "month": "2001-12",
            "price": "21.75",
            "revenue": 383047
        },
        "2002-01": {
            "month": "2002-01",
            "price": "30.70",
            "revenue": 481100
        },
        "2002-02": {
            "month": "2002-02",
            "price": "27.88",
            "revenue": 377973
        },
        "2002-03": {
            "month": "2002-03",
            "price": "27.36",
            "revenue": 367733
        },
        "2002-04": {
            "month": "2002-04",
            "price": "30.18",
            "revenue": 324486
        },
        "2002-05": {
            "month": "2002-05",
            "price": "26.13",
            "revenue": 360642
        },
        "2002-06": {
            "month": "2002-06",
            "price": "26.92",
            "revenue": 347947
        },
        "2002-07": {
            "month": "2002-07",
            "price": "26.46",
            "revenue": 292848
        },
        "2002-08": {
            "month": "2002-08",
            "price": "24.83",
            "revenue": 376745
        },
        "2002-09": {
            "month": "2002-09",
            "price": "20.84",
            "revenue": 470481
        },
        "2002-10": {
            "month": "2002-10",
            "price": "17.36",
            "revenue": 460131
        },
        "2002-11": {
            "month": "2002-11",
            "price": "18.69",
            "revenue": 477967
        },
        "2002-12": {
            "month": "2002-12",
            "price": "16.80",
            "revenue": 558133
        },
        "2003-01": {
            "month": "2003-01",
            "price": "16.85",
            "revenue": 548174
        },
        "2003-02": {
            "month": "2003-02",
            "price": "15.72",
            "revenue": 471533
        },
        "2003-03": {
            "month": "2003-03",
            "price": "15.04",
            "revenue": 520810
        },
        "2003-04": {
            "month": "2003-04",
            "price": "17.55",
            "revenue": 437559
        },
        "2003-05": {
            "month": "2003-05",
            "price": "25.59",
            "revenue": 400634
        },
        "2003-06": {
            "month": "2003-06",
            "price": "29.97",
            "revenue": 423326
        },
        "2003-07": {
            "month": "2003-07",
            "price": "35.95",
            "revenue": 395221
        },
        "2003-08": {
            "month": "2003-08",
            "price": "35.40",
            "revenue": 438774
        },
        "2003-09": {
            "month": "2003-09",
            "price": "29.66",
            "revenue": 571785
        },
        "2003-10": {
            "month": "2003-10",
            "price": "30.45",
            "revenue": 508225
        },
        "2003-11": {
            "month": "2003-11",
            "price": "30.48",
            "revenue": 518431
        },
        "2003-12": {
            "month": "2003-12",
            "price": "28.66",
            "revenue": 428449
        },
        "2004-01": {
            "month": "2004-01",
            "price": "28.77",
            "revenue": 329786
        },
        "2004-02": {
            "month": "2004-02",
            "price": "28.81",
            "revenue": 496895
        },
        "2004-03": {
            "month": "2004-03",
            "price": "27.00",
            "revenue": 488717
        },
        "2004-04": {
            "month": "2004-04",
            "price": "24.65",
            "revenue": 421475
        },
        "2004-05": {
            "month": "2004-05",
            "price": "18.36",
            "revenue": 387928
        },
        "2004-06": {
            "month": "2004-06",
            "price": "17.74",
            "revenue": 443040
        },
        "2004-07": {
            "month": "2004-07",
            "price": "14.97",
            "revenue": 467831
        },
        "2004-08": {
            "month": "2004-08",
            "price": "13.67",
            "revenue": 483124
        },
        "2004-09": {
            "month": "2004-09",
            "price": "11.44",
            "revenue": 614740
        },
        "2004-10": {
            "month": "2004-10",
            "price": "10.91",
            "revenue": 416426
        },
        "2004-11": {
            "month": "2004-11",
            "price": "10.82",
            "revenue": 459497
        },
        "2004-12": {
            "month": "2004-12",
            "price": "10.60",
            "revenue": 629432
        },
        "2005-01": {
            "month": "2005-01",
            "price": "9.70",
            "revenue": 526681
        },
        "2005-02": {
            "month": "2005-02",
            "price": "9.94",
            "revenue": 355883
        },
        "2005-03": {
            "month": "2005-03",
            "price": "9.67",
            "revenue": 464456
        },
        "2005-04": {
            "month": "2005-04",
            "price": "7.40",
            "revenue": 497912
        },
        "2005-05": {
            "month": "2005-05",
            "price": "7.87",
            "revenue": 479289
        },
        "2005-06": {
            "month": "2005-06",
            "price": "9.39",
            "revenue": 457713
        },
        "2005-07": {
            "month": "2005-07",
            "price": "11.23",
            "revenue": 365132
        },
        "2005-08": {
            "month": "2005-08",
            "price": "9.13",
            "revenue": 462890
        },
        "2005-09": {
            "month": "2005-09",
            "price": "8.56",
            "revenue": 558633
        },
        "2005-10": {
            "month": "2005-10",
            "price": "8.64",
            "revenue": 701643
        },
        "2005-11": {
            "month": "2005-11",
            "price": "9.71",
            "revenue": 731287
        },
        "2005-12": {
            "month": "2005-12",
            "price": "13.71",
            "revenue": 639254
        },
        "2006-01": {
            "month": "2006-01",
            "price": "14.01",
            "revenue": 554724
        },
        "2006-02": {
            "month": "2006-02",
            "price": "13.40",
            "revenue": 496895
        },
        "2006-03": {
            "month": "2006-03",
            "price": "13.27",
            "revenue": 731909
        },
        "2006-04": {
            "month": "2006-04",
            "price": "13.92",
            "revenue": 691710
        },
        "2006-05": {
            "month": "2006-05",
            "price": "17.70",
            "revenue": 571180
        },
        "2006-06": {
            "month": "2006-06",
            "price": "14.40",
            "revenue": 515046
        },
        "2006-07": {
            "month": "2006-07",
            "price": "15.32",
            "revenue": 487816
        },
        "2006-08": {
            "month": "2006-08",
            "price": "14.72",
            "revenue": 587860
        },
        "2006-09": {
            "month": "2006-09",
            "price": "13.45",
            "revenue": 765934
        },
        "2006-10": {
            "month": "2006-10",
            "price": "14.16",
            "revenue": 746433
        },
        "2006-11": {
            "month": "2006-11",
            "price": "15.60",
            "revenue": 717015
        },
        "2006-12": {
            "month": "2006-12",
            "price": "16.47",
            "revenue": 681068
        },
        "2007-01": {
            "month": "2007-01",
            "price": "16.70",
            "revenue": 731655
        },
        "2007-02": {
            "month": "2007-02",
            "price": "18.28",
            "revenue": 538142
        },
        "2007-03": {
            "month": "2007-03",
            "price": "22.59",
            "revenue": 958887
        },
        "2007-04": {
            "month": "2007-04",
            "price": "25.24",
            "revenue": 791843
        },
        "2007-05": {
            "month": "2007-05",
            "price": "24.04",
            "revenue": 825029
        },
        "2007-06": {
            "month": "2007-06",
            "price": "27.34",
            "revenue": 787536
        },
        "2007-07": {
            "month": "2007-07",
            "price": "34.18",
            "revenue": 831868
        },
        "2007-08": {
            "month": "2007-08",
            "price": "32.95",
            "revenue": 917776
        },
        "2007-09": {
            "month": "2007-09",
            "price": "32.95",
            "revenue": 872207
        },
        "2007-10": {
            "month": "2007-10",
            "price": "28.40",
            "revenue": 656588
        },
        "2007-11": {
            "month": "2007-11",
            "price": "22.85",
            "revenue": 644495
        },
        "2007-12": {
            "month": "2007-12",
            "price": "21.11",
            "revenue": 663804
        },
        "2008-01": {
            "month": "2008-01",
            "price": "17.92",
            "revenue": 491808
        },
        "2008-02": {
            "month": "2008-02",
            "price": "15.62",
            "revenue": 546129
        },
        "2008-03": {
            "month": "2008-03",
            "price": "17.47",
            "revenue": 710650
        },
        "2008-04": {
            "month": "2008-04",
            "price": "18.57",
            "revenue": 688784
        },
        "2008-05": {
            "month": "2008-05",
            "price": "18.23",
            "revenue": 614517
        },
        "2008-06": {
            "month": "2008-06",
            "price": "15.78",
            "revenue": 593238
        },
        "2008-07": {
            "month": "2008-07",
            "price": "12.80",
            "revenue": 524302
        },
        "2008-08": {
            "month": "2008-08",
            "price": "13.54",
            "revenue": 577415
        },
        "2008-09": {
            "month": "2008-09",
            "price": "10.04",
            "revenue": 551816
        },
        "2008-10": {
            "month": "2008-10",
            "price": "9.62",
            "revenue": 440969
        },
        "2008-11": {
            "month": "2008-11",
            "price": "8.77",
            "revenue": 320181
        },
        "2008-12": {
            "month": "2008-12",
            "price": "7.23",
            "revenue": 377010
        },
        "2009-01": {
            "month": "2009-01",
            "price": "7.31",
            "revenue": 445487
        },
        "2009-02": {
            "month": "2009-02",
            "price": "7.59",
            "revenue": 558637
        },
        "2009-03": {
            "month": "2009-03",
            "price": "9.81",
            "revenue": 730446
        },
        "2009-04": {
            "month": "2009-04",
            "price": "11.79",
            "revenue": 681788
        },
        "2009-05": {
            "month": "2009-05",
            "price": "19.09",
            "revenue": 650417
        },
        "2009-06": {
            "month": "2009-06",
            "price": "19.18",
            "revenue": 690662
        },
        "2009-07": {
            "month": "2009-07",
            "price": "22.46",
            "revenue": 712354
        },
        "2009-08": {
            "month": "2009-08",
            "price": "25.75",
            "revenue": 727023
        },
        "2009-09": {
            "month": "2009-09",
            "price": "24.37",
            "revenue": 796236
        },
        "2009-10": {
            "month": "2009-10",
            "price": "25.43",
            "revenue": 657736
        },
        "2009-11": {
            "month": "2009-11",
            "price": "23.88",
            "revenue": 688322
        },
        "2009-12": {
            "month": "2009-12",
            "price": "24.00",
            "revenue": 599760
        },
        "2010-01": {
            "month": "2010-01",
            "price": "23.87",
            "revenue": 572503
        },
        "2010-02": {
            "month": "2010-02",
            "price": "20.92",
            "revenue": 525845
        },
        "2010-03": {
            "month": "2010-03",
            "price": "22.52",
            "revenue": 693266
        },
        "2010-04": {
            "month": "2010-04",
            "price": "22.78",
            "revenue": 651263
        },
        "2010-05": {
            "month": "2010-05",
            "price": "21.31",
            "revenue": 572934
        },
        "2010-06": {
            "month": "2010-06",
            "price": "21.16",
            "revenue": 586852
        },
        "2010-07": {
            "month": "2010-07",
            "price": "21.81",
            "revenue": 463126
        },
        "2010-08": {
            "month": "2010-08",
            "price": "19.60",
            "revenue": 509308
        },
        "2010-09": {
            "month": "2010-09",
            "price": "18.85",
            "revenue": 540227
        },
        "2010-10": {
            "month": "2010-10",
            "price": "18.67",
            "revenue": 519940
        },
        "2010-11": {
            "month": "2010-11",
            "price": "17.55",
            "revenue": 528652
        },
        "2010-12": {
            "month": "2010-12",
            "price": "17.87",
            "revenue": 523052
        },
        "2011-01": {
            "month": "2011-01",
            "price": "17.36",
            "revenue": 664347
        },
        "2011-02": {
            "month": "2011-02",
            "price": "16.60",
            "revenue": 494019
        },
        "2011-03": {
            "month": "2011-03",
            "price": "16.12",
            "revenue": 686273
        },
        "2011-04": {
            "month": "2011-04",
            "price": "16.22",
            "revenue": 680541
        },
        "2011-05": {
            "month": "2011-05",
            "price": "17.11",
            "revenue": 566938
        },
        "2011-06": {
            "month": "2011-06",
            "price": "16.97",
            "revenue": 643276
        },
        "2011-07": {
            "month": "2011-07",
            "price": "17.32",
            "revenue": 621259
        },
        "2011-08": {
            "month": "2011-08",
            "price": "15.39",
            "revenue": 592436
        },
        "2011-09": {
            "month": "2011-09",
            "price": "14.39",
            "revenue": 564449
        },
        "2011-10": {
            "month": "2011-10",
            "price": "14.39",
            "revenue": 564485
        },
        "2011-11": {
            "month": "2011-11",
            "price": "15.50",
            "revenue": 426888
        },
        "2011-12": {
            "month": "2011-12",
            "price": "14.70",
            "revenue": 399672
        },
        "2012-01": {
            "month": "2012-01",
            "price": "14.50",
            "revenue": 377549
        },
        "2012-02": {
            "month": "2012-02",
            "price": "15.87",
            "revenue": 431017
        },
        "2012-03": {
            "month": "2012-03",
            "price": "16.51",
            "revenue": 528501
        },
        "2012-04": {
            "month": "2012-04",
            "price": "15.82",
            "revenue": 423219
        },
        "2012-05": {
            "month": "2012-05",
            "price": "14.99",
            "revenue": 451452
        },
        "2012-06": {
            "month": "2012-06",
            "price": "14.76",
            "revenue": 390303
        },
        "2012-07": {
            "month": "2012-07",
            "price": "15.04",
            "revenue": 403998
        },
        "2012-08": {
            "month": "2012-08",
            "price": "13.38",
            "revenue": 388523
        },
        "2012-09": {
            "month": "2012-09",
            "price": "12.65",
            "revenue": 397565
        },
        "2012-10": {
            "month": "2012-10",
            "price": "11.75",
            "revenue": 374353
        },
        "2012-11": {
            "month": "2012-11",
            "price": "9.84",
            "revenue": 405017
        },
        "2012-12": {
            "month": "2012-12",
            "price": "11.00",
            "revenue": 405155
        },
        "2013-01": {
            "month": "2013-01",
            "price": "11.03",
            "revenue": 445142
        },
        "2013-02": {
            "month": "2013-02",
            "price": "10.87",
            "revenue": 348669
        },
        "2013-03": {
            "month": "2013-03",
            "price": "11.03",
            "revenue": 365523
        },
        "2013-04": {
            "month": "2013-04",
            "price": "11.06",
            "revenue": 361260
        },
        "2013-05": {
            "month": "2013-05",
            "price": "11.46",
            "revenue": 407923
        },
        "2013-06": {
            "month": "2013-06",
            "price": "11.36",
            "revenue": 382725
        },
        "2013-07": {
            "month": "2013-07",
            "price": "11.27",
            "revenue": 379802
        },
        "2013-08": {
            "month": "2013-08",
            "price": "11.38",
            "revenue": 366051
        },
        "2013-09": {
            "month": "2013-09",
            "price": "10.68",
            "revenue": 364863
        },
        "2013-10": {
            "month": "2013-10",
            "price": "10.67",
            "revenue": 420027
        },
        "2013-11": {
            "month": "2013-11",
            "price": "11.52",
            "revenue": 378830
        },
        "2013-12": {
            "month": "2013-12",
            "price": "12.96",
            "revenue": 381446
        },
        "2014-01": {
            "month": "2014-01",
            "price": "13.15",
            "revenue": 412609
        },
        "2014-02": {
            "month": "2014-02",
            "price": "14.32",
            "revenue": 346581
        },
        "2014-03": {
            "month": "2014-03",
            "price": "12.90",
            "revenue": 493931
        },
        "2014-04": {
            "month": "2014-04",
            "price": "12.64",
            "revenue": 430290
        },
        "2014-05": {
            "month": "2014-05",
            "price": "12.98",
            "revenue": 352729
        },
        "2014-06": {
            "month": "2014-06",
            "price": "13.20",
            "revenue": 337313
        },
        "2014-07": {
            "month": "2014-07",
            "price": "13.47",
            "revenue": 355698
        },
        "2014-08": {
            "month": "2014-08",
            "price": "13.13",
            "revenue": 375131
        },
        "2014-09": {
            "month": "2014-09",
            "price": "11.95",
            "revenue": 408171
        },
        "2014-10": {
            "month": "2014-10",
            "price": "11.08",
            "revenue": 331882
        },
        "2014-11": {
            "month": "2014-11",
            "price": "10.78",
            "revenue": 285656
        },
        "2014-12": {
            "month": "2014-12",
            "price": "11.19",
            "revenue": 20657
        },
        "2015-01": {
            "month": "2015-01",
            "price": "11.62",
            "revenue": 279957
        },
        "2015-02": {
            "month": "2015-02",
            "price": "11.22",
            "revenue": 207369
        },
        "2015-03": {
            "month": "2015-03",
            "price": "10.90",
            "revenue": 218714
        },
        "2015-04": {
            "month": "2015-04",
            "price": "9.80",
            "revenue": 234620
        },
        "2015-05": {
            "month": "2015-05",
            "price": "8.84",
            "revenue": 228751
        },
        "2015-06": {
            "month": "2015-06",
            "price": "8.38",
            "revenue": 241053
        },
        "2015-07": {
            "month": "2015-07",
            "price": "7.81",
            "revenue": 280650
        },
        "2015-08": {
            "month": "2015-08",
            "price": "6.43",
            "revenue": 296951
        },
        "2015-09": {
            "month": "2015-09",
            "price": "7.15",
            "revenue": 312686
        },
        "2015-10": {
            "month": "2015-10",
            "price": "7.15",
            "revenue": 194851
        },
        "2015-11": {
            "month": "2015-11",
            "price": "7.20",
            "revenue": 150594
        },
        "2015-12": {
            "month": "2015-12",
            "price": "7.10",
            "revenue": 184399
        },
        "2016-01": {
            "month": "2016-01",
            "price": "6.92",
            "revenue": 267162
        },
        "2016-02": {
            "month": "2016-02",
            "price": "7.90",
            "revenue": 198240
        },
        "2016-03": {
            "month": "2016-03",
            "price": "7.70",
            "revenue": 312181
        },
        "2016-04": {
            "month": "2016-04",
            "price": "7.34",
            "revenue": 241544
        },
        "2016-05": {
            "month": "2016-05",
            "price": "7.18",
            "revenue": 217680
        },
        "2016-06": {
            "month": "2016-06",
            "price": "7.44",
            "revenue": 257743
        },
        "2016-07": {
            "month": "2016-07",
            "price": "8.19",
            "revenue": 236684
        },
        "2016-08": {
            "month": "2016-08",
            "price": "9.26",
            "revenue": 253621
        },
        "2016-09": {
            "month": "2016-09",
            "price": "9.44",
            "revenue": 278131
        },
        "2016-10": {
            "month": "2016-10",
            "price": "9.17",
            "revenue": 244051
        },
        "2016-11": {
            "month": "2016-11",
            "price": "8.45",
            "revenue": 266888
        },
        "2016-12": {
            "month": "2016-12",
            "price": "8.30",
            "revenue": 223651
        },
        "2017-01": {
            "month": "2017-01",
            "price": "8.50",
            "revenue": 207280
        },
        "2017-02": {
            "month": "2017-02",
            "price": "8.96",
            "revenue": 252328
        },
        "2017-03": {
            "month": "2017-03",
            "price": "9.22",
            "revenue": 318800
        },
        "2017-04": {
            "month": "2017-04",
            "price": "10.44",
            "revenue": 225120
        },
        "2017-05": {
            "month": "2017-05",
            "price": "11.12",
            "revenue": 341047
        },
        "2017-06": {
            "month": "2017-06",
            "price": "13.16",
            "revenue": 452553
        },
        "2017-07": {
            "month": "2017-07",
            "price": "16.67",
            "revenue": 349167
        },
        "2017-08": {
            "month": "2017-08",
            "price": "16.70",
            "revenue": 243741
        },
        "2017-09": {
            "month": "2017-09",
            "price": "14.59",
            "revenue": 239206
        },
        "2017-10": {
            "month": "2017-10",
            "price": "13.95",
            "revenue": 195153
        },
        "2017-11": {
            "month": "2017-11",
            "price": "13.32",
            "revenue": 234211
        },
        "2017-12": {
            "month": "2017-12",
            "price": "14.17",
            "revenue": 384786
        },
        "2018-01": {
            "month": "2018-01",
            "price": "15.55",
            "revenue": 405368
        },
        "2018-02": {
            "month": "2018-02",
            "price": "16.80",
            "revenue": 265962
        },
        "2018-03": {
            "month": "2018-03",
            "price": "23.43",
            "revenue": 364441
        },
        "2018-04": {
            "month": "2018-04",
            "price": "22.02",
            "revenue": 236597
        },
        "2018-05": {
            "month": "2018-05",
            "price": "18.82",
            "revenue": 269640
        },
        "2018-06": {
            "month": "2018-06",
            "price": "16.51",
            "revenue": 252951
        },
        "2018-07": {
            "month": "2018-07",
            "price": "15.44",
            "revenue": 225173
        },
        "2018-08": {
            "month": "2018-08",
            "price": "14.45",
            "revenue": 231079
        },
        "2018-09": {
            "month": "2018-09",
            "price": "12.89",
            "revenue": 239320
        },
        "2018-10": {
            "month": "2018-10",
            "price": "10.50",
            "revenue": 214086
        },
        "2018-11": {
            "month": "2018-11",
            "price": "9.79",
            "revenue": 193435
        },
        "2018-12": {
            "month": "2018-12",
            "price": "9.87",
            "revenue": 142003
        },
        "2019-01": {
            "month": "2019-01",
            "price": "9.44",
            "revenue": 196743
        },
        "2019-02": {
            "month": "2019-02",
            "price": "10.13",
            "revenue": 150793
        },
        "2019-03": {
            "month": "2019-03",
            "price": "10.40",
            "revenue": 239148
        },
        "2019-04": {
            "month": "2019-04",
            "price": "10.42",
            "revenue": 167115
        },
        "2019-05": {
            "month": "2019-05",
            "price": "10.12",
            "revenue": 160237
        },
        "2019-06": {
            "month": "2019-06",
            "price": "10.93",
            "revenue": 166020
        },
        "2019-07": {
            "month": "2019-07",
            "price": "12.35",
            "revenue": 203384
        },
        "2019-08": {
            "month": "2019-08",
            "price": "11.66",
            "revenue": 212663
        },
        "2019-09": {
            "month": "2019-09",
            "price": "11.23",
            "revenue": 161959
        },
        "2019-10": {
            "month": "2019-10",
            "price": "10.91",
            "revenue": 197273
        },
        "2019-11": {
            "month": "2019-11",
            "price": "11.02",
            "revenue": 220893
        },
        "2019-12": {
            "month": "2019-12",
            "price": "11.73",
            "revenue": 203506
        },
        "2020-01": {
            "month": "2020-01",
            "price": "11.77",
            "revenue": 160105
        },
        "2020-02": {
            "month": "2020-02",
            "price": "10.65",
            "revenue": 147971
        },
        "2020-03": {
            "month": "2020-03",
            "price": "8.43",
            "revenue": 229494
        },
        "2020-04": {
            "month": "2020-04",
            "price": "8.84",
            "revenue": 132571
        },
        "2020-05": {
            "month": "2020-05",
            "price": "9.91",
            "revenue": 152317
        },
        "2020-06": {
            "month": "2020-06",
            "price": "9.85",
            "revenue": 119398
        },
        "2020-07": {
            "month": "2020-07",
            "price": "9.85",
            "revenue": 187975
        },
        "2020-08": {
            "month": "2020-08",
            "price": "10.36",
            "revenue": 217949
        },
        "2020-09": {
            "month": "2020-09",
            "price": "11.17",
            "revenue": 281011
        },
        "2020-10": {
            "month": "2020-10",
            "price": "13.13",
            "revenue": 234223
        },
        "2020-11": {
            "month": "2020-11",
            "price": "17.25",
            "revenue": 201804
        },
        "2020-12": {
            "month": "2020-12",
            "price": "17.39",
            "revenue": 161447
        },
        "2021-01": {
            "month": "2021-01",
            "price": "15.19",
            "revenue": 211826
        },
        "2021-02": {
            "month": "2021-02",
            "price": "17.23",
            "revenue": 150919
        },
        "2021-03": {
            "month": "2021-03",
            "price": "21.67",
            "revenue": 232781
        },
        "2021-04": {
            "month": "2021-04",
            "price": "33.71",
            "revenue": 212013
        },
        "2021-05": {
            "month": "2021-05",
            "price": "25.14",
            "revenue": 244409
        },
        "2021-06": {
            "month": "2021-06",
            "price": "27.67",
            "revenue": 180384
        },
        "2021-07": {
            "month": "2021-07",
            "price": "24.91",
            "revenue": 182185
        },
        "2021-08": {
            "month": "2021-08",
            "price": "23.47",
            "revenue": 277621
        },
        "2021-09": {
            "month": "2021-09",
            "price": "20.82",
            "revenue": 220126
        },
        "2021-10": {
            "month": "2021-10",
            "price": "19.78",
            "revenue": 237986
        },
        "2021-11": {
            "month": "2021-11",
            "price": "22.65",
            "revenue": 357906
        },
        "2021-12": {
            "month": "2021-12",
            "price": "24.05",
            "revenue": 266640
        },
        "2022-01": {
            "month": "2022-01",
            "price": "22.55",
            "revenue": 292377
        },
        "2022-02": {
            "month": "2022-02",
            "price": "22.10",
            "revenue": 199799
        },
        "2022-03": {
            "month": "2022-03",
            "price": "21.95",
            "revenue": 198588
        },
        "2022-04": {
            "month": "2022-04",
            "price": "20.36",
            "revenue": 176243
        },
        "2022-05": {
            "month": "2022-05",
            "price": "17.87",
            "revenue": 166842
        },
        "2022-06": {
            "month": "2022-06",
            "price": "16.59",
            "revenue": 149514
        },
        "2022-07": {
            "month": "2022-07",
            "price": "15.08",
            "revenue": 172893
        },
        "2022-08": {
            "month": "2022-08",
            "price": "15.12",
            "revenue": 173873
        },
        "2022-09": {
            "month": "2022-09",
            "price": "13.71",
            "revenue": 198809
        },
        "2022-10": {
            "month": "2022-10",
            "price": "12.26",
            "revenue": 187126
        },
        "2022-11": {
            "month": "2022-11",
            "price": "13.80",
            "revenue": 164203
        },
        "2022-12": {
            "month": "2022-12",
            "price": "13.74",
            "revenue": 156118
        },
        "2023-01": {
            "month": "2023-01",
            "price": "13.83",
            "revenue": 230135
        },
        "2023-02": {
            "month": "2023-02",
            "price": "14.79",
            "revenue": 236682
        },
        "2023-03": {
            "month": "2023-03",
            "price": "16.16",
            "revenue": 223374
        },
        "2023-04": {
            "month": "2023-04",
            "price": "15.69",
            "revenue": 187916
        },
        "2023-05": {
            "month": "2023-05",
            "price": "17.00",
            "revenue": 202559
        },
        "2023-06": {
            "month": "2023-06",
            "price": "22.22",
            "revenue": 150332
        },
        "2023-07": {
            "month": "2023-07",
            "price": "26.24",
            "revenue": 159554
        },
        "2023-08": {
            "month": "2023-08",
            "price": "23.40",
            "revenue": 191271
        },
        "2023-09": {
            "month": "2023-09",
            "price": "23.70",
            "revenue": 198999
        },
        "2023-10": {
            "month": "2023-10",
            "price": "23.80",
            "revenue": 235141
        },
        "2023-11": {
            "month": "2023-11",
            "price": "23.99",
            "revenue": 183172
        },
        "2023-12": {
            "month": "2023-12",
            "price": "24.35",
            "revenue": 145300
        }
    }
}
