{
    "summary": {
        "stock_name": "凌陽",
        "stock_id": "2401",
        "category": "半導體",
        "main_business": "各種積體電路及模組之設計.製造.測試及銷售<br>各種積體電路應用軟體之研究.開發及銷售<br>各積積體電路之貿易及代理業務",
        "website_url": "http://www.sunplus.com",
        "ceo": "黃洲杰",
        "pe_ratio": -52,
        "report_year_from": 2001,
        "report_year_to": 2023,
        "age": 23,
        "eps_negative_percentage": 13,
        "eps_growth_avg": {
            "last_all": 5.99,
            "last_2y": -27.36,
            "last_4y": 13.58,
            "last_8y": 3.29,
            "last_12y": 2.69,
            "last_16y": 9.42,
            "last_20y": 7.65,
            "at_2006_last_3y": 1.02,
            "at_2007_last_3y": 8.5,
            "at_2008_last_3y": -23.3,
            "at_2009_last_3y": 7.21,
            "at_2010_last_3y": 27.92,
            "at_2011_last_3y": 0.15,
            "at_2012_last_3y": 33.33,
            "at_2013_last_3y": 0,
            "at_2014_last_3y": 0,
            "at_2015_last_3y": 69.44,
            "at_2016_last_3y": 19.63,
            "at_2017_last_3y": 39.72,
            "at_2018_last_3y": -9.58,
            "at_2019_last_3y": -6.81,
            "at_2020_last_3y": 38.19,
            "at_2021_last_3y": 38.19,
            "at_2022_last_3y": 41.98,
            "at_2023_last_3y": 4.48,
            "at_2024_last_3y": 4.48,
            "at_2006_last_all": -4.29,
            "at_2007_last_all": -1.73,
            "at_2008_last_all": -15.68,
            "at_2009_last_all": -1.22,
            "at_2010_last_all": 10.03,
            "at_2011_last_all": -0.98,
            "at_2012_last_all": -0.98,
            "at_2013_last_all": -0.98,
            "at_2014_last_all": 8.2,
            "at_2015_last_all": 10.76,
            "at_2016_last_all": 3.78,
            "at_2017_last_all": 10.65,
            "at_2018_last_all": 3.46,
            "at_2019_last_all": 6.37,
            "at_2020_last_all": 11.88,
            "at_2021_last_all": 16.77,
            "at_2022_last_all": 11.57,
            "at_2023_last_all": 5.99,
            "at_2024_last_all": 5.99
        },
        "latest_eps": -0.61,
        "latest_price": 32,
        "latest_roe": -0.88,
        "latest_gross_margin": 45.95,
        "latest_equity": 10974074,
        "latest_revenue": 1545595,
        "latest_gross_profit": 710179,
        "latest_net_income": 33857,
        "latest_debt_ratio": 22.71,
        "latest_current_ratio": 444.95,
        "latest_account_receivable_turnover_ratio": 1.63,
        "latest_inventory_turnover_ratio": 0.49,
        "latest_reinvestment_rate": 60.53,
        "latest_research_to_sale_ratio": 35.25
    },
    "eps_dividends": {
        "1998": {
            "cash": 0,
            "stock": 7,
            "eps": 0
        },
        "1999": {
            "cash": 0,
            "stock": 4.3,
            "eps": 0
        },
        "2001": {
            "cash": 1,
            "stock": 3.5,
            "eps": 4.35
        },
        "2002": {
            "cash": 1.5,
            "stock": 2.5,
            "eps": 3.24
        },
        "2003": {
            "cash": 2,
            "stock": 1,
            "eps": 2.63
        },
        "2004": {
            "cash": 1.5,
            "stock": 1,
            "eps": 3.36
        },
        "2005": {
            "cash": 1.99,
            "stock": 0.5,
            "eps": 2.62
        },
        "2006": {
            "cash": 1.99,
            "stock": 0.5,
            "eps": 3.07
        },
        "2007": {
            "cash": 3.98,
            "stock": 0.5,
            "eps": 3.41
        },
        "2008": {
            "cash": 2.5,
            "stock": 0.5,
            "eps": 0.02
        },
        "2009": {
            "cash": 0,
            "stock": 0,
            "eps": 0.65
        },
        "2010": {
            "cash": 0,
            "stock": 0,
            "eps": 1.3
        },
        "2011": {
            "cash": 0.81,
            "stock": 0,
            "eps": -3.37
        },
        "2012": {
            "cash": 0,
            "stock": 0,
            "eps": -1.15
        },
        "2013": {
            "cash": 0,
            "stock": 0,
            "eps": 0.09
        },
        "2014": {
            "cash": 0,
            "stock": 0,
            "eps": 0.72
        },
        "2015": {
            "cash": 0.6,
            "stock": 0,
            "eps": 1
        },
        "2016": {
            "cash": 0.89,
            "stock": 0,
            "eps": 0.2
        },
        "2017": {
            "cash": 0.5,
            "stock": 0,
            "eps": 0.72
        },
        "2018": {
            "cash": 0.7,
            "stock": 0,
            "eps": 0.02
        },
        "2019": {
            "cash": 0.36,
            "stock": 0,
            "eps": 0.03
        },
        "2020": {
            "cash": 0.3,
            "stock": 0,
            "eps": 0.55
        },
        "2021": {
            "cash": 0.53,
            "stock": 0,
            "eps": 2.01
        },
        "2022": {
            "cash": 2,
            "stock": 0,
            "eps": 0.36
        },
        "2023": {
            "cash": 0.6,
            "stock": 0,
            "eps": -0.39
        }
    },
    "dividends": {
        "1998-04-30": {
            "cash": 0,
            "stock": 7
        },
        "1999-06-07": {
            "cash": 0,
            "stock": 4.3
        },
        "2001-06-12": {
            "cash": 1,
            "stock": 3.5
        },
        "2002-05-17": {
            "cash": 1.5,
            "stock": 2.5
        },
        "2003-03-24": {
            "cash": 2,
            "stock": 1
        },
        "2004-04-20": {
            "cash": 1.5,
            "stock": 1
        },
        "2005-03-17": {
            "cash": 1.99,
            "stock": 0.5
        },
        "2006-04-21": {
            "cash": 1.99,
            "stock": 0.5
        },
        "2007-04-27": {
            "cash": 3.98,
            "stock": 0.5
        },
        "2008-04-29": {
            "cash": 2.5,
            "stock": 0.5
        },
        "2011-04-27": {
            "cash": 0.81,
            "stock": 0
        },
        "2015-09-10": {
            "cash": 0.6,
            "stock": 0
        },
        "2016-09-06": {
            "cash": 0.89,
            "stock": 0
        },
        "2017-08-09": {
            "cash": 0.5,
            "stock": 0
        },
        "2018-08-09": {
            "cash": 0.7,
            "stock": 0
        },
        "2019-08-09": {
            "cash": 0.36,
            "stock": 0
        },
        "2020-08-07": {
            "cash": 0.3,
            "stock": 0
        },
        "2021-09-10": {
            "cash": 0.53,
            "stock": 0
        },
        "2022-08-10": {
            "cash": 2,
            "stock": 0
        },
        "2023-08-07": {
            "cash": 0.6,
            "stock": 0
        }
    },
    "prices": {
        "200101": "157.03",
        "200102": "165.68",
        "200103": "172.95",
        "200104": "167.25",
        "200105": "162.27",
        "200106": "159.45",
        "200107": "125.36",
        "200108": "99.85",
        "200109": "74.65",
        "200110": "66.33",
        "200111": "80.55",
        "200112": "100.60",
        "200201": "113.05",
        "200202": "111.92",
        "200203": "131.86",
        "200204": "130.95",
        "200205": "118.77",
        "200206": "103.08",
        "200207": "82.96",
        "200208": "67.39",
        "200209": "61.55",
        "200210": "62.84",
        "200211": "67.19",
        "200212": "69.86",
        "200301": "60.16",
        "200302": "49.98",
        "200303": "50.57",
        "200304": "44.99",
        "200305": "39.11",
        "200306": "48.10",
        "200307": "46.70",
        "200308": "53.52",
        "200309": "58.79",
        "200310": "58.98",
        "200311": "60.22",
        "200312": "62.20",
        "200401": "65.57",
        "200402": "72.75",
        "200403": "72.50",
        "200404": "76.20",
        "200405": "65.02",
        "200406": "61.21",
        "200407": "53.26",
        "200408": "45.92",
        "200409": "49.25",
        "200410": "46.92",
        "200411": "46.16",
        "200412": "43.98",
        "200501": "42.16",
        "200502": "47.53",
        "200503": "48.76",
        "200504": "45.62",
        "200505": "41.00",
        "200506": "44.55",
        "200507": "42.32",
        "200508": "38.13",
        "200509": "30.82",
        "200510": "29.04",
        "200511": "32.52",
        "200512": "37.78",
        "200601": "40.79",
        "200602": "38.42",
        "200603": "43.11",
        "200604": "42.42",
        "200605": "38.65",
        "200606": "34.59",
        "200607": "33.49",
        "200608": "30.03",
        "200609": "30.52",
        "200610": "31.96",
        "200611": "33.53",
        "200612": "36.61",
        "200701": "37.59",
        "200702": "36.79",
        "200703": "52.91",
        "200704": "74.84",
        "200705": "69.22",
        "200706": "77.42",
        "200707": "89.48",
        "200708": "68.56",
        "200709": "61.86",
        "200710": "63.41",
        "200711": "51.13",
        "200712": "48.80",
        "200801": "41.04",
        "200802": "32.38",
        "200803": "37.16",
        "200804": "40.01",
        "200805": "40.80",
        "200806": "34.90",
        "200807": "32.86",
        "200808": "28.09",
        "200809": "17.61",
        "200810": "14.06",
        "200811": "12.14",
        "200812": "12.13",
        "200901": "13.02",
        "200902": "13.80",
        "200903": "15.37",
        "200904": "16.98",
        "200905": "18.19",
        "200906": "16.69",
        "200907": "17.87",
        "200908": "18.20",
        "200909": "21.12",
        "200910": "27.05",
        "200911": "29.98",
        "200912": "30.72",
        "201001": "31.79",
        "201002": "27.04",
        "201003": "27.56",
        "201004": "28.18",
        "201005": "25.47",
        "201006": "23.82",
        "201007": "24.11",
        "201008": "24.51",
        "201009": "23.78",
        "201010": "22.92",
        "201011": "21.22",
        "201012": "21.73",
        "201101": "22.74",
        "201102": "20.03",
        "201103": "18.85",
        "201104": "18.70",
        "201105": "17.81",
        "201106": "16.56",
        "201107": "15.05",
        "201108": "12.64",
        "201109": "12.59",
        "201110": "12.73",
        "201111": "11.26",
        "201112": "9.97",
        "201201": "10.21",
        "201202": "12.13",
        "201203": "11.75",
        "201204": "10.09",
        "201205": "9.48",
        "201206": "8.78",
        "201207": "8.41",
        "201208": "8.75",
        "201209": "9.96",
        "201210": "9.34",
        "201211": "8.01",
        "201212": "9.07",
        "201301": "9.08",
        "201302": "8.93",
        "201303": "9.35",
        "201304": "8.98",
        "201305": "9.81",
        "201306": "10.61",
        "201307": "10.83",
        "201308": "10.49",
        "201309": "11.82",
        "201310": "11.05",
        "201311": "10.56",
        "201312": "10.91",
        "201401": "12.10",
        "201402": "12.18",
        "201403": "12.67",
        "201404": "12.38",
        "201405": "11.50",
        "201406": "11.87",
        "201407": "12.13",
        "201408": "13.25",
        "201409": "13.50",
        "201410": "11.73",
        "201411": "11.72",
        "201412": "12.38",
        "201501": "12.83",
        "201502": "12.83",
        "201503": "13.42",
        "201504": "13.96",
        "201505": "16.80",
        "201506": "17.71",
        "201507": "14.77",
        "201508": "12.01",
        "201509": "12.61",
        "201510": "13.37",
        "201511": "12.26",
        "201512": "11.69",
        "201601": "10.74",
        "201602": "11.52",
        "201603": "12.38",
        "201604": "12.92",
        "201605": "11.48",
        "201606": "11.76",
        "201607": "12.52",
        "201608": "11.75",
        "201609": "11.50",
        "201610": "11.08",
        "201611": "10.55",
        "201612": "11.19",
        "201701": "11.28",
        "201702": "12.22",
        "201703": "12.30",
        "201704": "11.93",
        "201705": "12.86",
        "201706": "14.07",
        "201707": "14.10",
        "201708": "15.84",
        "201709": "16.64",
        "201710": "17.40",
        "201711": "17.77",
        "201712": "16.43",
        "201801": "17.07",
        "201802": "16.25",
        "201803": "16.15",
        "201804": "15.16",
        "201805": "14.69",
        "201806": "16.16",
        "201807": "15.02",
        "201808": "14.30",
        "201809": "12.98",
        "201810": "11.28",
        "201811": "11.01",
        "201812": "11.65",
        "201901": "11.44",
        "201902": "12.69",
        "201903": "13.17",
        "201904": "13.34",
        "201905": "11.98",
        "201906": "12.08",
        "201907": "13.11",
        "201908": "13.55",
        "201909": "13.81",
        "201910": "14.05",
        "201911": "13.20",
        "201912": "13.20",
        "202001": "13.08",
        "202002": "11.84",
        "202003": "9.35",
        "202004": "9.88",
        "202005": "10.65",
        "202006": "11.83",
        "202007": "12.30",
        "202008": "12.52",
        "202009": "13.75",
        "202010": "14.45",
        "202011": "14.90",
        "202012": "17.18",
        "202101": "22.84",
        "202102": "25.20",
        "202103": "26.90",
        "202104": "32.14",
        "202105": "28.15",
        "202106": "31.50",
        "202107": "38.55",
        "202108": "39.18",
        "202109": "37.98",
        "202110": "34.79",
        "202111": "40.14",
        "202112": "39.39",
        "202201": "36.66",
        "202202": "35.45",
        "202203": "34.29",
        "202204": "34.80",
        "202205": "35.22",
        "202206": "32.86",
        "202207": "28.40",
        "202208": "27.15",
        "202209": "24.52",
        "202210": "22.51",
        "202211": "24.14",
        "202212": "23.90",
        "202301": "23.01",
        "202302": "25.66",
        "202303": "25.36",
        "202304": "24.66",
        "202305": "23.93",
        "202306": "27.99",
        "202307": "29.35",
        "202308": "30.41",
        "202309": "31.33",
        "202310": "30.89",
        "202311": "33.40",
        "202312": "34.87"
    },
    "quarters": {
        "20011": {
            "year_quarter": 20011,
            "year": 2001,
            "quarter": 1,
            "eps": 1.02,
            "eps_growth_year": -17.74,
            "eps_4q": 5.95,
            "eps_4q_growth_year": 17.36,
            "roe": 4.32,
            "roe_4q": 4.32,
            "gross_profit": 493476,
            "gross_margin": 37.75,
            "gross_margin_4q_avg": 37.75,
            "net_income": 381317,
            "net_income_4q": null,
            "revenue": 1307122,
            "revenue_4q": null,
            "common_shares": 3900000,
            "book_valuer_per_share": 26.95,
            "book_valuer_per_share_4q_avg": 26.95,
            "equity": 10511483,
            "current_ratio": 1462.47,
            "debt_ratio": 5.66,
            "inventory_turnover_ratio": 0.9,
            "account_receivable_turnover_ratio": null,
            "reinvestment_rate": null,
            "research_to_sale_ratio": null,
            "price_fair": 0,
            "eps_avg_yearly": 0,
            "eps_latest_yearly": 0,
            "eps_growth_yearly": 0
        },
        "20012": {
            "year_quarter": 20012,
            "year": 2001,
            "quarter": 2,
            "eps": 1.12,
            "eps_growth_year": -15.15,
            "eps_4q": 4.43,
            "eps_4q_growth_year": 5.52,
            "roe": 5.54,
            "roe_4q": 9.86,
            "gross_profit": 647962,
            "gross_margin": 39.28,
            "gross_margin_4q_avg": 38.52,
            "net_income": 586399,
            "net_income_4q": null,
            "revenue": 1649457,
            "revenue_4q": null,
            "common_shares": 3900000,
            "book_valuer_per_share": 27.34,
            "book_valuer_per_share_4q_avg": 27.15,
            "equity": 10661300,
            "current_ratio": 717.95,
            "debt_ratio": 10.4,
            "inventory_turnover_ratio": 1.32,
            "account_receivable_turnover_ratio": null,
            "reinvestment_rate": null,
            "research_to_sale_ratio": null,
            "price_fair": 0,
            "eps_avg_yearly": 0,
            "eps_latest_yearly": 0,
            "eps_growth_yearly": 0
        },
        "20013": {
            "year_quarter": 20013,
            "year": 2001,
            "quarter": 3,
            "eps": 1.44,
            "eps_growth_year": -20.88,
            "eps_4q": 4.57,
            "eps_4q_growth_year": -5.62,
            "roe": 6.9,
            "roe_4q": 16.76,
            "gross_profit": 897859,
            "gross_margin": 44.72,
            "gross_margin_4q_avg": 40.58,
            "net_income": 759250,
            "net_income_4q": null,
            "revenue": 2007938,
            "revenue_4q": null,
            "common_shares": 5340000,
            "book_valuer_per_share": 21.26,
            "book_valuer_per_share_4q_avg": 25.18,
            "equity": 11351049,
            "current_ratio": 818.16,
            "debt_ratio": 9.06,
            "inventory_turnover_ratio": 1.63,
            "account_receivable_turnover_ratio": null,
            "reinvestment_rate": null,
            "research_to_sale_ratio": null,
            "price_fair": 0,
            "eps_avg_yearly": 0,
            "eps_latest_yearly": 0,
            "eps_growth_yearly": 0
        },
        "20014": {
            "year_quarter": 20014,
            "year": 2001,
            "quarter": 4,
            "eps": 0.77,
            "eps_growth_year": -58.15,
            "eps_4q": 4.05,
            "eps_4q_growth_year": -31.1,
            "roe": 3.46,
            "roe_4q": 20.22,
            "gross_profit": 643564,
            "gross_margin": 38.43,
            "gross_margin_4q_avg": 40.05,
            "net_income": 405334,
            "net_income_4q": null,
            "revenue": 1674835,
            "revenue_4q": null,
            "common_shares": 5447424,
            "book_valuer_per_share": 22.06,
            "book_valuer_per_share_4q_avg": 24.4,
            "equity": 12060080,
            "current_ratio": 1081.86,
            "debt_ratio": 7.96,
            "inventory_turnover_ratio": 1.43,
            "account_receivable_turnover_ratio": null,
            "reinvestment_rate": null,
            "research_to_sale_ratio": null,
            "price_fair": 0,
            "eps_avg_yearly": 0,
            "eps_latest_yearly": 0,
            "eps_growth_yearly": 0
        },
        "20021": {
            "year_quarter": 20021,
            "year": 2002,
            "quarter": 1,
            "eps": 0.8,
            "eps_growth_year": -21.57,
            "eps_4q": 4.05,
            "eps_4q_growth_year": -32.02,
            "roe": 3.52,
            "roe_4q": 19.42,
            "gross_profit": 658080,
            "gross_margin": 39.32,
            "gross_margin_4q_avg": 40.44,
            "net_income": 431636,
            "net_income_4q": null,
            "revenue": 1673710,
            "revenue_4q": null,
            "common_shares": 5447424,
            "book_valuer_per_share": 22.93,
            "book_valuer_per_share_4q_avg": 23.4,
            "equity": 12491348,
            "current_ratio": 874.5,
            "debt_ratio": 8.83,
            "inventory_turnover_ratio": 1.22,
            "account_receivable_turnover_ratio": null,
            "reinvestment_rate": null,
            "research_to_sale_ratio": null,
            "price_fair": 81.87,
            "eps_avg_yearly": 3.2,
            "eps_latest_yearly": 3.2,
            "eps_growth_yearly": 15.58
        },
        "20022": {
            "year_quarter": 20022,
            "year": 2002,
            "quarter": 2,
            "eps": 0.73,
            "eps_growth_year": -34.82,
            "eps_4q": 3.05,
            "eps_4q_growth_year": -31.09,
            "roe": 4.08,
            "roe_4q": 17.96,
            "gross_profit": 866413,
            "gross_margin": 38,
            "gross_margin_4q_avg": 40.12,
            "net_income": 501254,
            "net_income_4q": null,
            "revenue": 2279900,
            "revenue_4q": null,
            "common_shares": 5447424,
            "book_valuer_per_share": 22.22,
            "book_valuer_per_share_4q_avg": 22.12,
            "equity": 12103212,
            "current_ratio": 406.44,
            "debt_ratio": 16.91,
            "inventory_turnover_ratio": 1.44,
            "account_receivable_turnover_ratio": null,
            "reinvestment_rate": null,
            "research_to_sale_ratio": null,
            "price_fair": 9.18,
            "eps_avg_yearly": 3.06,
            "eps_latest_yearly": 2.92,
            "eps_growth_yearly": -9.71
        },
        "20023": {
            "year_quarter": 20023,
            "year": 2002,
            "quarter": 3,
            "eps": 1.09,
            "eps_growth_year": -24.31,
            "eps_4q": 3.02,
            "eps_4q_growth_year": -33.83,
            "roe": 6.05,
            "roe_4q": 17.11,
            "gross_profit": 962691,
            "gross_margin": 37.92,
            "gross_margin_4q_avg": 38.42,
            "net_income": 754795,
            "net_income_4q": null,
            "revenue": 2539070,
            "revenue_4q": null,
            "common_shares": 6949500,
            "book_valuer_per_share": 18.49,
            "book_valuer_per_share_4q_avg": 21.43,
            "equity": 12848181,
            "current_ratio": 831.01,
            "debt_ratio": 8.62,
            "inventory_turnover_ratio": 1.61,
            "account_receivable_turnover_ratio": null,
            "reinvestment_rate": null,
            "research_to_sale_ratio": null,
            "price_fair": 122.27,
            "eps_avg_yearly": 3.49,
            "eps_latest_yearly": 4.36,
            "eps_growth_yearly": 59.28
        },
        "20024": {
            "year_quarter": 20024,
            "year": 2002,
            "quarter": 4,
            "eps": 0.62,
            "eps_growth_year": -19.48,
            "eps_4q": 3.06,
            "eps_4q_growth_year": -24.35,
            "roe": 3.27,
            "roe_4q": 16.92,
            "gross_profit": 656092,
            "gross_margin": 30.61,
            "gross_margin_4q_avg": 36.46,
            "net_income": 428050,
            "net_income_4q": null,
            "revenue": 2143231,
            "revenue_4q": null,
            "common_shares": 6949500,
            "book_valuer_per_share": 19.08,
            "book_valuer_per_share_4q_avg": 20.68,
            "equity": 13293413,
            "current_ratio": 861.32,
            "debt_ratio": 9.28,
            "inventory_turnover_ratio": 1.7,
            "account_receivable_turnover_ratio": null,
            "reinvestment_rate": -1.24,
            "research_to_sale_ratio": null,
            "price_fair": 36.75,
            "eps_avg_yearly": 3.24,
            "eps_latest_yearly": 2.48,
            "eps_growth_yearly": 1.34
        },
        "20031": {
            "year_quarter": 20031,
            "year": 2003,
            "quarter": 1,
            "eps": 0.31,
            "eps_growth_year": -61.25,
            "eps_4q": 2.76,
            "eps_4q_growth_year": -31.76,
            "roe": 1.59,
            "roe_4q": 14.99,
            "gross_profit": 551100,
            "gross_margin": 30.21,
            "gross_margin_4q_avg": 34.19,
            "net_income": 213040,
            "net_income_4q": null,
            "revenue": 1824370,
            "revenue_4q": null,
            "common_shares": 6949500,
            "book_valuer_per_share": 19.39,
            "book_valuer_per_share_4q_avg": 19.8,
            "equity": 13474825,
            "current_ratio": 866.53,
            "debt_ratio": 8.34,
            "inventory_turnover_ratio": 1.38,
            "account_receivable_turnover_ratio": null,
            "reinvestment_rate": 11.71,
            "research_to_sale_ratio": null,
            "price_fair": 8.52,
            "eps_avg_yearly": 2.84,
            "eps_latest_yearly": 1.24,
            "eps_growth_yearly": -38.93
        },
        "20032": {
            "year_quarter": 20032,
            "year": 2003,
            "quarter": 2,
            "eps": 0.54,
            "eps_growth_year": -26.03,
            "eps_4q": 2.33,
            "eps_4q_growth_year": -23.63,
            "roe": 3.23,
            "roe_4q": 14.14,
            "gross_profit": 891516,
            "gross_margin": 36.97,
            "gross_margin_4q_avg": 33.93,
            "net_income": 420431,
            "net_income_4q": null,
            "revenue": 2411693,
            "revenue_4q": null,
            "common_shares": 6949500,
            "book_valuer_per_share": 18.08,
            "book_valuer_per_share_4q_avg": 18.76,
            "equity": 12563464,
            "current_ratio": 313.39,
            "debt_ratio": 18.66,
            "inventory_turnover_ratio": 1.52,
            "account_receivable_turnover_ratio": null,
            "reinvestment_rate": 11.66,
            "research_to_sale_ratio": null,
            "price_fair": 73.68,
            "eps_avg_yearly": 2.73,
            "eps_latest_yearly": 2.16,
            "eps_growth_yearly": 17.02
        },
        "20033": {
            "year_quarter": 20033,
            "year": 2003,
            "quarter": 3,
            "eps": 0.74,
            "eps_growth_year": -32.11,
            "eps_4q": 2.12,
            "eps_4q_growth_year": -30.01,
            "roe": 4.45,
            "roe_4q": 12.54,
            "gross_profit": 1097247,
            "gross_margin": 35.4,
            "gross_margin_4q_avg": 33.3,
            "net_income": 571119,
            "net_income_4q": null,
            "revenue": 3099838,
            "revenue_4q": null,
            "common_shares": 7775040,
            "book_valuer_per_share": 16.87,
            "book_valuer_per_share_4q_avg": 18.36,
            "equity": 13114706,
            "current_ratio": 474.31,
            "debt_ratio": 13,
            "inventory_turnover_ratio": 1.71,
            "account_receivable_turnover_ratio": null,
            "reinvestment_rate": 11.67,
            "research_to_sale_ratio": null,
            "price_fair": 96.6,
            "eps_avg_yearly": 2.76,
            "eps_latest_yearly": 2.96,
            "eps_growth_yearly": 35.76
        },
        "20034": {
            "year_quarter": 20034,
            "year": 2003,
            "quarter": 4,
            "eps": 1.04,
            "eps_growth_year": 67.74,
            "eps_4q": 2.6,
            "eps_4q_growth_year": -15.11,
            "roe": 5.91,
            "roe_4q": 15.18,
            "gross_profit": 1286566,
            "gross_margin": 34.2,
            "gross_margin_4q_avg": 34.2,
            "net_income": 802381,
            "net_income_4q": null,
            "revenue": 3761752,
            "revenue_4q": null,
            "common_shares": 7775040,
            "book_valuer_per_share": 18.04,
            "book_valuer_per_share_4q_avg": 18.1,
            "equity": 14029683,
            "current_ratio": 434.14,
            "debt_ratio": 15.6,
            "inventory_turnover_ratio": 1.63,
            "account_receivable_turnover_ratio": null,
            "reinvestment_rate": 10.21,
            "research_to_sale_ratio": null,
            "price_fair": 102.73,
            "eps_avg_yearly": 2.94,
            "eps_latest_yearly": 4.16,
            "eps_growth_yearly": 51.56
        },
        "20041": {
            "year_quarter": 20041,
            "year": 2004,
            "quarter": 1,
            "eps": 0.74,
            "eps_growth_year": 138.71,
            "eps_4q": 3.08,
            "eps_4q_growth_year": 11.49,
            "roe": 3.97,
            "roe_4q": 17.560000000000002,
            "gross_profit": 1172346,
            "gross_margin": 32.25,
            "gross_margin_4q_avg": 34.71,
            "net_income": 567863,
            "net_income_4q": null,
            "revenue": 3634990,
            "revenue_4q": null,
            "common_shares": 7775040,
            "book_valuer_per_share": 18.74,
            "book_valuer_per_share_4q_avg": 17.93,
            "equity": 14573972,
            "current_ratio": 397.44,
            "debt_ratio": 16.96,
            "inventory_turnover_ratio": 1.12,
            "account_receivable_turnover_ratio": null,
            "reinvestment_rate": 9.93,
            "research_to_sale_ratio": null,
            "price_fair": 102.82,
            "eps_avg_yearly": 2.94,
            "eps_latest_yearly": 2.96,
            "eps_growth_yearly": 33.01
        },
        "20042": {
            "year_quarter": 20042,
            "year": 2004,
            "quarter": 2,
            "eps": 1.03,
            "eps_growth_year": 90.74,
            "eps_4q": 3.55,
            "eps_4q_growth_year": 52.2,
            "roe": 5.53,
            "roe_4q": 19.86,
            "gross_profit": 1513878,
            "gross_margin": 31.29,
            "gross_margin_4q_avg": 33.29,
            "net_income": 793284,
            "net_income_4q": null,
            "revenue": 4837986,
            "revenue_4q": null,
            "common_shares": 7775040,
            "book_valuer_per_share": 18.15,
            "book_valuer_per_share_4q_avg": 17.95,
            "equity": 14109758,
            "current_ratio": 259.91,
            "debt_ratio": 25.46,
            "inventory_turnover_ratio": 1.05,
            "account_receivable_turnover_ratio": null,
            "reinvestment_rate": 10.09,
            "research_to_sale_ratio": null,
            "price_fair": 106.96,
            "eps_avg_yearly": 3.06,
            "eps_latest_yearly": 4.12,
            "eps_growth_yearly": 45.38
        },
        "20043": {
            "year_quarter": 20043,
            "year": 2004,
            "quarter": 3,
            "eps": 1.19,
            "eps_growth_year": 60.81,
            "eps_4q": 3.68,
            "eps_4q_growth_year": 74.14,
            "roe": 7.08,
            "roe_4q": 22.49,
            "gross_profit": 1877873,
            "gross_margin": 34.44,
            "gross_margin_4q_avg": 33.05,
            "net_income": 1032419,
            "net_income_4q": null,
            "revenue": 5452778,
            "revenue_4q": null,
            "common_shares": 8752544,
            "book_valuer_per_share": 17.2,
            "book_valuer_per_share_4q_avg": 18.03,
            "equity": 15051695,
            "current_ratio": 291.12,
            "debt_ratio": 24.41,
            "inventory_turnover_ratio": 0.92,
            "account_receivable_turnover_ratio": null,
            "reinvestment_rate": 9.93,
            "research_to_sale_ratio": null,
            "price_fair": 112.38,
            "eps_avg_yearly": 3.21,
            "eps_latest_yearly": 4.76,
            "eps_growth_yearly": 46.91
        },
        "20044": {
            "year_quarter": 20044,
            "year": 2004,
            "quarter": 4,
            "eps": 0.4,
            "eps_growth_year": -61.54,
            "eps_4q": 3.18,
            "eps_4q_growth_year": 22.33,
            "roe": 2.27,
            "roe_4q": 18.849999999999998,
            "gross_profit": 1375986,
            "gross_margin": 27.44,
            "gross_margin_4q_avg": 31.36,
            "net_income": 344125,
            "net_income_4q": null,
            "revenue": 5014302,
            "revenue_4q": null,
            "common_shares": 8752544,
            "book_valuer_per_share": 17.44,
            "book_valuer_per_share_4q_avg": 17.88,
            "equity": 15264134,
            "current_ratio": 473.8,
            "debt_ratio": 15.7,
            "inventory_turnover_ratio": 1,
            "account_receivable_turnover_ratio": null,
            "reinvestment_rate": 10,
            "research_to_sale_ratio": null,
            "price_fair": 94.97,
            "eps_avg_yearly": 3.08,
            "eps_latest_yearly": 1.6,
            "eps_growth_yearly": 20.87
        },
        "20051": {
            "year_quarter": 20051,
            "year": 2005,
            "quarter": 1,
            "eps": 0.21,
            "eps_growth_year": -71.62,
            "eps_4q": 2.75,
            "eps_4q_growth_year": -10.51,
            "roe": 1.17,
            "roe_4q": 16.05,
            "gross_profit": 1057001,
            "gross_margin": 25.38,
            "gross_margin_4q_avg": 29.64,
            "net_income": 179085,
            "net_income_4q": null,
            "revenue": 4163961,
            "revenue_4q": null,
            "common_shares": 8752544,
            "book_valuer_per_share": 17.68,
            "book_valuer_per_share_4q_avg": 17.62,
            "equity": 15474700,
            "current_ratio": 658.96,
            "debt_ratio": 12.25,
            "inventory_turnover_ratio": 1.13,
            "account_receivable_turnover_ratio": null,
            "reinvestment_rate": 10.58,
            "research_to_sale_ratio": null,
            "price_fair": 42.54,
            "eps_avg_yearly": 2.9,
            "eps_latest_yearly": 0.84,
            "eps_growth_yearly": 4.65
        },
        "20052": {
            "year_quarter": 20052,
            "year": 2005,
            "quarter": 2,
            "eps": 0.51,
            "eps_growth_year": -50.49,
            "eps_4q": 2.31,
            "eps_4q_growth_year": -34.82,
            "roe": 2.96,
            "roe_4q": 13.48,
            "gross_profit": 1392727,
            "gross_margin": 31.31,
            "gross_margin_4q_avg": 29.64,
            "net_income": 439676,
            "net_income_4q": null,
            "revenue": 4448658,
            "revenue_4q": null,
            "common_shares": 8793073,
            "book_valuer_per_share": 16.17,
            "book_valuer_per_share_4q_avg": 17.12,
            "equity": 14217149,
            "current_ratio": 272.05,
            "debt_ratio": 26.01,
            "inventory_turnover_ratio": 1.37,
            "account_receivable_turnover_ratio": null,
            "reinvestment_rate": 11.8,
            "research_to_sale_ratio": null,
            "price_fair": 99.5,
            "eps_avg_yearly": 2.84,
            "eps_latest_yearly": 2.04,
            "eps_growth_yearly": 45.13
        },
        "20053": {
            "year_quarter": 20053,
            "year": 2005,
            "quarter": 3,
            "eps": 0.99,
            "eps_growth_year": -16.81,
            "eps_4q": 2.02,
            "eps_4q_growth_year": -45.25,
            "roe": 6.31,
            "roe_4q": 12.709999999999999,
            "gross_profit": 1745229,
            "gross_margin": 35.41,
            "gross_margin_4q_avg": 29.89,
            "net_income": 928233,
            "net_income_4q": null,
            "revenue": 4928759,
            "revenue_4q": null,
            "common_shares": 9481472,
            "book_valuer_per_share": 16.04,
            "book_valuer_per_share_4q_avg": 16.83,
            "equity": 15207004,
            "current_ratio": 273.04,
            "debt_ratio": 25.99,
            "inventory_turnover_ratio": 1.37,
            "account_receivable_turnover_ratio": null,
            "reinvestment_rate": 11.39,
            "research_to_sale_ratio": null,
            "price_fair": 102.11,
            "eps_avg_yearly": 2.92,
            "eps_latest_yearly": 3.96,
            "eps_growth_yearly": 67.22
        },
        "20054": {
            "year_quarter": 20054,
            "year": 2005,
            "quarter": 4,
            "eps": 0.91,
            "eps_growth_year": 127.5,
            "eps_4q": 2.56,
            "eps_4q_growth_year": -19.44,
            "roe": 5.14,
            "roe_4q": 15.58,
            "gross_profit": 1932023,
            "gross_margin": 36.87,
            "gross_margin_4q_avg": 32.24,
            "net_income": 851361,
            "net_income_4q": null,
            "revenue": 5239744,
            "revenue_4q": null,
            "common_shares": 9487296,
            "book_valuer_per_share": 16.85,
            "book_valuer_per_share_4q_avg": 16.69,
            "equity": 17950240,
            "current_ratio": 243.55,
            "debt_ratio": 32.86,
            "inventory_turnover_ratio": 0.98,
            "account_receivable_turnover_ratio": null,
            "reinvestment_rate": 39.53,
            "research_to_sale_ratio": null,
            "price_fair": 103.69,
            "eps_avg_yearly": 2.96,
            "eps_latest_yearly": 3.64,
            "eps_growth_yearly": 61
        },
        "20061": {
            "year_quarter": 20061,
            "year": 2006,
            "quarter": 1,
            "eps": 1.1,
            "eps_growth_year": 423.81,
            "eps_4q": 3.46,
            "eps_4q_growth_year": 25.64,
            "roe": 5.88,
            "roe_4q": 20.29,
            "gross_profit": 1574141,
            "gross_margin": 31.39,
            "gross_margin_4q_avg": 33.75,
            "net_income": 1034107,
            "net_income_4q": null,
            "revenue": 5015000,
            "revenue_4q": null,
            "common_shares": 9497843,
            "book_valuer_per_share": 18.12,
            "book_valuer_per_share_4q_avg": 16.8,
            "equity": 17208265,
            "current_ratio": 429.2,
            "debt_ratio": 15.47,
            "inventory_turnover_ratio": 1.03,
            "account_receivable_turnover_ratio": null,
            "reinvestment_rate": 9,
            "research_to_sale_ratio": null,
            "price_fair": 106.31,
            "eps_avg_yearly": 3.04,
            "eps_latest_yearly": 4.4,
            "eps_growth_yearly": 65.25
        },
        "20062": {
            "year_quarter": 20062,
            "year": 2006,
            "quarter": 2,
            "eps": 0.86,
            "eps_growth_year": 68.63,
            "eps_4q": 3.85,
            "eps_4q_growth_year": 66.28,
            "roe": 4.86,
            "roe_4q": 22.189999999999998,
            "gross_profit": 1513913,
            "gross_margin": 34.21,
            "gross_margin_4q_avg": 34.47,
            "net_income": 809738,
            "net_income_4q": null,
            "revenue": 4425025,
            "revenue_4q": null,
            "common_shares": 9515503,
            "book_valuer_per_share": 16.91,
            "book_valuer_per_share_4q_avg": 16.98,
            "equity": 16095112,
            "current_ratio": 255.87,
            "debt_ratio": 25.72,
            "inventory_turnover_ratio": 1.11,
            "account_receivable_turnover_ratio": null,
            "reinvestment_rate": 2.97,
            "research_to_sale_ratio": null,
            "price_fair": 107.45,
            "eps_avg_yearly": 3.07,
            "eps_latest_yearly": 3.44,
            "eps_growth_yearly": 61.98
        },
        "20063": {
            "year_quarter": 20063,
            "year": 2006,
            "quarter": 3,
            "eps": 0.77,
            "eps_growth_year": -22.22,
            "eps_4q": 3.42,
            "eps_4q_growth_year": 69.7,
            "roe": 4.76,
            "roe_4q": 20.64,
            "gross_profit": 1413751,
            "gross_margin": 32.79,
            "gross_margin_4q_avg": 33.82,
            "net_income": 782332,
            "net_income_4q": null,
            "revenue": 4310961,
            "revenue_4q": null,
            "common_shares": 10227773,
            "book_valuer_per_share": 16.44,
            "book_valuer_per_share_4q_avg": 17.08,
            "equity": 16809876,
            "current_ratio": 379.67,
            "debt_ratio": 18.29,
            "inventory_turnover_ratio": 1.02,
            "account_receivable_turnover_ratio": null,
            "reinvestment_rate": -0.07,
            "research_to_sale_ratio": null,
            "price_fair": 104.65,
            "eps_avg_yearly": 2.99,
            "eps_latest_yearly": 3.08,
            "eps_growth_yearly": 47.03
        },
        "20064": {
            "year_quarter": 20064,
            "year": 2006,
            "quarter": 4,
            "eps": 0.34,
            "eps_growth_year": -62.64,
            "eps_4q": 2.92,
            "eps_4q_growth_year": 13.78,
            "roe": 1.99,
            "roe_4q": 17.49,
            "gross_profit": 1220473,
            "gross_margin": 36.7,
            "gross_margin_4q_avg": 33.77,
            "net_income": 346518,
            "net_income_4q": null,
            "revenue": 3325440,
            "revenue_4q": null,
            "common_shares": 10236476,
            "book_valuer_per_share": 16.98,
            "book_valuer_per_share_4q_avg": 17.11,
            "equity": 18023449,
            "current_ratio": 287.17,
            "debt_ratio": 27.01,
            "inventory_turnover_ratio": 0.62,
            "account_receivable_turnover_ratio": null,
            "reinvestment_rate": 5.72,
            "research_to_sale_ratio": null,
            "price_fair": 102.2,
            "eps_avg_yearly": 2.92,
            "eps_latest_yearly": 1.36,
            "eps_growth_yearly": 43.85
        },
        "20071": {
            "year_quarter": 20071,
            "year": 2007,
            "quarter": 1,
            "eps": 1.02,
            "eps_growth_year": -7.27,
            "eps_4q": 4.02,
            "eps_4q_growth_year": 16.14,
            "roe": 4.22,
            "roe_4q": 15.829999999999998,
            "gross_profit": 1319635,
            "gross_margin": 47.05,
            "gross_margin_4q_avg": 37.69,
            "net_income": 659271,
            "net_income_4q": null,
            "revenue": 2804483,
            "revenue_4q": null,
            "common_shares": 5133672,
            "book_valuer_per_share": 25.77,
            "book_valuer_per_share_4q_avg": 19.03,
            "equity": 13229156,
            "current_ratio": 279.26,
            "debt_ratio": 16.12,
            "inventory_turnover_ratio": 0.56,
            "account_receivable_turnover_ratio": null,
            "reinvestment_rate": -3.14,
            "research_to_sale_ratio": null,
            "price_fair": 108.41,
            "eps_avg_yearly": 3.1,
            "eps_latest_yearly": 4.08,
            "eps_growth_yearly": 106.35
        },
        "20072": {
            "year_quarter": 20072,
            "year": 2007,
            "quarter": 2,
            "eps": 0.93,
            "eps_growth_year": 8.14,
            "eps_4q": 4.03,
            "eps_4q_growth_year": 4.62,
            "roe": 4.25,
            "roe_4q": 15.219999999999999,
            "gross_profit": 942619,
            "gross_margin": 41.73,
            "gross_margin_4q_avg": 39.57,
            "net_income": 537095,
            "net_income_4q": null,
            "revenue": 2258811,
            "revenue_4q": null,
            "common_shares": 5151362,
            "book_valuer_per_share": 23.38,
            "book_valuer_per_share_4q_avg": 20.64,
            "equity": 12042237,
            "current_ratio": 157.58,
            "debt_ratio": 26.69,
            "inventory_turnover_ratio": 0.95,
            "account_receivable_turnover_ratio": null,
            "reinvestment_rate": -2.72,
            "research_to_sale_ratio": null,
            "price_fair": 111.83,
            "eps_avg_yearly": 3.2,
            "eps_latest_yearly": 3.72,
            "eps_growth_yearly": 85.6
        },
        "20073": {
            "year_quarter": 20073,
            "year": 2007,
            "quarter": 3,
            "eps": 1.17,
            "eps_growth_year": 51.95,
            "eps_4q": 3.76,
            "eps_4q_growth_year": 9.95,
            "roe": 5.55,
            "roe_4q": 16.009999999999998,
            "gross_profit": 859820,
            "gross_margin": 41.44,
            "gross_margin_4q_avg": 41.73,
            "net_income": 696105,
            "net_income_4q": null,
            "revenue": 2074998,
            "revenue_4q": null,
            "common_shares": 5560514,
            "book_valuer_per_share": 23.42,
            "book_valuer_per_share_4q_avg": 22.39,
            "equity": 13020831,
            "current_ratio": 163.11,
            "debt_ratio": 25.1,
            "inventory_turnover_ratio": 1.01,
            "account_receivable_turnover_ratio": null,
            "reinvestment_rate": -5.01,
            "research_to_sale_ratio": null,
            "price_fair": 115.59,
            "eps_avg_yearly": 3.3,
            "eps_latest_yearly": 4.68,
            "eps_growth_yearly": 82.79
        },
        "20074": {
            "year_quarter": 20074,
            "year": 2007,
            "quarter": 4,
            "eps": 0.29,
            "eps_growth_year": -14.71,
            "eps_4q": 3.54,
            "eps_4q_growth_year": 21.26,
            "roe": 1.25,
            "roe_4q": 15.27,
            "gross_profit": 786264,
            "gross_margin": 37.88,
            "gross_margin_4q_avg": 42.03,
            "net_income": 169031,
            "net_income_4q": null,
            "revenue": 2075767,
            "revenue_4q": null,
            "common_shares": 5567505,
            "book_valuer_per_share": 23.14,
            "book_valuer_per_share_4q_avg": 23.93,
            "equity": 14046716,
            "current_ratio": 194.68,
            "debt_ratio": 33.05,
            "inventory_turnover_ratio": 0.66,
            "account_receivable_turnover_ratio": null,
            "reinvestment_rate": 4.79,
            "research_to_sale_ratio": null,
            "price_fair": 109.03,
            "eps_avg_yearly": 3.12,
            "eps_latest_yearly": 1.16,
            "eps_growth_yearly": 53.85
        },
        "20081": {
            "year_quarter": 20081,
            "year": 2008,
            "quarter": 1,
            "eps": 0.13,
            "eps_growth_year": -87.25,
            "eps_4q": 2.05,
            "eps_4q_growth_year": -49,
            "roe": 0.66,
            "roe_4q": 11.71,
            "gross_profit": 1056218,
            "gross_margin": 26.86,
            "gross_margin_4q_avg": 36.98,
            "net_income": 93448,
            "net_income_4q": null,
            "revenue": 3932876,
            "revenue_4q": null,
            "common_shares": 5568931,
            "book_valuer_per_share": 23.16,
            "book_valuer_per_share_4q_avg": 23.28,
            "equity": 14391625,
            "current_ratio": 213.16,
            "debt_ratio": 29.65,
            "inventory_turnover_ratio": 0.97,
            "account_receivable_turnover_ratio": null,
            "reinvestment_rate": 3.17,
            "research_to_sale_ratio": null,
            "price_fair": 103.69,
            "eps_avg_yearly": 2.96,
            "eps_latest_yearly": 0.52,
            "eps_growth_yearly": 47.27
        },
        "20082": {
            "year_quarter": 20082,
            "year": 2008,
            "quarter": 2,
            "eps": 0.01,
            "eps_growth_year": -98.92,
            "eps_4q": 1.69,
            "eps_4q_growth_year": -57.93,
            "roe": -0.16,
            "roe_4q": 7.3,
            "gross_profit": 1151961,
            "gross_margin": 25,
            "gross_margin_4q_avg": 32.8,
            "net_income": -21002,
            "net_income_4q": null,
            "revenue": 4608223,
            "revenue_4q": null,
            "common_shares": 5569299,
            "book_valuer_per_share": 19.91,
            "book_valuer_per_share_4q_avg": 22.41,
            "equity": 12563041,
            "current_ratio": 166.23,
            "debt_ratio": 38.65,
            "inventory_turnover_ratio": 1.22,
            "account_receivable_turnover_ratio": null,
            "reinvestment_rate": 3.09,
            "research_to_sale_ratio": null,
            "price_fair": 66.05,
            "eps_avg_yearly": 2.71,
            "eps_latest_yearly": 0.04,
            "eps_growth_yearly": 14.4
        },
        "20083": {
            "year_quarter": 20083,
            "year": 2008,
            "quarter": 3,
            "eps": 0.3,
            "eps_growth_year": -74.36,
            "eps_4q": 0.55,
            "eps_4q_growth_year": -85.48,
            "roe": 1.85,
            "roe_4q": 3.6,
            "gross_profit": 1372909,
            "gross_margin": 29.01,
            "gross_margin_4q_avg": 29.69,
            "net_income": 233814,
            "net_income_4q": null,
            "revenue": 4732489,
            "revenue_4q": null,
            "common_shares": 5982028,
            "book_valuer_per_share": 18.68,
            "book_valuer_per_share_4q_avg": 21.22,
            "equity": 12765952,
            "current_ratio": 166.21,
            "debt_ratio": 39.58,
            "inventory_turnover_ratio": 1.18,
            "account_receivable_turnover_ratio": null,
            "reinvestment_rate": 3.04,
            "research_to_sale_ratio": null,
            "price_fair": 86.98,
            "eps_avg_yearly": 2.49,
            "eps_latest_yearly": 1.2,
            "eps_growth_yearly": 735.51
        },
        "20084": {
            "year_quarter": 20084,
            "year": 2008,
            "quarter": 4,
            "eps": -0.42,
            "eps_growth_year": -244.83,
            "eps_4q": 0,
            "eps_4q_growth_year": -99.97,
            "roe": -1.81,
            "roe_4q": 0.54,
            "gross_profit": 1132613,
            "gross_margin": 39,
            "gross_margin_4q_avg": 29.97,
            "net_income": -228630,
            "net_income_4q": null,
            "revenue": 2904212,
            "revenue_4q": null,
            "common_shares": 5982028,
            "book_valuer_per_share": 18.31,
            "book_valuer_per_share_4q_avg": 20.02,
            "equity": 12539299,
            "current_ratio": 217.01,
            "debt_ratio": 28.72,
            "inventory_turnover_ratio": 0.6,
            "account_receivable_turnover_ratio": 2.58,
            "reinvestment_rate": 1.76,
            "research_to_sale_ratio": null,
            "price_fair": 89.04,
            "eps_avg_yearly": 2.54,
            "eps_latest_yearly": 1.2,
            "eps_growth_yearly": 802.25
        },
        "20091": {
            "year_quarter": 20091,
            "year": 2009,
            "quarter": 1,
            "eps": -0.82,
            "eps_growth_year": -730.77,
            "eps_4q": -0.92,
            "eps_4q_growth_year": -145.12,
            "roe": -3.82,
            "roe_4q": -3.94,
            "gross_profit": 641110,
            "gross_margin": 23.75,
            "gross_margin_4q_avg": 29.19,
            "net_income": -471911,
            "net_income_4q": null,
            "revenue": 2699853,
            "revenue_4q": null,
            "common_shares": 5969099,
            "book_valuer_per_share": 17.69,
            "book_valuer_per_share_4q_avg": 18.65,
            "equity": 12193144,
            "current_ratio": 264.24,
            "debt_ratio": 34.38,
            "inventory_turnover_ratio": 0.83,
            "account_receivable_turnover_ratio": 1.27,
            "reinvestment_rate": 1.29,
            "research_to_sale_ratio": null,
            "price_fair": 93.3,
            "eps_avg_yearly": 2.67,
            "eps_latest_yearly": 1.2,
            "eps_growth_yearly": 873.12
        },
        "20092": {
            "year_quarter": 20092,
            "year": 2009,
            "quarter": 2,
            "eps": 0.12,
            "eps_growth_year": 1100,
            "eps_4q": -0.44,
            "eps_4q_growth_year": -126.08,
            "roe": 1.08,
            "roe_4q": -2.6999999999999997,
            "gross_profit": 1628951,
            "gross_margin": 32.77,
            "gross_margin_4q_avg": 31.13,
            "net_income": 133067,
            "net_income_4q": null,
            "revenue": 4970401,
            "revenue_4q": null,
            "common_shares": 5969099,
            "book_valuer_per_share": 18.07,
            "book_valuer_per_share_4q_avg": 18.19,
            "equity": 12429326,
            "current_ratio": 223.31,
            "debt_ratio": 40.56,
            "inventory_turnover_ratio": 1.39,
            "account_receivable_turnover_ratio": 1.85,
            "reinvestment_rate": -0.12,
            "research_to_sale_ratio": null,
            "price_fair": 94.98,
            "eps_avg_yearly": 2.71,
            "eps_latest_yearly": 1.2,
            "eps_growth_yearly": 896.33
        },
        "20093": {
            "year_quarter": 20093,
            "year": 2009,
            "quarter": 3,
            "eps": 0.59,
            "eps_growth_year": 96.67,
            "eps_4q": -0.43,
            "eps_4q_growth_year": -177.84,
            "roe": 3.32,
            "roe_4q": -1.2299999999999995,
            "gross_profit": 1667159,
            "gross_margin": 29.57,
            "gross_margin_4q_avg": 31.27,
            "net_income": 439489,
            "net_income_4q": null,
            "revenue": 5637895,
            "revenue_4q": null,
            "common_shares": 5969099,
            "book_valuer_per_share": 19.3,
            "book_valuer_per_share_4q_avg": 18.34,
            "equity": 14013006,
            "current_ratio": 238.07,
            "debt_ratio": 37.4,
            "inventory_turnover_ratio": 1.48,
            "account_receivable_turnover_ratio": 1.54,
            "reinvestment_rate": -1.79,
            "research_to_sale_ratio": null,
            "price_fair": 90.68,
            "eps_avg_yearly": 2.59,
            "eps_latest_yearly": 2.36,
            "eps_growth_yearly": 987.89
        },
        "20094": {
            "year_quarter": 20094,
            "year": 2009,
            "quarter": 4,
            "eps": 0.76,
            "eps_growth_year": null,
            "eps_4q": 0.64,
            "eps_4q_growth_year": 59435.65,
            "roe": 2.93,
            "roe_4q": 3.5100000000000002,
            "gross_profit": 1687209,
            "gross_margin": 36.81,
            "gross_margin_4q_avg": 30.73,
            "net_income": 396332,
            "net_income_4q": null,
            "revenue": 4583008,
            "revenue_4q": null,
            "common_shares": 5969099,
            "book_valuer_per_share": 20.75,
            "book_valuer_per_share_4q_avg": 18.95,
            "equity": 13060029,
            "current_ratio": 255.15,
            "debt_ratio": 31.76,
            "inventory_turnover_ratio": 1.43,
            "account_receivable_turnover_ratio": 3.83,
            "reinvestment_rate": 31.22,
            "research_to_sale_ratio": null,
            "price_fair": 89.06,
            "eps_avg_yearly": 2.54,
            "eps_latest_yearly": 3.04,
            "eps_growth_yearly": 999.24
        },
        "20101": {
            "year_quarter": 20101,
            "year": 2010,
            "quarter": 1,
            "eps": 0.52,
            "eps_growth_year": null,
            "eps_4q": 1.99,
            "eps_4q_growth_year": null,
            "roe": 2.52,
            "roe_4q": 9.85,
            "gross_profit": 1125878,
            "gross_margin": 36.85,
            "gross_margin_4q_avg": 34,
            "net_income": 332535,
            "net_income_4q": null,
            "revenue": 3055434,
            "revenue_4q": null,
            "common_shares": 5969099,
            "book_valuer_per_share": 21.11,
            "book_valuer_per_share_4q_avg": 19.81,
            "equity": 13372686,
            "current_ratio": 258.46,
            "debt_ratio": 28.99,
            "inventory_turnover_ratio": 1.36,
            "account_receivable_turnover_ratio": 1.34,
            "reinvestment_rate": 89.14,
            "research_to_sale_ratio": 22.96,
            "price_fair": 82.82,
            "eps_avg_yearly": 2.37,
            "eps_latest_yearly": 2.08,
            "eps_growth_yearly": 983.1
        },
        "20102": {
            "year_quarter": 20102,
            "year": 2010,
            "quarter": 2,
            "eps": 0.42,
            "eps_growth_year": 253.26,
            "eps_4q": 2.3,
            "eps_4q_growth_year": null,
            "roe": 2.58,
            "roe_4q": 11.35,
            "gross_profit": 1509847,
            "gross_margin": 38.83,
            "gross_margin_4q_avg": 35.52,
            "net_income": 349735,
            "net_income_4q": null,
            "revenue": 3888444,
            "revenue_4q": null,
            "common_shares": 5969099,
            "book_valuer_per_share": 21.45,
            "book_valuer_per_share_4q_avg": 20.65,
            "equity": 13740470,
            "current_ratio": 249.61,
            "debt_ratio": 28.93,
            "inventory_turnover_ratio": 1.59,
            "account_receivable_turnover_ratio": 1.59,
            "reinvestment_rate": 102.84,
            "research_to_sale_ratio": 20.25,
            "price_fair": 78.08,
            "eps_avg_yearly": 2.23,
            "eps_latest_yearly": 1.68,
            "eps_growth_yearly": 983.89
        },
        "20103": {
            "year_quarter": 20103,
            "year": 2010,
            "quarter": 3,
            "eps": 0.34,
            "eps_growth_year": -43.12,
            "eps_4q": 2.04,
            "eps_4q_growth_year": null,
            "roe": 1.67,
            "roe_4q": 9.7,
            "gross_profit": 1160932,
            "gross_margin": 36.29,
            "gross_margin_4q_avg": 37.2,
            "net_income": 236470,
            "net_income_4q": null,
            "revenue": 3199082,
            "revenue_4q": null,
            "common_shares": 5969099,
            "book_valuer_per_share": 22.14,
            "book_valuer_per_share_4q_avg": 21.36,
            "equity": 14588274,
            "current_ratio": 262.6,
            "debt_ratio": 26.44,
            "inventory_turnover_ratio": 1.18,
            "account_receivable_turnover_ratio": 1.24,
            "reinvestment_rate": 122.49,
            "research_to_sale_ratio": 24.79,
            "price_fair": 73.45,
            "eps_avg_yearly": 2.1,
            "eps_latest_yearly": 1.36,
            "eps_growth_yearly": 981.25
        },
        "20104": {
            "year_quarter": 20104,
            "year": 2010,
            "quarter": 4,
            "eps": 0.02,
            "eps_growth_year": -96.82,
            "eps_4q": 1.3,
            "eps_4q_growth_year": 102.8,
            "roe": 0.02,
            "roe_4q": 6.789999999999999,
            "gross_profit": 1195630,
            "gross_margin": 45.6,
            "gross_margin_4q_avg": 39.39,
            "net_income": 3252,
            "net_income_4q": null,
            "revenue": 2622180,
            "revenue_4q": null,
            "common_shares": 5969099,
            "book_valuer_per_share": 21.51,
            "book_valuer_per_share_4q_avg": 21.55,
            "equity": 14275554,
            "current_ratio": 306.08,
            "debt_ratio": 22.88,
            "inventory_turnover_ratio": 0.71,
            "account_receivable_turnover_ratio": 1.25,
            "reinvestment_rate": 98.03,
            "research_to_sale_ratio": 39.35,
            "price_fair": 70,
            "eps_avg_yearly": 2,
            "eps_latest_yearly": 0.08,
            "eps_growth_yearly": 969.48
        },
        "20111": {
            "year_quarter": 20111,
            "year": 2011,
            "quarter": 1,
            "eps": -0.26,
            "eps_growth_year": -150,
            "eps_4q": 0.53,
            "eps_4q_growth_year": -73.28,
            "roe": -1.13,
            "roe_4q": 3.14,
            "gross_profit": 695495,
            "gross_margin": 30.43,
            "gross_margin_4q_avg": 37.79,
            "net_income": -158726,
            "net_income_4q": null,
            "revenue": 2285634,
            "revenue_4q": null,
            "common_shares": 5969099,
            "book_valuer_per_share": 21.02,
            "book_valuer_per_share_4q_avg": 21.53,
            "equity": 13882670,
            "current_ratio": 313.68,
            "debt_ratio": 20.93,
            "inventory_turnover_ratio": 0.82,
            "account_receivable_turnover_ratio": 1.29,
            "reinvestment_rate": 165.14,
            "research_to_sale_ratio": 28.43,
            "price_fair": 63.93,
            "eps_avg_yearly": 1.83,
            "eps_latest_yearly": 0.08,
            "eps_growth_yearly": 983.6
        },
        "20112": {
            "year_quarter": 20112,
            "year": 2011,
            "quarter": 2,
            "eps": 0.1,
            "eps_growth_year": -76.47,
            "eps_4q": 0.2,
            "eps_4q_growth_year": -91.14,
            "roe": 0.68,
            "roe_4q": 1.2400000000000002,
            "gross_profit": 938120,
            "gross_margin": 33.17,
            "gross_margin_4q_avg": 36.37,
            "net_income": 90448,
            "net_income_4q": null,
            "revenue": 2828393,
            "revenue_4q": null,
            "common_shares": 5969099,
            "book_valuer_per_share": 19.23,
            "book_valuer_per_share_4q_avg": 20.98,
            "equity": 12747156,
            "current_ratio": 267.61,
            "debt_ratio": 25.66,
            "inventory_turnover_ratio": 1.08,
            "account_receivable_turnover_ratio": 1.46,
            "reinvestment_rate": 183.73,
            "research_to_sale_ratio": 24.61,
            "price_fair": 57.91,
            "eps_avg_yearly": 1.65,
            "eps_latest_yearly": 0.08,
            "eps_growth_yearly": 1076.22
        },
        "20113": {
            "year_quarter": 20113,
            "year": 2011,
            "quarter": 3,
            "eps": -0.93,
            "eps_growth_year": -378.08,
            "eps_4q": -1.07,
            "eps_4q_growth_year": -152.43,
            "roe": -4.32,
            "roe_4q": -4.75,
            "gross_profit": 585852,
            "gross_margin": 26.55,
            "gross_margin_4q_avg": 33.94,
            "net_income": -534149,
            "net_income_4q": null,
            "revenue": 2206347,
            "revenue_4q": null,
            "common_shares": 5969099,
            "book_valuer_per_share": 17.96,
            "book_valuer_per_share_4q_avg": 19.93,
            "equity": 12005313,
            "current_ratio": 282.34,
            "debt_ratio": 24.93,
            "inventory_turnover_ratio": 1.06,
            "account_receivable_turnover_ratio": 1.13,
            "reinvestment_rate": 442.51,
            "research_to_sale_ratio": 29.63,
            "price_fair": 47.32,
            "eps_avg_yearly": 1.35,
            "eps_latest_yearly": 0.08,
            "eps_growth_yearly": 1173.52
        },
        "20114": {
            "year_quarter": 20114,
            "year": 2011,
            "quarter": 4,
            "eps": -2.28,
            "eps_growth_year": -9534.64,
            "eps_4q": -3.37,
            "eps_4q_growth_year": -358.69,
            "roe": -12.38,
            "roe_4q": -17.150000000000002,
            "gross_profit": 878454,
            "gross_margin": 45.48,
            "gross_margin_4q_avg": 33.91,
            "net_income": -1403137,
            "net_income_4q": null,
            "revenue": 1931589,
            "revenue_4q": null,
            "common_shares": 5969099,
            "book_valuer_per_share": 15.4,
            "book_valuer_per_share_4q_avg": 18.4,
            "equity": 10664895,
            "current_ratio": 282.82,
            "debt_ratio": 24.35,
            "inventory_turnover_ratio": 0.85,
            "account_receivable_turnover_ratio": 1.24,
            "reinvestment_rate": null,
            "research_to_sale_ratio": 51.82,
            "price_fair": 48.07,
            "eps_avg_yearly": 1.37,
            "eps_latest_yearly": 0.08,
            "eps_growth_yearly": 1337.34
        },
        "20121": {
            "year_quarter": 20121,
            "year": 2012,
            "quarter": 1,
            "eps": -0.29,
            "eps_growth_year": null,
            "eps_4q": -3.41,
            "eps_4q_growth_year": -741.53,
            "roe": -1.89,
            "roe_4q": -17.910000000000004,
            "gross_profit": 697533,
            "gross_margin": 39.02,
            "gross_margin_4q_avg": 36.06,
            "net_income": -201941,
            "net_income_4q": null,
            "revenue": 1787597,
            "revenue_4q": null,
            "common_shares": 5969099,
            "book_valuer_per_share": 15.54,
            "book_valuer_per_share_4q_avg": 17.03,
            "equity": 10721774,
            "current_ratio": 360.69,
            "debt_ratio": 28.43,
            "inventory_turnover_ratio": 0.96,
            "account_receivable_turnover_ratio": 1.35,
            "reinvestment_rate": null,
            "research_to_sale_ratio": 36.75,
            "price_fair": 51.8,
            "eps_avg_yearly": 1.48,
            "eps_latest_yearly": 0.08,
            "eps_growth_yearly": 1532.1
        },
        "20122": {
            "year_quarter": 20122,
            "year": 2012,
            "quarter": 2,
            "eps": 0.05,
            "eps_growth_year": -54.05,
            "eps_4q": -3.46,
            "eps_4q_growth_year": -1802.16,
            "roe": 0.84,
            "roe_4q": -17.75,
            "gross_profit": 1005876,
            "gross_margin": 40.36,
            "gross_margin_4q_avg": 37.85,
            "net_income": 90286,
            "net_income_4q": null,
            "revenue": 2492002,
            "revenue_4q": null,
            "common_shares": 5969099,
            "book_valuer_per_share": 15.49,
            "book_valuer_per_share_4q_avg": 16.1,
            "equity": 10674105,
            "current_ratio": 312.67,
            "debt_ratio": 32.04,
            "inventory_turnover_ratio": 0.97,
            "account_receivable_turnover_ratio": 1.61,
            "reinvestment_rate": null,
            "research_to_sale_ratio": 27.76,
            "price_fair": 59,
            "eps_avg_yearly": 1.69,
            "eps_latest_yearly": 0.08,
            "eps_growth_yearly": 1803.72
        },
        "20123": {
            "year_quarter": 20123,
            "year": 2012,
            "quarter": 3,
            "eps": 0,
            "eps_growth_year": null,
            "eps_4q": -2.52,
            "eps_4q_growth_year": null,
            "roe": 0.42,
            "roe_4q": -13.010000000000002,
            "gross_profit": 961811,
            "gross_margin": 38.99,
            "gross_margin_4q_avg": 40.96,
            "net_income": 44798,
            "net_income_4q": null,
            "revenue": 2466673,
            "revenue_4q": null,
            "common_shares": 5969099,
            "book_valuer_per_share": 15.75,
            "book_valuer_per_share_4q_avg": 15.55,
            "equity": 10886363,
            "current_ratio": 322.37,
            "debt_ratio": 29.94,
            "inventory_turnover_ratio": 0.79,
            "account_receivable_turnover_ratio": 1.34,
            "reinvestment_rate": null,
            "research_to_sale_ratio": 28.89,
            "price_fair": 61.83,
            "eps_avg_yearly": 1.77,
            "eps_latest_yearly": 0.08,
            "eps_growth_yearly": 171
        },
        "20124": {
            "year_quarter": 20124,
            "year": 2012,
            "quarter": 4,
            "eps": -0.91,
            "eps_growth_year": null,
            "eps_4q": -1.15,
            "eps_4q_growth_year": null,
            "roe": -5.35,
            "roe_4q": -5.9799999999999995,
            "gross_profit": 604200,
            "gross_margin": 32.33,
            "gross_margin_4q_avg": 37.68,
            "net_income": -591138,
            "net_income_4q": null,
            "revenue": 1868992,
            "revenue_4q": null,
            "common_shares": 5969099,
            "book_valuer_per_share": 16.42,
            "book_valuer_per_share_4q_avg": 15.8,
            "equity": 11227599,
            "current_ratio": 341.08,
            "debt_ratio": 27.84,
            "inventory_turnover_ratio": 0.7,
            "account_receivable_turnover_ratio": 1.15,
            "reinvestment_rate": null,
            "research_to_sale_ratio": 34.62,
            "price_fair": 61.83,
            "eps_avg_yearly": 1.77,
            "eps_latest_yearly": 0.08,
            "eps_growth_yearly": 171
        },
        "20131": {
            "year_quarter": 20131,
            "year": 2013,
            "quarter": 1,
            "eps": -0.07,
            "eps_growth_year": null,
            "eps_4q": -0.93,
            "eps_4q_growth_year": null,
            "roe": -0.44,
            "roe_4q": -4.53,
            "gross_profit": 694457,
            "gross_margin": 39.64,
            "gross_margin_4q_avg": 37.83,
            "net_income": -46708,
            "net_income_4q": null,
            "revenue": 1751874,
            "revenue_4q": null,
            "common_shares": 5969099,
            "book_valuer_per_share": 14.59,
            "book_valuer_per_share_4q_avg": 15.56,
            "equity": 10120805,
            "current_ratio": 323.09,
            "debt_ratio": 29.17,
            "inventory_turnover_ratio": 0.65,
            "account_receivable_turnover_ratio": 1.39,
            "reinvestment_rate": null,
            "research_to_sale_ratio": 32.03,
            "price_fair": 61.83,
            "eps_avg_yearly": 1.77,
            "eps_latest_yearly": 0.08,
            "eps_growth_yearly": 171
        },
        "20132": {
            "year_quarter": 20132,
            "year": 2013,
            "quarter": 2,
            "eps": 0.15,
            "eps_growth_year": 227.35,
            "eps_4q": -0.82,
            "eps_4q_growth_year": null,
            "roe": 1.48,
            "roe_4q": -3.8899999999999997,
            "gross_profit": 939207,
            "gross_margin": 39.72,
            "gross_margin_4q_avg": 37.67,
            "net_income": 151027,
            "net_income_4q": null,
            "revenue": 2364620,
            "revenue_4q": null,
            "common_shares": 5969099,
            "book_valuer_per_share": 14.9,
            "book_valuer_per_share_4q_avg": 15.42,
            "equity": 10315057,
            "current_ratio": 329.23,
            "debt_ratio": 29.95,
            "inventory_turnover_ratio": 1.01,
            "account_receivable_turnover_ratio": 1.65,
            "reinvestment_rate": null,
            "research_to_sale_ratio": 26.76,
            "price_fair": 61.83,
            "eps_avg_yearly": 1.77,
            "eps_latest_yearly": 0.08,
            "eps_growth_yearly": 171
        },
        "20133": {
            "year_quarter": 20133,
            "year": 2013,
            "quarter": 3,
            "eps": 0.06,
            "eps_growth_year": 1551.53,
            "eps_4q": -0.76,
            "eps_4q_growth_year": null,
            "roe": 0.72,
            "roe_4q": -3.5899999999999994,
            "gross_profit": 927185,
            "gross_margin": 40.06,
            "gross_margin_4q_avg": 37.94,
            "net_income": 74347,
            "net_income_4q": null,
            "revenue": 2314326,
            "revenue_4q": null,
            "common_shares": 5969099,
            "book_valuer_per_share": 14.82,
            "book_valuer_per_share_4q_avg": 15.18,
            "equity": 10320159,
            "current_ratio": 343.28,
            "debt_ratio": 27.91,
            "inventory_turnover_ratio": 1.17,
            "account_receivable_turnover_ratio": 1.33,
            "reinvestment_rate": null,
            "research_to_sale_ratio": 25.99,
            "price_fair": 4.24,
            "eps_avg_yearly": 1.41,
            "eps_latest_yearly": 0.24,
            "eps_growth_yearly": -130.11
        },
        "20134": {
            "year_quarter": 20134,
            "year": 2013,
            "quarter": 4,
            "eps": -0.05,
            "eps_growth_year": null,
            "eps_4q": 0.09,
            "eps_4q_growth_year": null,
            "roe": -0.48,
            "roe_4q": 1.28,
            "gross_profit": 831119,
            "gross_margin": 39.75,
            "gross_margin_4q_avg": 39.79,
            "net_income": -50119,
            "net_income_4q": null,
            "revenue": 2091048,
            "revenue_4q": null,
            "common_shares": 5969099,
            "book_valuer_per_share": 14.92,
            "book_valuer_per_share_4q_avg": 14.81,
            "equity": 10365512,
            "current_ratio": 305.39,
            "debt_ratio": 27.01,
            "inventory_turnover_ratio": 1.26,
            "account_receivable_turnover_ratio": 1.27,
            "reinvestment_rate": null,
            "research_to_sale_ratio": 27.25,
            "price_fair": 3.26,
            "eps_avg_yearly": 1.09,
            "eps_latest_yearly": 0.24,
            "eps_growth_yearly": -179.18
        },
        "20141": {
            "year_quarter": 20141,
            "year": 2014,
            "quarter": 1,
            "eps": 0.01,
            "eps_growth_year": null,
            "eps_4q": 0.18,
            "eps_4q_growth_year": null,
            "roe": 0,
            "roe_4q": 1.72,
            "gross_profit": 667571,
            "gross_margin": 39.12,
            "gross_margin_4q_avg": 39.66,
            "net_income": 390,
            "net_income_4q": null,
            "revenue": 1706542,
            "revenue_4q": null,
            "common_shares": 5919949,
            "book_valuer_per_share": 15.33,
            "book_valuer_per_share_4q_avg": 14.99,
            "equity": 10594934,
            "current_ratio": 288.09,
            "debt_ratio": 26.79,
            "inventory_turnover_ratio": 0.96,
            "account_receivable_turnover_ratio": 1.18,
            "reinvestment_rate": null,
            "research_to_sale_ratio": 31.82,
            "price_fair": 2.52,
            "eps_avg_yearly": 0.84,
            "eps_latest_yearly": 0.24,
            "eps_growth_yearly": -192.4
        },
        "20142": {
            "year_quarter": 20142,
            "year": 2014,
            "quarter": 2,
            "eps": 0.34,
            "eps_growth_year": 126.67,
            "eps_4q": 0.37,
            "eps_4q_growth_year": null,
            "roe": 2.39,
            "roe_4q": 2.63,
            "gross_profit": 1011400,
            "gross_margin": 42.04,
            "gross_margin_4q_avg": 40.24,
            "net_income": 252695,
            "net_income_4q": null,
            "revenue": 2405533,
            "revenue_4q": null,
            "common_shares": 5919949,
            "book_valuer_per_share": 15.37,
            "book_valuer_per_share_4q_avg": 15.11,
            "equity": 10528260,
            "current_ratio": 245.87,
            "debt_ratio": 30.52,
            "inventory_turnover_ratio": 1.13,
            "account_receivable_turnover_ratio": 1.47,
            "reinvestment_rate": null,
            "research_to_sale_ratio": 24.89,
            "price_fair": 26.6,
            "eps_avg_yearly": 0.76,
            "eps_latest_yearly": 1.36,
            "eps_growth_yearly": 3126.83
        },
        "20143": {
            "year_quarter": 20143,
            "year": 2014,
            "quarter": 3,
            "eps": 0.28,
            "eps_growth_year": 366.67,
            "eps_4q": 0.58,
            "eps_4q_growth_year": null,
            "roe": 1.95,
            "roe_4q": 3.86,
            "gross_profit": 993408,
            "gross_margin": 41.42,
            "gross_margin_4q_avg": 40.58,
            "net_income": 206977,
            "net_income_4q": null,
            "revenue": 2398553,
            "revenue_4q": null,
            "common_shares": 5919949,
            "book_valuer_per_share": 15.61,
            "book_valuer_per_share_4q_avg": 15.31,
            "equity": 10721885,
            "current_ratio": 278.45,
            "debt_ratio": 28.72,
            "inventory_turnover_ratio": 1.12,
            "account_receivable_turnover_ratio": 1.23,
            "reinvestment_rate": null,
            "research_to_sale_ratio": 25.46,
            "price_fair": 24.5,
            "eps_avg_yearly": 0.7,
            "eps_latest_yearly": 1.12,
            "eps_growth_yearly": 3128.24
        },
        "20144": {
            "year_quarter": 20144,
            "year": 2014,
            "quarter": 4,
            "eps": 0.09,
            "eps_growth_year": null,
            "eps_4q": 0.72,
            "eps_4q_growth_year": 700.76,
            "roe": 0.87,
            "roe_4q": 5.21,
            "gross_profit": 873298,
            "gross_margin": 39.71,
            "gross_margin_4q_avg": 40.57,
            "net_income": 93888,
            "net_income_4q": null,
            "revenue": 2199311,
            "revenue_4q": null,
            "common_shares": 5919949,
            "book_valuer_per_share": 15.85,
            "book_valuer_per_share_4q_avg": 15.54,
            "equity": 10924940,
            "current_ratio": 284.4,
            "debt_ratio": 26.28,
            "inventory_turnover_ratio": 1.01,
            "account_receivable_turnover_ratio": 1.18,
            "reinvestment_rate": null,
            "research_to_sale_ratio": 26.32,
            "price_fair": 26.95,
            "eps_avg_yearly": 0.77,
            "eps_latest_yearly": 0.36,
            "eps_growth_yearly": 3154.5
        },
        "20151": {
            "year_quarter": 20151,
            "year": 2015,
            "quarter": 1,
            "eps": 0.95,
            "eps_growth_year": 9400,
            "eps_4q": 1.65,
            "eps_4q_growth_year": 824.25,
            "roe": 5.17,
            "roe_4q": 10.38,
            "gross_profit": 763697,
            "gross_margin": 40.98,
            "gross_margin_4q_avg": 41.04,
            "net_income": 578150,
            "net_income_4q": null,
            "revenue": 1863803,
            "revenue_4q": null,
            "common_shares": 5919949,
            "book_valuer_per_share": 16.7,
            "book_valuer_per_share_4q_avg": 15.88,
            "equity": 11442922,
            "current_ratio": 276.15,
            "debt_ratio": 26.32,
            "inventory_turnover_ratio": 0.83,
            "account_receivable_turnover_ratio": 1.15,
            "reinvestment_rate": null,
            "research_to_sale_ratio": 33.49,
            "price_fair": 48.16,
            "eps_avg_yearly": 1.38,
            "eps_latest_yearly": 3.8,
            "eps_growth_yearly": 3288.04
        },
        "20152": {
            "year_quarter": 20152,
            "year": 2015,
            "quarter": 2,
            "eps": 0.16,
            "eps_growth_year": -52.94,
            "eps_4q": 1.47,
            "eps_4q_growth_year": 302.07,
            "roe": 1.44,
            "roe_4q": 9.43,
            "gross_profit": 926953,
            "gross_margin": 40.09,
            "gross_margin_4q_avg": 40.55,
            "net_income": 161428,
            "net_income_4q": null,
            "revenue": 2312432,
            "revenue_4q": null,
            "common_shares": 5919949,
            "book_valuer_per_share": 15.99,
            "book_valuer_per_share_4q_avg": 16.04,
            "equity": 10942232,
            "current_ratio": 224.39,
            "debt_ratio": 30.43,
            "inventory_turnover_ratio": 1.02,
            "account_receivable_turnover_ratio": 1.41,
            "reinvestment_rate": null,
            "research_to_sale_ratio": 19.95,
            "price_fair": 43.87,
            "eps_avg_yearly": 1.25,
            "eps_latest_yearly": 0.64,
            "eps_growth_yearly": 2684.6
        },
        "20153": {
            "year_quarter": 20153,
            "year": 2015,
            "quarter": 3,
            "eps": -0.51,
            "eps_growth_year": -282.14,
            "eps_4q": 0.69,
            "eps_4q_growth_year": 18.55,
            "roe": -1.96,
            "roe_4q": 5.5200000000000005,
            "gross_profit": 905264,
            "gross_margin": 40.47,
            "gross_margin_4q_avg": 40.31,
            "net_income": -212045,
            "net_income_4q": null,
            "revenue": 2236883,
            "revenue_4q": null,
            "common_shares": 5919949,
            "book_valuer_per_share": 15.45,
            "book_valuer_per_share_4q_avg": 16,
            "equity": 10723900,
            "current_ratio": 264.45,
            "debt_ratio": 30.32,
            "inventory_turnover_ratio": 0.97,
            "account_receivable_turnover_ratio": 1.22,
            "reinvestment_rate": null,
            "research_to_sale_ratio": 17.07,
            "price_fair": 43.87,
            "eps_avg_yearly": 1.25,
            "eps_latest_yearly": 0.64,
            "eps_growth_yearly": 2684.6
        },
        "20154": {
            "year_quarter": 20154,
            "year": 2015,
            "quarter": 4,
            "eps": 0.4,
            "eps_growth_year": 364.85,
            "eps_4q": 1,
            "eps_4q_growth_year": 39.43,
            "roe": 2.74,
            "roe_4q": 7.390000000000001,
            "gross_profit": 926711,
            "gross_margin": 45.15,
            "gross_margin_4q_avg": 41.67,
            "net_income": 300747,
            "net_income_4q": null,
            "revenue": 2052715,
            "revenue_4q": null,
            "common_shares": 5919949,
            "book_valuer_per_share": 16.2,
            "book_valuer_per_share_4q_avg": 16.09,
            "equity": 11225240,
            "current_ratio": 317.61,
            "debt_ratio": 28.04,
            "inventory_turnover_ratio": 0.89,
            "account_receivable_turnover_ratio": 1.18,
            "reinvestment_rate": 576.35,
            "research_to_sale_ratio": 22.76,
            "price_fair": 43.87,
            "eps_avg_yearly": 1.25,
            "eps_latest_yearly": 0.64,
            "eps_growth_yearly": 2684.6
        },
        "20161": {
            "year_quarter": 20161,
            "year": 2016,
            "quarter": 1,
            "eps": 0,
            "eps_growth_year": -100,
            "eps_4q": 0.06,
            "eps_4q_growth_year": -96.54,
            "roe": 0.33,
            "roe_4q": 2.5500000000000003,
            "gross_profit": 777371,
            "gross_margin": 43.14,
            "gross_margin_4q_avg": 42.21,
            "net_income": 36388,
            "net_income_4q": null,
            "revenue": 1802171,
            "revenue_4q": null,
            "common_shares": 5919949,
            "book_valuer_per_share": 15.91,
            "book_valuer_per_share_4q_avg": 15.89,
            "equity": 11091829,
            "current_ratio": 309.22,
            "debt_ratio": 26.3,
            "inventory_turnover_ratio": 0.86,
            "account_receivable_turnover_ratio": 1.24,
            "reinvestment_rate": 279.93,
            "research_to_sale_ratio": 25.63,
            "price_fair": 43.87,
            "eps_avg_yearly": 1.25,
            "eps_latest_yearly": 0.64,
            "eps_growth_yearly": 2684.6
        },
        "20162": {
            "year_quarter": 20162,
            "year": 2016,
            "quarter": 2,
            "eps": 0.04,
            "eps_growth_year": -75,
            "eps_4q": -0.06,
            "eps_4q_growth_year": -104.22,
            "roe": 0.84,
            "roe_4q": 1.9500000000000002,
            "gross_profit": 905448,
            "gross_margin": 43.45,
            "gross_margin_4q_avg": 43.05,
            "net_income": 90419,
            "net_income_4q": null,
            "revenue": 2083739,
            "revenue_4q": null,
            "common_shares": 5919949,
            "book_valuer_per_share": 14.79,
            "book_valuer_per_share_4q_avg": 15.59,
            "equity": 10320354,
            "current_ratio": 227.98,
            "debt_ratio": 32.82,
            "inventory_turnover_ratio": 1,
            "account_receivable_turnover_ratio": 1.43,
            "reinvestment_rate": 9.26,
            "research_to_sale_ratio": 24.37,
            "price_fair": 43.87,
            "eps_avg_yearly": 1.25,
            "eps_latest_yearly": 0.64,
            "eps_growth_yearly": 2684.6
        },
        "20163": {
            "year_quarter": 20163,
            "year": 2016,
            "quarter": 3,
            "eps": 0.07,
            "eps_growth_year": null,
            "eps_4q": 0.51,
            "eps_4q_growth_year": -25,
            "roe": 0.55,
            "roe_4q": 4.460000000000001,
            "gross_profit": 758829,
            "gross_margin": 40.43,
            "gross_margin_4q_avg": 43.04,
            "net_income": 57264,
            "net_income_4q": null,
            "revenue": 1876789,
            "revenue_4q": null,
            "common_shares": 5919949,
            "book_valuer_per_share": 15.28,
            "book_valuer_per_share_4q_avg": 15.55,
            "equity": 10629644,
            "current_ratio": 315.68,
            "debt_ratio": 26.05,
            "inventory_turnover_ratio": 1.02,
            "account_receivable_turnover_ratio": 1.22,
            "reinvestment_rate": -57.81,
            "research_to_sale_ratio": 26.96,
            "price_fair": 39,
            "eps_avg_yearly": 1.11,
            "eps_latest_yearly": 0.28,
            "eps_growth_yearly": 2343.94
        },
        "20164": {
            "year_quarter": 20164,
            "year": 2016,
            "quarter": 4,
            "eps": 0.09,
            "eps_growth_year": -77.4,
            "eps_4q": 0.2,
            "eps_4q_growth_year": -79.61,
            "roe": 0.83,
            "roe_4q": 2.55,
            "gross_profit": 760840,
            "gross_margin": 42.43,
            "gross_margin_4q_avg": 42.36,
            "net_income": 88435,
            "net_income_4q": null,
            "revenue": 1793346,
            "revenue_4q": null,
            "common_shares": 5919949,
            "book_valuer_per_share": 15.34,
            "book_valuer_per_share_4q_avg": 15.33,
            "equity": 10688177,
            "current_ratio": 288.7,
            "debt_ratio": 26.94,
            "inventory_turnover_ratio": 1.13,
            "account_receivable_turnover_ratio": 1.29,
            "reinvestment_rate": -106.57,
            "research_to_sale_ratio": 24.11,
            "price_fair": 35.7,
            "eps_avg_yearly": 1.02,
            "eps_latest_yearly": 0.36,
            "eps_growth_yearly": 2065.23
        },
        "20171": {
            "year_quarter": 20171,
            "year": 2017,
            "quarter": 1,
            "eps": 0.54,
            "eps_growth_year": null,
            "eps_4q": 0.74,
            "eps_4q_growth_year": 1195.25,
            "roe": 3.06,
            "roe_4q": 5.28,
            "gross_profit": 573844,
            "gross_margin": 38.81,
            "gross_margin_4q_avg": 41.28,
            "net_income": 327477,
            "net_income_4q": null,
            "revenue": 1478636,
            "revenue_4q": null,
            "common_shares": 5919949,
            "book_valuer_per_share": 15.44,
            "book_valuer_per_share_4q_avg": 15.21,
            "equity": 10745746,
            "current_ratio": 447.23,
            "debt_ratio": 18.94,
            "inventory_turnover_ratio": 0.98,
            "account_receivable_turnover_ratio": 1.25,
            "reinvestment_rate": -74.96,
            "research_to_sale_ratio": 29.65,
            "price_fair": 40.13,
            "eps_avg_yearly": 1.15,
            "eps_latest_yearly": 2.16,
            "eps_growth_yearly": 2057.98
        },
        "20172": {
            "year_quarter": 20172,
            "year": 2017,
            "quarter": 2,
            "eps": 0.05,
            "eps_growth_year": 25,
            "eps_4q": 0.75,
            "eps_4q_growth_year": null,
            "roe": 0.71,
            "roe_4q": 5.1499999999999995,
            "gross_profit": 743324,
            "gross_margin": 40.63,
            "gross_margin_4q_avg": 40.58,
            "net_income": 74603,
            "net_income_4q": null,
            "revenue": 1829575,
            "revenue_4q": null,
            "common_shares": 5919949,
            "book_valuer_per_share": 15,
            "book_valuer_per_share_4q_avg": 15.27,
            "equity": 10339767,
            "current_ratio": 313.09,
            "debt_ratio": 24.24,
            "inventory_turnover_ratio": 1.04,
            "account_receivable_turnover_ratio": 1.48,
            "reinvestment_rate": -75.45,
            "research_to_sale_ratio": 24.54,
            "price_fair": 36.82,
            "eps_avg_yearly": 1.05,
            "eps_latest_yearly": 0.2,
            "eps_growth_yearly": 1815.89
        },
        "20173": {
            "year_quarter": 20173,
            "year": 2017,
            "quarter": 3,
            "eps": 0.13,
            "eps_growth_year": 85.71,
            "eps_4q": 0.81,
            "eps_4q_growth_year": 56.68,
            "roe": 1.21,
            "roe_4q": 5.8100000000000005,
            "gross_profit": 735847,
            "gross_margin": 39.8,
            "gross_margin_4q_avg": 40.42,
            "net_income": 126538,
            "net_income_4q": null,
            "revenue": 1848861,
            "revenue_4q": null,
            "common_shares": 5919949,
            "book_valuer_per_share": 15.17,
            "book_valuer_per_share_4q_avg": 15.24,
            "equity": 10496618,
            "current_ratio": 339.56,
            "debt_ratio": 22.46,
            "inventory_turnover_ratio": 1.03,
            "account_receivable_turnover_ratio": 1.29,
            "reinvestment_rate": -67.33,
            "research_to_sale_ratio": 23.87,
            "price_fair": 37.8,
            "eps_avg_yearly": 1.08,
            "eps_latest_yearly": 0.52,
            "eps_growth_yearly": 1903.89
        },
        "20174": {
            "year_quarter": 20174,
            "year": 2017,
            "quarter": 4,
            "eps": 0,
            "eps_growth_year": -99.78,
            "eps_4q": 0.72,
            "eps_4q_growth_year": 250.67,
            "roe": 0.21,
            "roe_4q": 5.1899999999999995,
            "gross_profit": 683751,
            "gross_margin": 41.11,
            "gross_margin_4q_avg": 40.09,
            "net_income": 22610,
            "net_income_4q": null,
            "revenue": 1663165,
            "revenue_4q": null,
            "common_shares": 5919949,
            "book_valuer_per_share": 15.24,
            "book_valuer_per_share_4q_avg": 15.21,
            "equity": 10643285,
            "current_ratio": 390.93,
            "debt_ratio": 21.04,
            "inventory_turnover_ratio": 0.95,
            "account_receivable_turnover_ratio": 1.23,
            "reinvestment_rate": -83.99,
            "research_to_sale_ratio": 27.09,
            "price_fair": 37.8,
            "eps_avg_yearly": 1.08,
            "eps_latest_yearly": 0.52,
            "eps_growth_yearly": 1903.89
        },
        "20181": {
            "year_quarter": 20181,
            "year": 2018,
            "quarter": 1,
            "eps": 0.02,
            "eps_growth_year": -96.3,
            "eps_4q": 0.19,
            "eps_4q_growth_year": -73.71,
            "roe": 0.15,
            "roe_4q": 2.28,
            "gross_profit": 549253,
            "gross_margin": 38.42,
            "gross_margin_4q_avg": 39.99,
            "net_income": 15726,
            "net_income_4q": null,
            "revenue": 1429579,
            "revenue_4q": null,
            "common_shares": 5919949,
            "book_valuer_per_share": 15.28,
            "book_valuer_per_share_4q_avg": 15.17,
            "equity": 10681545,
            "current_ratio": 385.51,
            "debt_ratio": 19.89,
            "inventory_turnover_ratio": 0.84,
            "account_receivable_turnover_ratio": 1.3,
            "reinvestment_rate": -106.37,
            "research_to_sale_ratio": 31.75,
            "price_fair": 37.8,
            "eps_avg_yearly": 1.08,
            "eps_latest_yearly": 0.52,
            "eps_growth_yearly": 1903.89
        },
        "20182": {
            "year_quarter": 20182,
            "year": 2018,
            "quarter": 2,
            "eps": -0.04,
            "eps_growth_year": -180,
            "eps_4q": 0.1,
            "eps_4q_growth_year": -85.97,
            "roe": 0.34,
            "roe_4q": 1.91,
            "gross_profit": 695461,
            "gross_margin": 38.67,
            "gross_margin_4q_avg": 39.5,
            "net_income": 35210,
            "net_income_4q": null,
            "revenue": 1798653,
            "revenue_4q": null,
            "common_shares": 5919949,
            "book_valuer_per_share": 14.47,
            "book_valuer_per_share_4q_avg": 15.04,
            "equity": 10089783,
            "current_ratio": 296.7,
            "debt_ratio": 24.56,
            "inventory_turnover_ratio": 1.01,
            "account_receivable_turnover_ratio": 1.54,
            "reinvestment_rate": -115.08,
            "research_to_sale_ratio": 25.96,
            "price_fair": 36.71,
            "eps_avg_yearly": 1.05,
            "eps_latest_yearly": 0.52,
            "eps_growth_yearly": 648.77
        },
        "20183": {
            "year_quarter": 20183,
            "year": 2018,
            "quarter": 3,
            "eps": 0.14,
            "eps_growth_year": 7.69,
            "eps_4q": 0.11,
            "eps_4q_growth_year": -86.03,
            "roe": 1.24,
            "roe_4q": 1.94,
            "gross_profit": 636910,
            "gross_margin": 41.28,
            "gross_margin_4q_avg": 39.87,
            "net_income": 124190,
            "net_income_4q": null,
            "revenue": 1542968,
            "revenue_4q": null,
            "common_shares": 5919949,
            "book_valuer_per_share": 14.49,
            "book_valuer_per_share_4q_avg": 14.87,
            "equity": 9926867,
            "current_ratio": 379.69,
            "debt_ratio": 18.39,
            "inventory_turnover_ratio": 0.9,
            "account_receivable_turnover_ratio": 1.25,
            "reinvestment_rate": -95.51,
            "research_to_sale_ratio": 27.1,
            "price_fair": 36.4,
            "eps_avg_yearly": 1.04,
            "eps_latest_yearly": 0.52,
            "eps_growth_yearly": 738.69
        },
        "20184": {
            "year_quarter": 20184,
            "year": 2018,
            "quarter": 4,
            "eps": -0.1,
            "eps_growth_year": -50576.96,
            "eps_4q": 0.01,
            "eps_4q_growth_year": -98.67,
            "roe": -0.33,
            "roe_4q": 1.4,
            "gross_profit": 547760,
            "gross_margin": 41.92,
            "gross_margin_4q_avg": 40.07,
            "net_income": -32803,
            "net_income_4q": null,
            "revenue": 1306533,
            "revenue_4q": null,
            "common_shares": 5919949,
            "book_valuer_per_share": 14.39,
            "book_valuer_per_share_4q_avg": 14.66,
            "equity": 9867606,
            "current_ratio": 394.03,
            "debt_ratio": 17.27,
            "inventory_turnover_ratio": 0.87,
            "account_receivable_turnover_ratio": 1.25,
            "reinvestment_rate": -207.04,
            "research_to_sale_ratio": 27.58,
            "price_fair": 39.8,
            "eps_avg_yearly": 1.14,
            "eps_latest_yearly": 0.52,
            "eps_growth_yearly": 882.99
        },
        "20191": {
            "year_quarter": 20191,
            "year": 2019,
            "quarter": 1,
            "eps": 0.01,
            "eps_growth_year": -50,
            "eps_4q": 0,
            "eps_4q_growth_year": -98.33,
            "roe": 0.29,
            "roe_4q": 1.54,
            "gross_profit": 504577,
            "gross_margin": 42.78,
            "gross_margin_4q_avg": 41.16,
            "net_income": 28349,
            "net_income_4q": null,
            "revenue": 1179600,
            "revenue_4q": null,
            "common_shares": 5919949,
            "book_valuer_per_share": 14.51,
            "book_valuer_per_share_4q_avg": 14.47,
            "equity": 9968957,
            "current_ratio": 454.52,
            "debt_ratio": 16.73,
            "inventory_turnover_ratio": 0.84,
            "account_receivable_turnover_ratio": 1.29,
            "reinvestment_rate": -514.89,
            "research_to_sale_ratio": 30.31,
            "price_fair": 24.27,
            "eps_avg_yearly": 0.69,
            "eps_latest_yearly": 0.52,
            "eps_growth_yearly": 393.12
        },
        "20192": {
            "year_quarter": 20192,
            "year": 2019,
            "quarter": 2,
            "eps": 0.01,
            "eps_growth_year": null,
            "eps_4q": 0.06,
            "eps_4q_growth_year": -47,
            "roe": 0.73,
            "roe_4q": 1.93,
            "gross_profit": 645639,
            "gross_margin": 42.15,
            "gross_margin_4q_avg": 42.03,
            "net_income": 71133,
            "net_income_4q": null,
            "revenue": 1531751,
            "revenue_4q": null,
            "common_shares": 5919949,
            "book_valuer_per_share": 14.11,
            "book_valuer_per_share_4q_avg": 14.38,
            "equity": 9638006,
            "current_ratio": 323.87,
            "debt_ratio": 21.68,
            "inventory_turnover_ratio": 1.12,
            "account_receivable_turnover_ratio": 1.55,
            "reinvestment_rate": -587.96,
            "research_to_sale_ratio": 24.73,
            "price_fair": 20.77,
            "eps_avg_yearly": 0.59,
            "eps_latest_yearly": 0.04,
            "eps_growth_yearly": 448.55
        },
        "20193": {
            "year_quarter": 20193,
            "year": 2019,
            "quarter": 3,
            "eps": 0.01,
            "eps_growth_year": -92.86,
            "eps_4q": -0.08,
            "eps_4q_growth_year": -169.16,
            "roe": 0.53,
            "roe_4q": 1.22,
            "gross_profit": 658774,
            "gross_margin": 44.59,
            "gross_margin_4q_avg": 42.86,
            "net_income": 50552,
            "net_income_4q": null,
            "revenue": 1477295,
            "revenue_4q": null,
            "common_shares": 5919949,
            "book_valuer_per_share": 14,
            "book_valuer_per_share_4q_avg": 14.25,
            "equity": 9613075,
            "current_ratio": 460.19,
            "debt_ratio": 16.45,
            "inventory_turnover_ratio": 1.04,
            "account_receivable_turnover_ratio": 1.4,
            "reinvestment_rate": -328.45,
            "research_to_sale_ratio": 26.11,
            "price_fair": 18,
            "eps_avg_yearly": 0.51,
            "eps_latest_yearly": 0.04,
            "eps_growth_yearly": 384.47
        },
        "20194": {
            "year_quarter": 20194,
            "year": 2019,
            "quarter": 4,
            "eps": 0,
            "eps_growth_year": null,
            "eps_4q": 0.03,
            "eps_4q_growth_year": 172.59,
            "roe": 0.26,
            "roe_4q": 1.81,
            "gross_profit": 565585,
            "gross_margin": 42.73,
            "gross_margin_4q_avg": 43.06,
            "net_income": 24718,
            "net_income_4q": null,
            "revenue": 1323684,
            "revenue_4q": null,
            "common_shares": 5919949,
            "book_valuer_per_share": 13.9,
            "book_valuer_per_share_4q_avg": 14.13,
            "equity": 9572691,
            "current_ratio": 442.5,
            "debt_ratio": 16.69,
            "inventory_turnover_ratio": 0.99,
            "account_receivable_turnover_ratio": 1.45,
            "reinvestment_rate": -454.76,
            "research_to_sale_ratio": 27.14,
            "price_fair": 18,
            "eps_avg_yearly": 0.51,
            "eps_latest_yearly": 0.04,
            "eps_growth_yearly": 384.47
        },
        "20201": {
            "year_quarter": 20201,
            "year": 2020,
            "quarter": 1,
            "eps": -0.21,
            "eps_growth_year": -2200,
            "eps_4q": -0.2,
            "eps_4q_growth_year": -6195.69,
            "roe": -1.11,
            "roe_4q": 0.4099999999999999,
            "gross_profit": 488522,
            "gross_margin": 46.86,
            "gross_margin_4q_avg": 44.08,
            "net_income": -105754,
            "net_income_4q": null,
            "revenue": 1042456,
            "revenue_4q": null,
            "common_shares": 5919949,
            "book_valuer_per_share": 13.6,
            "book_valuer_per_share_4q_avg": 13.9,
            "equity": 9424962,
            "current_ratio": 496.55,
            "debt_ratio": 15.38,
            "inventory_turnover_ratio": 0.66,
            "account_receivable_turnover_ratio": 1.32,
            "reinvestment_rate": -535.41,
            "research_to_sale_ratio": 34.83,
            "price_fair": 18,
            "eps_avg_yearly": 0.51,
            "eps_latest_yearly": 0.04,
            "eps_growth_yearly": 384.47
        },
        "20202": {
            "year_quarter": 20202,
            "year": 2020,
            "quarter": 2,
            "eps": 0.08,
            "eps_growth_year": 700,
            "eps_4q": -0.13,
            "eps_4q_growth_year": -335.04,
            "roe": 1.3,
            "roe_4q": 0.98,
            "gross_profit": 685213,
            "gross_margin": 44.8,
            "gross_margin_4q_avg": 44.75,
            "net_income": 121053,
            "net_income_4q": null,
            "revenue": 1529573,
            "revenue_4q": null,
            "common_shares": 5919949,
            "book_valuer_per_share": 13.37,
            "book_valuer_per_share_4q_avg": 13.72,
            "equity": 9224193,
            "current_ratio": 329.01,
            "debt_ratio": 20.99,
            "inventory_turnover_ratio": 0.87,
            "account_receivable_turnover_ratio": 1.69,
            "reinvestment_rate": -152.79,
            "research_to_sale_ratio": 24.87,
            "price_fair": 18,
            "eps_avg_yearly": 0.51,
            "eps_latest_yearly": 0.04,
            "eps_growth_yearly": 384.47
        },
        "20203": {
            "year_quarter": 20203,
            "year": 2020,
            "quarter": 3,
            "eps": 0.36,
            "eps_growth_year": 3500,
            "eps_4q": 0.23,
            "eps_4q_growth_year": null,
            "roe": 3.31,
            "roe_4q": 3.76,
            "gross_profit": 923004,
            "gross_margin": 45.83,
            "gross_margin_4q_avg": 45.06,
            "net_income": 312629,
            "net_income_4q": null,
            "revenue": 2013979,
            "revenue_4q": null,
            "common_shares": 5919949,
            "book_valuer_per_share": 13.87,
            "book_valuer_per_share_4q_avg": 13.69,
            "equity": 9652671,
            "current_ratio": 376.14,
            "debt_ratio": 20.24,
            "inventory_turnover_ratio": 1.12,
            "account_receivable_turnover_ratio": 1.77,
            "reinvestment_rate": -71.9,
            "research_to_sale_ratio": 21.43,
            "price_fair": 23.8,
            "eps_avg_yearly": 0.68,
            "eps_latest_yearly": 1.44,
            "eps_growth_yearly": 541.62
        },
        "20204": {
            "year_quarter": 20204,
            "year": 2020,
            "quarter": 4,
            "eps": 0.32,
            "eps_growth_year": 32149.7,
            "eps_4q": 0.55,
            "eps_4q_growth_year": 2012.54,
            "roe": 2.96,
            "roe_4q": 6.459999999999999,
            "gross_profit": 828357,
            "gross_margin": 45.31,
            "gross_margin_4q_avg": 45.7,
            "net_income": 290899,
            "net_income_4q": null,
            "revenue": 1828132,
            "revenue_4q": null,
            "common_shares": 5919949,
            "book_valuer_per_share": 14.3,
            "book_valuer_per_share_4q_avg": 13.79,
            "equity": 10019001,
            "current_ratio": 371.46,
            "debt_ratio": 20.61,
            "inventory_turnover_ratio": 1.11,
            "account_receivable_turnover_ratio": 1.51,
            "reinvestment_rate": -55.41,
            "research_to_sale_ratio": 24.55,
            "price_fair": 28.4,
            "eps_avg_yearly": 0.81,
            "eps_latest_yearly": 1.28,
            "eps_growth_yearly": 518.94
        },
        "20211": {
            "year_quarter": 20211,
            "year": 2021,
            "quarter": 1,
            "eps": 0.37,
            "eps_growth_year": null,
            "eps_4q": 1.13,
            "eps_4q_growth_year": null,
            "roe": 3.12,
            "roe_4q": 10.690000000000001,
            "gross_profit": 843980,
            "gross_margin": 49.69,
            "gross_margin_4q_avg": 46.41,
            "net_income": 317479,
            "net_income_4q": null,
            "revenue": 1698327,
            "revenue_4q": null,
            "common_shares": 5919949,
            "book_valuer_per_share": 14.69,
            "book_valuer_per_share_4q_avg": 14.06,
            "equity": 10360220,
            "current_ratio": 399.6,
            "debt_ratio": 20.59,
            "inventory_turnover_ratio": 0.92,
            "account_receivable_turnover_ratio": 1.52,
            "reinvestment_rate": 53.25,
            "research_to_sale_ratio": 29.68,
            "price_fair": 25,
            "eps_avg_yearly": 0.71,
            "eps_latest_yearly": 1.48,
            "eps_growth_yearly": 242.16
        },
        "20212": {
            "year_quarter": 20212,
            "year": 2021,
            "quarter": 2,
            "eps": 0.49,
            "eps_growth_year": 512.5,
            "eps_4q": 1.54,
            "eps_4q_growth_year": null,
            "roe": 4.19,
            "roe_4q": 13.58,
            "gross_profit": 1078106,
            "gross_margin": 51.29,
            "gross_margin_4q_avg": 48.03,
            "net_income": 439940,
            "net_income_4q": null,
            "revenue": 2101911,
            "revenue_4q": null,
            "common_shares": 5919949,
            "book_valuer_per_share": 15.12,
            "book_valuer_per_share_4q_avg": 14.5,
            "equity": 10630346,
            "current_ratio": 339.54,
            "debt_ratio": 22.87,
            "inventory_turnover_ratio": 0.98,
            "account_receivable_turnover_ratio": 1.76,
            "reinvestment_rate": 66.86,
            "research_to_sale_ratio": 24.34,
            "price_fair": 33.8,
            "eps_avg_yearly": 0.97,
            "eps_latest_yearly": 1.96,
            "eps_growth_yearly": 312.54
        },
        "20213": {
            "year_quarter": 20213,
            "year": 2021,
            "quarter": 3,
            "eps": 0.51,
            "eps_growth_year": 41.67,
            "eps_4q": 1.69,
            "eps_4q_growth_year": 648.15,
            "roe": 4.22,
            "roe_4q": 14.490000000000002,
            "gross_profit": 1150563,
            "gross_margin": 53.96,
            "gross_margin_4q_avg": 50.06,
            "net_income": 473611,
            "net_income_4q": null,
            "revenue": 2132253,
            "revenue_4q": null,
            "common_shares": 5919949,
            "book_valuer_per_share": 16.17,
            "book_valuer_per_share_4q_avg": 15.07,
            "equity": 11795852,
            "current_ratio": 386.75,
            "debt_ratio": 20.71,
            "inventory_turnover_ratio": 0.83,
            "account_receivable_turnover_ratio": 1.59,
            "reinvestment_rate": 64.64,
            "research_to_sale_ratio": 26.81,
            "price_fair": 41.4,
            "eps_avg_yearly": 1.18,
            "eps_latest_yearly": 2.04,
            "eps_growth_yearly": 223.44
        },
        "20214": {
            "year_quarter": 20214,
            "year": 2021,
            "quarter": 4,
            "eps": 0.64,
            "eps_growth_year": 98,
            "eps_4q": 2.01,
            "eps_4q_growth_year": 265.73,
            "roe": 4.31,
            "roe_4q": 15.84,
            "gross_profit": 1088957,
            "gross_margin": 53.69,
            "gross_margin_4q_avg": 52.16,
            "net_income": 525212,
            "net_income_4q": null,
            "revenue": 2028340,
            "revenue_4q": null,
            "common_shares": 5919949,
            "book_valuer_per_share": 17.2,
            "book_valuer_per_share_4q_avg": 15.8,
            "equity": 12579096,
            "current_ratio": 339.06,
            "debt_ratio": 23.19,
            "inventory_turnover_ratio": 0.68,
            "account_receivable_turnover_ratio": 1.55,
            "reinvestment_rate": 83.48,
            "research_to_sale_ratio": 24.72,
            "price_fair": 47.43,
            "eps_avg_yearly": 1.36,
            "eps_latest_yearly": 2.56,
            "eps_growth_yearly": 208.26
        },
        "20221": {
            "year_quarter": 20221,
            "year": 2022,
            "quarter": 1,
            "eps": 0.63,
            "eps_growth_year": 70.27,
            "eps_4q": 2.27,
            "eps_4q_growth_year": 100.71,
            "roe": 4.3,
            "roe_4q": 17.02,
            "gross_profit": 1154177,
            "gross_margin": 54.58,
            "gross_margin_4q_avg": 53.38,
            "net_income": 549919,
            "net_income_4q": null,
            "revenue": 2114599,
            "revenue_4q": null,
            "common_shares": 5919949,
            "book_valuer_per_share": 17.97,
            "book_valuer_per_share_4q_avg": 16.62,
            "equity": 13006604,
            "current_ratio": 391.04,
            "debt_ratio": 20.48,
            "inventory_turnover_ratio": 0.6,
            "account_receivable_turnover_ratio": 1.63,
            "reinvestment_rate": 80.29,
            "research_to_sale_ratio": 29.52,
            "price_fair": 51.96,
            "eps_avg_yearly": 1.48,
            "eps_latest_yearly": 2.52,
            "eps_growth_yearly": 184.42
        },
        "20222": {
            "year_quarter": 20222,
            "year": 2022,
            "quarter": 2,
            "eps": -0.08,
            "eps_growth_year": -116.33,
            "eps_4q": 1.71,
            "eps_4q_growth_year": 11.17,
            "roe": 0.96,
            "roe_4q": 13.79,
            "gross_profit": 1033876,
            "gross_margin": 52.1,
            "gross_margin_4q_avg": 53.58,
            "net_income": 118523,
            "net_income_4q": null,
            "revenue": 1984509,
            "revenue_4q": null,
            "common_shares": 5919949,
            "book_valuer_per_share": 15.78,
            "book_valuer_per_share_4q_avg": 16.78,
            "equity": 11604851,
            "current_ratio": 238.74,
            "debt_ratio": 30.25,
            "inventory_turnover_ratio": 0.51,
            "account_receivable_turnover_ratio": 1.52,
            "reinvestment_rate": 77.03,
            "research_to_sale_ratio": 27.51,
            "price_fair": 51.96,
            "eps_avg_yearly": 1.48,
            "eps_latest_yearly": 2.52,
            "eps_growth_yearly": 184.42
        },
        "20223": {
            "year_quarter": 20223,
            "year": 2022,
            "quarter": 3,
            "eps": 0.03,
            "eps_growth_year": -94.12,
            "eps_4q": 1.23,
            "eps_4q_growth_year": -27.24,
            "roe": 0.73,
            "roe_4q": 10.3,
            "gross_profit": 649852,
            "gross_margin": 45.21,
            "gross_margin_4q_avg": 51.4,
            "net_income": 85846,
            "net_income_4q": null,
            "revenue": 1437262,
            "revenue_4q": null,
            "common_shares": 5919949,
            "book_valuer_per_share": 15.96,
            "book_valuer_per_share_4q_avg": 16.73,
            "equity": 11797613,
            "current_ratio": 425.95,
            "debt_ratio": 21.36,
            "inventory_turnover_ratio": 0.37,
            "account_receivable_turnover_ratio": 1.19,
            "reinvestment_rate": 54.53,
            "research_to_sale_ratio": 36.67,
            "price_fair": 51.96,
            "eps_avg_yearly": 1.48,
            "eps_latest_yearly": 2.52,
            "eps_growth_yearly": 184.42
        },
        "20224": {
            "year_quarter": 20224,
            "year": 2022,
            "quarter": 4,
            "eps": -0.22,
            "eps_growth_year": -134.55,
            "eps_4q": 0.37,
            "eps_4q_growth_year": -81.75,
            "roe": -0.71,
            "roe_4q": 5.279999999999999,
            "gross_profit": 462862,
            "gross_margin": 39.58,
            "gross_margin_4q_avg": 47.87,
            "net_income": -83831,
            "net_income_4q": null,
            "revenue": 1169338,
            "revenue_4q": null,
            "common_shares": 5919949,
            "book_valuer_per_share": 15.74,
            "book_valuer_per_share_4q_avg": 16.36,
            "equity": 11734928,
            "current_ratio": 490.33,
            "debt_ratio": 21.88,
            "inventory_turnover_ratio": 0.31,
            "account_receivable_turnover_ratio": 1.18,
            "reinvestment_rate": 49.99,
            "research_to_sale_ratio": 39.04,
            "price_fair": 51.96,
            "eps_avg_yearly": 1.48,
            "eps_latest_yearly": 2.52,
            "eps_growth_yearly": 184.42
        },
        "20231": {
            "year_quarter": 20231,
            "year": 2023,
            "quarter": 1,
            "eps": -0.16,
            "eps_growth_year": -125.4,
            "eps_4q": -0.42,
            "eps_4q_growth_year": -118.48,
            "roe": -0.42,
            "roe_4q": 0.56,
            "gross_profit": 565345,
            "gross_margin": 47.37,
            "gross_margin_4q_avg": 46.07,
            "net_income": -48891,
            "net_income_4q": null,
            "revenue": 1193532,
            "revenue_4q": null,
            "common_shares": 5919949,
            "book_valuer_per_share": 15.69,
            "book_valuer_per_share_4q_avg": 15.79,
            "equity": 11582416,
            "current_ratio": 546.82,
            "debt_ratio": 21.32,
            "inventory_turnover_ratio": 0.3,
            "account_receivable_turnover_ratio": 1.4,
            "reinvestment_rate": 50.17,
            "research_to_sale_ratio": 40.27,
            "price_fair": 51.96,
            "eps_avg_yearly": 1.48,
            "eps_latest_yearly": 2.52,
            "eps_growth_yearly": 184.42
        },
        "20232": {
            "year_quarter": 20232,
            "year": 2023,
            "quarter": 2,
            "eps": -0.14,
            "eps_growth_year": null,
            "eps_4q": -0.49,
            "eps_4q_growth_year": -128.38,
            "roe": -0.02,
            "roe_4q": -0.41999999999999993,
            "gross_profit": 668783,
            "gross_margin": 47.15,
            "gross_margin_4q_avg": 44.83,
            "net_income": -1852,
            "net_income_4q": null,
            "revenue": 1418296,
            "revenue_4q": null,
            "common_shares": 5919949,
            "book_valuer_per_share": 14.85,
            "book_valuer_per_share_4q_avg": 15.56,
            "equity": 10890668,
            "current_ratio": 348.48,
            "debt_ratio": 27.12,
            "inventory_turnover_ratio": 0.4,
            "account_receivable_turnover_ratio": 1.61,
            "reinvestment_rate": 50.24,
            "research_to_sale_ratio": 37.75,
            "price_fair": 58.28,
            "eps_avg_yearly": 1.67,
            "eps_latest_yearly": 2.52,
            "eps_growth_yearly": 207.48
        },
        "20233": {
            "year_quarter": 20233,
            "year": 2023,
            "quarter": 3,
            "eps": -0.09,
            "eps_growth_year": -400,
            "eps_4q": -0.61,
            "eps_4q_growth_year": -149.45,
            "roe": 0.31,
            "roe_4q": -0.84,
            "gross_profit": 710179,
            "gross_margin": 45.95,
            "gross_margin_4q_avg": 45.01,
            "net_income": 33857,
            "net_income_4q": null,
            "revenue": 1545595,
            "revenue_4q": null,
            "common_shares": 5919949,
            "book_valuer_per_share": 14.81,
            "book_valuer_per_share_4q_avg": 15.27,
            "equity": 10974074,
            "current_ratio": 444.95,
            "debt_ratio": 22.71,
            "inventory_turnover_ratio": 0.49,
            "account_receivable_turnover_ratio": 1.63,
            "reinvestment_rate": 60.53,
            "research_to_sale_ratio": 35.25,
            "price_fair": 66.4,
            "eps_avg_yearly": 1.9,
            "eps_latest_yearly": 2.52,
            "eps_growth_yearly": 237.12
        }
    },
    "months": {
        "2001-06": {
            "month": "2001-06",
            "price": "159.45",
            "revenue": 612103
        },
        "2001-07": {
            "month": "2001-07",
            "price": "125.36",
            "revenue": 663950
        },
        "2001-08": {
            "month": "2001-08",
            "price": "99.85",
            "revenue": 721924
        },
        "2001-09": {
            "month": "2001-09",
            "price": "74.65",
            "revenue": 622065
        },
        "2001-10": {
            "month": "2001-10",
            "price": "66.33",
            "revenue": 553632
        },
        "2001-11": {
            "month": "2001-11",
            "price": "80.55",
            "revenue": 554228
        },
        "2001-12": {
            "month": "2001-12",
            "price": "100.60",
            "revenue": 566974
        },
        "2002-01": {
            "month": "2002-01",
            "price": "113.05",
            "revenue": 514742
        },
        "2002-02": {
            "month": "2002-02",
            "price": "111.92",
            "revenue": 519794
        },
        "2002-03": {
            "month": "2002-03",
            "price": "131.86",
            "revenue": 639173
        },
        "2002-04": {
            "month": "2002-04",
            "price": "130.95",
            "revenue": 726516
        },
        "2002-05": {
            "month": "2002-05",
            "price": "118.77",
            "revenue": 751206
        },
        "2002-06": {
            "month": "2002-06",
            "price": "103.08",
            "revenue": 802179
        },
        "2002-07": {
            "month": "2002-07",
            "price": "82.96",
            "revenue": 820954
        },
        "2002-08": {
            "month": "2002-08",
            "price": "67.39",
            "revenue": 856466
        },
        "2002-09": {
            "month": "2002-09",
            "price": "61.55",
            "revenue": 861651
        },
        "2002-10": {
            "month": "2002-10",
            "price": "62.84",
            "revenue": 731224
        },
        "2002-11": {
            "month": "2002-11",
            "price": "67.19",
            "revenue": 703696
        },
        "2002-12": {
            "month": "2002-12",
            "price": "69.86",
            "revenue": 708310
        },
        "2003-01": {
            "month": "2003-01",
            "price": "60.16",
            "revenue": 615092
        },
        "2003-02": {
            "month": "2003-02",
            "price": "49.98",
            "revenue": 557773
        },
        "2003-03": {
            "month": "2003-03",
            "price": "50.57",
            "revenue": 651505
        },
        "2003-04": {
            "month": "2003-04",
            "price": "44.99",
            "revenue": 752153
        },
        "2003-05": {
            "month": "2003-05",
            "price": "39.11",
            "revenue": 807311
        },
        "2003-06": {
            "month": "2003-06",
            "price": "48.10",
            "revenue": 852229
        },
        "2003-07": {
            "month": "2003-07",
            "price": "46.70",
            "revenue": 929271
        },
        "2003-08": {
            "month": "2003-08",
            "price": "53.52",
            "revenue": 1025768
        },
        "2003-09": {
            "month": "2003-09",
            "price": "58.79",
            "revenue": 1144800
        },
        "2003-10": {
            "month": "2003-10",
            "price": "58.98",
            "revenue": 1213481
        },
        "2003-11": {
            "month": "2003-11",
            "price": "60.22",
            "revenue": 1273058
        },
        "2003-12": {
            "month": "2003-12",
            "price": "62.20",
            "revenue": 1275212
        },
        "2004-01": {
            "month": "2004-01",
            "price": "65.57",
            "revenue": 1114349
        },
        "2004-02": {
            "month": "2004-02",
            "price": "72.75",
            "revenue": 1216259
        },
        "2004-03": {
            "month": "2004-03",
            "price": "72.50",
            "revenue": 1304382
        },
        "2004-04": {
            "month": "2004-04",
            "price": "76.20",
            "revenue": 1466493
        },
        "2004-05": {
            "month": "2004-05",
            "price": "65.02",
            "revenue": 1658361
        },
        "2004-06": {
            "month": "2004-06",
            "price": "61.21",
            "revenue": 1713133
        },
        "2004-07": {
            "month": "2004-07",
            "price": "53.26",
            "revenue": 1723429
        },
        "2004-08": {
            "month": "2004-08",
            "price": "45.92",
            "revenue": 1854262
        },
        "2004-09": {
            "month": "2004-09",
            "price": "49.25",
            "revenue": 1875086
        },
        "2004-10": {
            "month": "2004-10",
            "price": "46.92",
            "revenue": 1821804
        },
        "2004-11": {
            "month": "2004-11",
            "price": "46.16",
            "revenue": 1635895
        },
        "2004-12": {
            "month": "2004-12",
            "price": "43.98",
            "revenue": 1556603
        },
        "2005-01": {
            "month": "2005-01",
            "price": "42.16",
            "revenue": 1570526
        },
        "2005-02": {
            "month": "2005-02",
            "price": "47.53",
            "revenue": 1260925
        },
        "2005-03": {
            "month": "2005-03",
            "price": "48.76",
            "revenue": 1332510
        },
        "2005-04": {
            "month": "2005-04",
            "price": "45.62",
            "revenue": 1386158
        },
        "2005-05": {
            "month": "2005-05",
            "price": "41.00",
            "revenue": 1471699
        },
        "2005-06": {
            "month": "2005-06",
            "price": "44.55",
            "revenue": 1590801
        },
        "2005-07": {
            "month": "2005-07",
            "price": "42.32",
            "revenue": 1415593
        },
        "2005-08": {
            "month": "2005-08",
            "price": "38.13",
            "revenue": 1614460
        },
        "2005-09": {
            "month": "2005-09",
            "price": "30.82",
            "revenue": 1898705
        },
        "2005-10": {
            "month": "2005-10",
            "price": "29.04",
            "revenue": 1724751
        },
        "2005-11": {
            "month": "2005-11",
            "price": "32.52",
            "revenue": 1750476
        },
        "2005-12": {
            "month": "2005-12",
            "price": "37.78",
            "revenue": 1764517
        },
        "2006-01": {
            "month": "2006-01",
            "price": "40.79",
            "revenue": 1613722
        },
        "2006-02": {
            "month": "2006-02",
            "price": "38.42",
            "revenue": 1644508
        },
        "2006-03": {
            "month": "2006-03",
            "price": "43.11",
            "revenue": 1756770
        },
        "2006-04": {
            "month": "2006-04",
            "price": "42.42",
            "revenue": 1428181
        },
        "2006-05": {
            "month": "2006-05",
            "price": "38.65",
            "revenue": 1550507
        },
        "2006-06": {
            "month": "2006-06",
            "price": "34.59",
            "revenue": 1446338
        },
        "2006-07": {
            "month": "2006-07",
            "price": "33.49",
            "revenue": 1394723
        },
        "2006-08": {
            "month": "2006-08",
            "price": "30.03",
            "revenue": 1467307
        },
        "2006-09": {
            "month": "2006-09",
            "price": "30.52",
            "revenue": 1448931
        },
        "2006-10": {
            "month": "2006-10",
            "price": "31.96",
            "revenue": 1275390
        },
        "2006-11": {
            "month": "2006-11",
            "price": "33.53",
            "revenue": 1193476
        },
        "2006-12": {
            "month": "2006-12",
            "price": "36.61",
            "revenue": 856573
        },
        "2007-01": {
            "month": "2007-01",
            "price": "37.59",
            "revenue": 881478
        },
        "2007-02": {
            "month": "2007-02",
            "price": "36.79",
            "revenue": 1095594
        },
        "2007-03": {
            "month": "2007-03",
            "price": "52.91",
            "revenue": 827411
        },
        "2007-04": {
            "month": "2007-04",
            "price": "74.84",
            "revenue": 749164
        },
        "2007-05": {
            "month": "2007-05",
            "price": "69.22",
            "revenue": 734965
        },
        "2007-06": {
            "month": "2007-06",
            "price": "77.42",
            "revenue": 774682
        },
        "2007-07": {
            "month": "2007-07",
            "price": "89.48",
            "revenue": 604595
        },
        "2007-08": {
            "month": "2007-08",
            "price": "68.56",
            "revenue": 695904
        },
        "2007-09": {
            "month": "2007-09",
            "price": "61.86",
            "revenue": 774500
        },
        "2007-10": {
            "month": "2007-10",
            "price": "63.41",
            "revenue": 673674
        },
        "2007-11": {
            "month": "2007-11",
            "price": "51.13",
            "revenue": 703167
        },
        "2007-12": {
            "month": "2007-12",
            "price": "48.80",
            "revenue": 698926
        },
        "2008-01": {
            "month": "2008-01",
            "price": "41.04",
            "revenue": 659518
        },
        "2008-02": {
            "month": "2008-02",
            "price": "32.38",
            "revenue": 472902
        },
        "2008-03": {
            "month": "2008-03",
            "price": "37.16",
            "revenue": 519378
        },
        "2008-04": {
            "month": "2008-04",
            "price": "40.01",
            "revenue": 534398
        },
        "2008-05": {
            "month": "2008-05",
            "price": "40.80",
            "revenue": 571766
        },
        "2008-06": {
            "month": "2008-06",
            "price": "34.90",
            "revenue": 674860
        },
        "2008-07": {
            "month": "2008-07",
            "price": "32.86",
            "revenue": 442027
        },
        "2008-08": {
            "month": "2008-08",
            "price": "28.09",
            "revenue": 428795
        },
        "2008-09": {
            "month": "2008-09",
            "price": "17.61",
            "revenue": 662878
        },
        "2008-10": {
            "month": "2008-10",
            "price": "14.06",
            "revenue": 544342
        },
        "2008-11": {
            "month": "2008-11",
            "price": "12.14",
            "revenue": 326382
        },
        "2008-12": {
            "month": "2008-12",
            "price": "12.13",
            "revenue": 255932
        },
        "2009-01": {
            "month": "2009-01",
            "price": "13.02",
            "revenue": 212853
        },
        "2009-02": {
            "month": "2009-02",
            "price": "13.80",
            "revenue": 258502
        },
        "2009-03": {
            "month": "2009-03",
            "price": "15.37",
            "revenue": 457762
        },
        "2009-04": {
            "month": "2009-04",
            "price": "16.98",
            "revenue": 563460
        },
        "2009-05": {
            "month": "2009-05",
            "price": "18.19",
            "revenue": 576816
        },
        "2009-06": {
            "month": "2009-06",
            "price": "16.69",
            "revenue": 588312
        },
        "2009-07": {
            "month": "2009-07",
            "price": "17.87",
            "revenue": 647880
        },
        "2009-08": {
            "month": "2009-08",
            "price": "18.20",
            "revenue": 747039
        },
        "2009-09": {
            "month": "2009-09",
            "price": "21.12",
            "revenue": 853041
        },
        "2009-10": {
            "month": "2009-10",
            "price": "27.05",
            "revenue": 911129
        },
        "2009-11": {
            "month": "2009-11",
            "price": "29.98",
            "revenue": 825023
        },
        "2009-12": {
            "month": "2009-12",
            "price": "30.72",
            "revenue": 707781
        },
        "2010-01": {
            "month": "2010-01",
            "price": "31.79",
            "revenue": 611199
        },
        "2010-02": {
            "month": "2010-02",
            "price": "27.04",
            "revenue": 410391
        },
        "2010-03": {
            "month": "2010-03",
            "price": "27.56",
            "revenue": 643440
        },
        "2010-04": {
            "month": "2010-04",
            "price": "28.18",
            "revenue": 642155
        },
        "2010-05": {
            "month": "2010-05",
            "price": "25.47",
            "revenue": 593083
        },
        "2010-06": {
            "month": "2010-06",
            "price": "23.82",
            "revenue": 525557
        },
        "2010-07": {
            "month": "2010-07",
            "price": "24.11",
            "revenue": 511306
        },
        "2010-08": {
            "month": "2010-08",
            "price": "24.51",
            "revenue": 417423
        },
        "2010-09": {
            "month": "2010-09",
            "price": "23.78",
            "revenue": 461643
        },
        "2010-10": {
            "month": "2010-10",
            "price": "22.92",
            "revenue": 438965
        },
        "2010-11": {
            "month": "2010-11",
            "price": "21.22",
            "revenue": 433281
        },
        "2010-12": {
            "month": "2010-12",
            "price": "21.73",
            "revenue": 441141
        },
        "2011-01": {
            "month": "2011-01",
            "price": "22.74",
            "revenue": 421188
        },
        "2011-02": {
            "month": "2011-02",
            "price": "20.03",
            "revenue": 206008
        },
        "2011-03": {
            "month": "2011-03",
            "price": "18.85",
            "revenue": 406524
        },
        "2011-04": {
            "month": "2011-04",
            "price": "18.70",
            "revenue": 389528
        },
        "2011-05": {
            "month": "2011-05",
            "price": "17.81",
            "revenue": 373573
        },
        "2011-06": {
            "month": "2011-06",
            "price": "16.56",
            "revenue": 271754
        },
        "2011-07": {
            "month": "2011-07",
            "price": "15.05",
            "revenue": 215140
        },
        "2011-08": {
            "month": "2011-08",
            "price": "12.64",
            "revenue": 210419
        },
        "2011-09": {
            "month": "2011-09",
            "price": "12.59",
            "revenue": 277705
        },
        "2011-10": {
            "month": "2011-10",
            "price": "12.73",
            "revenue": 288250
        },
        "2011-11": {
            "month": "2011-11",
            "price": "11.26",
            "revenue": 283464
        },
        "2011-12": {
            "month": "2011-12",
            "price": "9.97",
            "revenue": 256195
        },
        "2012-01": {
            "month": "2012-01",
            "price": "10.21",
            "revenue": 171173
        },
        "2012-02": {
            "month": "2012-02",
            "price": "12.13",
            "revenue": 229515
        },
        "2012-03": {
            "month": "2012-03",
            "price": "11.75",
            "revenue": 330610
        },
        "2012-04": {
            "month": "2012-04",
            "price": "10.09",
            "revenue": 363806
        },
        "2012-05": {
            "month": "2012-05",
            "price": "9.48",
            "revenue": 299502
        },
        "2012-06": {
            "month": "2012-06",
            "price": "8.78",
            "revenue": 204578
        },
        "2012-07": {
            "month": "2012-07",
            "price": "8.41",
            "revenue": 235739
        },
        "2012-08": {
            "month": "2012-08",
            "price": "8.75",
            "revenue": 304728
        },
        "2012-09": {
            "month": "2012-09",
            "price": "9.96",
            "revenue": 290070
        },
        "2012-10": {
            "month": "2012-10",
            "price": "9.34",
            "revenue": 257463
        },
        "2012-11": {
            "month": "2012-11",
            "price": "8.01",
            "revenue": 221920
        },
        "2012-12": {
            "month": "2012-12",
            "price": "9.07",
            "revenue": 232058
        },
        "2013-01": {
            "month": "2013-01",
            "price": "9.08",
            "revenue": 625225
        },
        "2013-02": {
            "month": "2013-02",
            "price": "8.93",
            "revenue": 414796
        },
        "2013-03": {
            "month": "2013-03",
            "price": "9.35",
            "revenue": 711853
        },
        "2013-04": {
            "month": "2013-04",
            "price": "8.98",
            "revenue": 744749
        },
        "2013-05": {
            "month": "2013-05",
            "price": "9.81",
            "revenue": 843267
        },
        "2013-06": {
            "month": "2013-06",
            "price": "10.61",
            "revenue": 776604
        },
        "2013-07": {
            "month": "2013-07",
            "price": "10.83",
            "revenue": 815139
        },
        "2013-08": {
            "month": "2013-08",
            "price": "10.49",
            "revenue": 802172
        },
        "2013-09": {
            "month": "2013-09",
            "price": "11.82",
            "revenue": 697015
        },
        "2013-10": {
            "month": "2013-10",
            "price": "11.05",
            "revenue": 689605
        },
        "2013-11": {
            "month": "2013-11",
            "price": "10.56",
            "revenue": 652358
        },
        "2013-12": {
            "month": "2013-12",
            "price": "10.91",
            "revenue": 749085
        },
        "2014-01": {
            "month": "2014-01",
            "price": "12.10",
            "revenue": 511705
        },
        "2014-02": {
            "month": "2014-02",
            "price": "12.18",
            "revenue": 492630
        },
        "2014-03": {
            "month": "2014-03",
            "price": "12.67",
            "revenue": 702207
        },
        "2014-04": {
            "month": "2014-04",
            "price": "12.38",
            "revenue": 780601
        },
        "2014-05": {
            "month": "2014-05",
            "price": "11.50",
            "revenue": 830734
        },
        "2014-06": {
            "month": "2014-06",
            "price": "11.87",
            "revenue": 794198
        },
        "2014-07": {
            "month": "2014-07",
            "price": "12.13",
            "revenue": 801398
        },
        "2014-08": {
            "month": "2014-08",
            "price": "13.25",
            "revenue": 878510
        },
        "2014-09": {
            "month": "2014-09",
            "price": "13.50",
            "revenue": 718645
        },
        "2014-10": {
            "month": "2014-10",
            "price": "11.73",
            "revenue": 733208
        },
        "2014-11": {
            "month": "2014-11",
            "price": "11.72",
            "revenue": 714564
        },
        "2014-12": {
            "month": "2014-12",
            "price": "12.38",
            "revenue": 754346
        },
        "2015-01": {
            "month": "2015-01",
            "price": "12.83",
            "revenue": 733867
        },
        "2015-02": {
            "month": "2015-02",
            "price": "12.83",
            "revenue": 412027
        },
        "2015-03": {
            "month": "2015-03",
            "price": "13.42",
            "revenue": 717909
        },
        "2015-04": {
            "month": "2015-04",
            "price": "13.96",
            "revenue": 817295
        },
        "2015-05": {
            "month": "2015-05",
            "price": "16.80",
            "revenue": 744561
        },
        "2015-06": {
            "month": "2015-06",
            "price": "17.71",
            "revenue": 750576
        },
        "2015-07": {
            "month": "2015-07",
            "price": "14.77",
            "revenue": 726178
        },
        "2015-08": {
            "month": "2015-08",
            "price": "12.01",
            "revenue": 747522
        },
        "2015-09": {
            "month": "2015-09",
            "price": "12.61",
            "revenue": 763183
        },
        "2015-10": {
            "month": "2015-10",
            "price": "13.37",
            "revenue": 693187
        },
        "2015-11": {
            "month": "2015-11",
            "price": "12.26",
            "revenue": 607424
        },
        "2015-12": {
            "month": "2015-12",
            "price": "11.69",
            "revenue": 752104
        },
        "2016-01": {
            "month": "2016-01",
            "price": "10.74",
            "revenue": 648178
        },
        "2016-02": {
            "month": "2016-02",
            "price": "11.52",
            "revenue": 414692
        },
        "2016-03": {
            "month": "2016-03",
            "price": "12.38",
            "revenue": 739301
        },
        "2016-04": {
            "month": "2016-04",
            "price": "12.92",
            "revenue": 714372
        },
        "2016-05": {
            "month": "2016-05",
            "price": "11.48",
            "revenue": 668234
        },
        "2016-06": {
            "month": "2016-06",
            "price": "11.76",
            "revenue": 701133
        },
        "2016-07": {
            "month": "2016-07",
            "price": "12.52",
            "revenue": 651239
        },
        "2016-08": {
            "month": "2016-08",
            "price": "11.75",
            "revenue": 609717
        },
        "2016-09": {
            "month": "2016-09",
            "price": "11.50",
            "revenue": 615833
        },
        "2016-10": {
            "month": "2016-10",
            "price": "11.08",
            "revenue": 608839
        },
        "2016-11": {
            "month": "2016-11",
            "price": "10.55",
            "revenue": 610714
        },
        "2016-12": {
            "month": "2016-12",
            "price": "11.19",
            "revenue": 573793
        },
        "2017-01": {
            "month": "2017-01",
            "price": "11.28",
            "revenue": 428338
        },
        "2017-02": {
            "month": "2017-02",
            "price": "12.22",
            "revenue": 427387
        },
        "2017-03": {
            "month": "2017-03",
            "price": "12.30",
            "revenue": 622911
        },
        "2017-04": {
            "month": "2017-04",
            "price": "11.93",
            "revenue": 599963
        },
        "2017-05": {
            "month": "2017-05",
            "price": "12.86",
            "revenue": 591555
        },
        "2017-06": {
            "month": "2017-06",
            "price": "14.07",
            "revenue": 638057
        },
        "2017-07": {
            "month": "2017-07",
            "price": "14.10",
            "revenue": 579364
        },
        "2017-08": {
            "month": "2017-08",
            "price": "15.84",
            "revenue": 621318
        },
        "2017-09": {
            "month": "2017-09",
            "price": "16.64",
            "revenue": 648179
        },
        "2017-10": {
            "month": "2017-10",
            "price": "17.40",
            "revenue": 566071
        },
        "2017-11": {
            "month": "2017-11",
            "price": "17.77",
            "revenue": 566948
        },
        "2017-12": {
            "month": "2017-12",
            "price": "16.43",
            "revenue": 530146
        },
        "2018-01": {
            "month": "2018-01",
            "price": "17.07",
            "revenue": 509036
        },
        "2018-02": {
            "month": "2018-02",
            "price": "16.25",
            "revenue": 345775
        },
        "2018-03": {
            "month": "2018-03",
            "price": "16.15",
            "revenue": 574768
        },
        "2018-04": {
            "month": "2018-04",
            "price": "15.16",
            "revenue": 599094
        },
        "2018-05": {
            "month": "2018-05",
            "price": "14.69",
            "revenue": 618778
        },
        "2018-06": {
            "month": "2018-06",
            "price": "16.16",
            "revenue": 580781
        },
        "2018-07": {
            "month": "2018-07",
            "price": "15.02",
            "revenue": 590668
        },
        "2018-08": {
            "month": "2018-08",
            "price": "14.30",
            "revenue": 591315
        },
        "2018-09": {
            "month": "2018-09",
            "price": "12.98",
            "revenue": 433172
        },
        "2018-10": {
            "month": "2018-10",
            "price": "11.28",
            "revenue": 452717
        },
        "2018-11": {
            "month": "2018-11",
            "price": "11.01",
            "revenue": 432973
        },
        "2018-12": {
            "month": "2018-12",
            "price": "11.65",
            "revenue": 420843
        },
        "2019-01": {
            "month": "2019-01",
            "price": "11.44",
            "revenue": 391621
        },
        "2019-02": {
            "month": "2019-02",
            "price": "12.69",
            "revenue": 321163
        },
        "2019-03": {
            "month": "2019-03",
            "price": "13.17",
            "revenue": 466816
        },
        "2019-04": {
            "month": "2019-04",
            "price": "13.34",
            "revenue": 501650
        },
        "2019-05": {
            "month": "2019-05",
            "price": "11.98",
            "revenue": 545682
        },
        "2019-06": {
            "month": "2019-06",
            "price": "12.08",
            "revenue": 484419
        },
        "2019-07": {
            "month": "2019-07",
            "price": "13.11",
            "revenue": 522234
        },
        "2019-08": {
            "month": "2019-08",
            "price": "13.55",
            "revenue": 474544
        },
        "2019-09": {
            "month": "2019-09",
            "price": "13.81",
            "revenue": 480517
        },
        "2019-10": {
            "month": "2019-10",
            "price": "14.05",
            "revenue": 442192
        },
        "2019-11": {
            "month": "2019-11",
            "price": "13.20",
            "revenue": 405109
        },
        "2019-12": {
            "month": "2019-12",
            "price": "13.20",
            "revenue": 476383
        },
        "2020-01": {
            "month": "2020-01",
            "price": "13.08",
            "revenue": 297541
        },
        "2020-02": {
            "month": "2020-02",
            "price": "11.84",
            "revenue": 308072
        },
        "2020-03": {
            "month": "2020-03",
            "price": "9.35",
            "revenue": 436843
        },
        "2020-04": {
            "month": "2020-04",
            "price": "9.88",
            "revenue": 494265
        },
        "2020-05": {
            "month": "2020-05",
            "price": "10.65",
            "revenue": 483771
        },
        "2020-06": {
            "month": "2020-06",
            "price": "11.83",
            "revenue": 551537
        },
        "2020-07": {
            "month": "2020-07",
            "price": "12.30",
            "revenue": 666277
        },
        "2020-08": {
            "month": "2020-08",
            "price": "12.52",
            "revenue": 644183
        },
        "2020-09": {
            "month": "2020-09",
            "price": "13.75",
            "revenue": 703519
        },
        "2020-10": {
            "month": "2020-10",
            "price": "14.45",
            "revenue": 620511
        },
        "2020-11": {
            "month": "2020-11",
            "price": "14.90",
            "revenue": 626808
        },
        "2020-12": {
            "month": "2020-12",
            "price": "17.18",
            "revenue": 606538
        },
        "2021-01": {
            "month": "2021-01",
            "price": "22.84",
            "revenue": 597454
        },
        "2021-02": {
            "month": "2021-02",
            "price": "25.20",
            "revenue": 457477
        },
        "2021-03": {
            "month": "2021-03",
            "price": "26.90",
            "revenue": 643396
        },
        "2021-04": {
            "month": "2021-04",
            "price": "32.14",
            "revenue": 669462
        },
        "2021-05": {
            "month": "2021-05",
            "price": "28.15",
            "revenue": 716783
        },
        "2021-06": {
            "month": "2021-06",
            "price": "31.50",
            "revenue": 715666
        },
        "2021-07": {
            "month": "2021-07",
            "price": "38.55",
            "revenue": 720288
        },
        "2021-08": {
            "month": "2021-08",
            "price": "39.18",
            "revenue": 721015
        },
        "2021-09": {
            "month": "2021-09",
            "price": "37.98",
            "revenue": 690950
        },
        "2021-10": {
            "month": "2021-10",
            "price": "34.79",
            "revenue": 724248
        },
        "2021-11": {
            "month": "2021-11",
            "price": "40.14",
            "revenue": 668039
        },
        "2021-12": {
            "month": "2021-12",
            "price": "39.39",
            "revenue": 636053
        },
        "2022-01": {
            "month": "2022-01",
            "price": "36.66",
            "revenue": 677865
        },
        "2022-02": {
            "month": "2022-02",
            "price": "35.45",
            "revenue": 675152
        },
        "2022-03": {
            "month": "2022-03",
            "price": "34.29",
            "revenue": 761582
        },
        "2022-04": {
            "month": "2022-04",
            "price": "34.80",
            "revenue": 763491
        },
        "2022-05": {
            "month": "2022-05",
            "price": "35.22",
            "revenue": 648105
        },
        "2022-06": {
            "month": "2022-06",
            "price": "32.86",
            "revenue": 572913
        },
        "2022-07": {
            "month": "2022-07",
            "price": "28.40",
            "revenue": 496831
        },
        "2022-08": {
            "month": "2022-08",
            "price": "27.15",
            "revenue": 483491
        },
        "2022-09": {
            "month": "2022-09",
            "price": "24.52",
            "revenue": 456940
        },
        "2022-10": {
            "month": "2022-10",
            "price": "22.51",
            "revenue": 443550
        },
        "2022-11": {
            "month": "2022-11",
            "price": "24.14",
            "revenue": 367086
        },
        "2022-12": {
            "month": "2022-12",
            "price": "23.90",
            "revenue": 358702
        },
        "2023-01": {
            "month": "2023-01",
            "price": "23.01",
            "revenue": 323779
        },
        "2023-02": {
            "month": "2023-02",
            "price": "25.66",
            "revenue": 396403
        },
        "2023-03": {
            "month": "2023-03",
            "price": "25.36",
            "revenue": 473350
        },
        "2023-04": {
            "month": "2023-04",
            "price": "24.66",
            "revenue": 488585
        },
        "2023-05": {
            "month": "2023-05",
            "price": "23.93",
            "revenue": 490204
        },
        "2023-06": {
            "month": "2023-06",
            "price": "27.99",
            "revenue": 439507
        },
        "2023-07": {
            "month": "2023-07",
            "price": "29.35",
            "revenue": 537390
        },
        "2023-08": {
            "month": "2023-08",
            "price": "30.41",
            "revenue": 525680
        },
        "2023-09": {
            "month": "2023-09",
            "price": "31.33",
            "revenue": 482525
        },
        "2023-10": {
            "month": "2023-10",
            "price": "30.89",
            "revenue": 462929
        },
        "2023-11": {
            "month": "2023-11",
            "price": "33.40",
            "revenue": 487166
        },
        "2023-12": {
            "month": "2023-12",
            "price": "34.87",
            "revenue": 427903
        }
    }
}
