{
    "summary": {
        "stock_name": "毅嘉",
        "stock_id": "2402",
        "category": "電子零組件",
        "main_business": "各種電子塑膠、矽膠字鍵、鍵盤及其組裝<br>軟性電路版及其組裝<br>智慧財產權業",
        "website_url": "http://www.ichia.com",
        "ceo": "曾恭勝",
        "pe_ratio": 25,
        "report_year_from": 2001,
        "report_year_to": 2023,
        "age": 22,
        "eps_negative_percentage": 31,
        "eps_growth_avg": {
            "last_all": -0.58,
            "last_2y": 33.61,
            "last_4y": 40.1,
            "last_8y": 2.71,
            "last_12y": 13.11,
            "last_16y": -0.48,
            "last_20y": -0.58,
            "at_2006_last_3y": -6.87,
            "at_2007_last_3y": -45.92,
            "at_2008_last_3y": -88.02,
            "at_2009_last_3y": -82.02,
            "at_2010_last_3y": -84.12,
            "at_2011_last_3y": -29.43,
            "at_2012_last_3y": 11.9,
            "at_2013_last_3y": 33.93,
            "at_2014_last_3y": 81,
            "at_2015_last_3y": 32.25,
            "at_2016_last_3y": 15.31,
            "at_2017_last_3y": -34.69,
            "at_2018_last_3y": -79.58,
            "at_2019_last_3y": -28.06,
            "at_2020_last_3y": -29.03,
            "at_2021_last_3y": 33.47,
            "at_2022_last_3y": 40.1,
            "at_2023_last_3y": 40.1,
            "at_2006_last_all": -0.93,
            "at_2007_last_all": -13.55,
            "at_2008_last_all": -27.96,
            "at_2009_last_all": -27.96,
            "at_2010_last_all": -36.58,
            "at_2011_last_all": -19.51,
            "at_2012_last_all": -14.67,
            "at_2013_last_all": -3.21,
            "at_2014_last_all": 6.18,
            "at_2015_last_all": -2.25,
            "at_2016_last_all": -5.45,
            "at_2017_last_all": -12.2,
            "at_2018_last_all": -12.2,
            "at_2019_last_all": -7.42,
            "at_2020_last_all": -9.87,
            "at_2021_last_all": -4.14,
            "at_2022_last_all": -0.58,
            "at_2023_last_all": -0.58
        },
        "latest_eps": 1.14,
        "latest_price": 28.65,
        "latest_roe": 5.79,
        "latest_gross_margin": 11.51,
        "latest_equity": 5827428,
        "latest_revenue": 1922970,
        "latest_gross_profit": 221306,
        "latest_net_income": 37402,
        "latest_debt_ratio": 40.07,
        "latest_current_ratio": 176.54,
        "latest_account_receivable_turnover_ratio": 0.63,
        "latest_inventory_turnover_ratio": 1.34,
        "latest_reinvestment_rate": -48.12,
        "latest_research_to_sale_ratio": 3.26
    },
    "eps_dividends": {
        "1998": {
            "cash": 3,
            "stock": 3,
            "eps": 0
        },
        "1999": {
            "cash": 4,
            "stock": 4,
            "eps": 0
        },
        "2000": {
            "cash": 0,
            "stock": 3,
            "eps": 0
        },
        "2001": {
            "cash": 0,
            "stock": 3,
            "eps": 2.19
        },
        "2002": {
            "cash": 2,
            "stock": 2,
            "eps": 2.56
        },
        "2003": {
            "cash": 0,
            "stock": 2,
            "eps": 3.92
        },
        "2004": {
            "cash": 1,
            "stock": 2,
            "eps": 4.95
        },
        "2005": {
            "cash": 1,
            "stock": 1,
            "eps": -0.85
        },
        "2006": {
            "cash": 0,
            "stock": 0,
            "eps": 3.31
        },
        "2007": {
            "cash": 2,
            "stock": 1,
            "eps": 1.19
        },
        "2008": {
            "cash": 1,
            "stock": 0,
            "eps": -0.05
        },
        "2009": {
            "cash": 0,
            "stock": 0,
            "eps": 0.94
        },
        "2010": {
            "cash": 1,
            "stock": 0,
            "eps": 0.11
        },
        "2011": {
            "cash": 0,
            "stock": 0,
            "eps": 0.25
        },
        "2012": {
            "cash": 0,
            "stock": 0,
            "eps": 0.31
        },
        "2013": {
            "cash": 1,
            "stock": 0,
            "eps": 1.11
        },
        "2014": {
            "cash": 1,
            "stock": 0,
            "eps": 3.2
        },
        "2015": {
            "cash": 2,
            "stock": 0,
            "eps": 0.16
        },
        "2016": {
            "cash": 0,
            "stock": 0,
            "eps": 0.09
        },
        "2017": {
            "cash": 0,
            "stock": 0,
            "eps": -0.98
        },
        "2018": {
            "cash": 0,
            "stock": 0,
            "eps": 0.47
        },
        "2019": {
            "cash": 1,
            "stock": 0,
            "eps": 0.75
        },
        "2020": {
            "cash": 1,
            "stock": 0,
            "eps": 0.4
        },
        "2021": {
            "cash": 1,
            "stock": 0,
            "eps": 0.75
        },
        "2022": {
            "cash": 1,
            "stock": 0,
            "eps": 1.2
        },
        "2023": {
            "cash": 1,
            "stock": 0,
            "eps": 0.13
        }
    },
    "dividends": {
        "1998-05-23": {
            "cash": 3.25,
            "stock": 3.25
        },
        "1999-06-05": {
            "cash": 3.5,
            "stock": 3.5
        },
        "2000-05-18": {
            "cash": 0,
            "stock": 2.5
        },
        "2001-05-15": {
            "cash": 0,
            "stock": 3.1
        },
        "2002-05-20": {
            "cash": 2,
            "stock": 1.5
        },
        "2003-03-04": {
            "cash": 0,
            "stock": 2
        },
        "2004-03-23": {
            "cash": 0.72,
            "stock": 1.91
        },
        "2005-02-25": {
            "cash": 1.49,
            "stock": 1.49
        },
        "2007-04-16": {
            "cash": 1.5,
            "stock": 0.5
        },
        "2008-03-28": {
            "cash": 0.8,
            "stock": 0.2
        },
        "2010-04-28": {
            "cash": 0.78,
            "stock": 0
        },
        "2013-04-30": {
            "cash": 0.5,
            "stock": 0
        },
        "2014-06-11": {
            "cash": 0.6,
            "stock": 0
        },
        "2015-08-18": {
            "cash": 2.05,
            "stock": 0
        },
        "2019-09-27": {
            "cash": 0.5,
            "stock": 0
        },
        "2020-08-14": {
            "cash": 0.5,
            "stock": 0
        },
        "2021-08-27": {
            "cash": 0.5,
            "stock": 0
        },
        "2022-08-26": {
            "cash": 0.5,
            "stock": 0
        },
        "2023-03-14": {
            "cash": 1,
            "stock": 0
        }
    },
    "prices": {
        "200101": "90.22",
        "200102": "94.76",
        "200103": "92.27",
        "200104": "108.45",
        "200105": "87.39",
        "200106": "73.85",
        "200107": "48.90",
        "200108": "46.15",
        "200109": "29.44",
        "200110": "32.07",
        "200111": "44.45",
        "200112": "52.51",
        "200201": "52.62",
        "200202": "47.98",
        "200203": "53.24",
        "200204": "64.17",
        "200205": "58.77",
        "200206": "53.12",
        "200207": "46.26",
        "200208": "47.36",
        "200209": "47.78",
        "200210": "44.54",
        "200211": "47.36",
        "200212": "47.84",
        "200301": "43.68",
        "200302": "43.52",
        "200303": "40.60",
        "200304": "39.50",
        "200305": "39.13",
        "200306": "47.70",
        "200307": "53.02",
        "200308": "51.72",
        "200309": "58.95",
        "200310": "62.25",
        "200311": "66.80",
        "200312": "64.54",
        "200401": "68.30",
        "200402": "71.60",
        "200403": "70.54",
        "200404": "79.73",
        "200405": "80.71",
        "200406": "69.88",
        "200407": "65.05",
        "200408": "56.95",
        "200409": "60.69",
        "200410": "53.78",
        "200411": "46.84",
        "200412": "45.41",
        "200501": "38.95",
        "200502": "40.73",
        "200503": "42.28",
        "200504": "36.36",
        "200505": "29.75",
        "200506": "35.07",
        "200507": "32.13",
        "200508": "26.84",
        "200509": "28.15",
        "200510": "29.34",
        "200511": "26.41",
        "200512": "28.86",
        "200601": "30.17",
        "200602": "26.53",
        "200603": "27.70",
        "200604": "35.93",
        "200605": "43.62",
        "200606": "36.53",
        "200607": "40.80",
        "200608": "42.17",
        "200609": "35.39",
        "200610": "35.39",
        "200611": "34.43",
        "200612": "36.16",
        "200701": "39.24",
        "200702": "37.59",
        "200703": "37.23",
        "200704": "35.41",
        "200705": "31.94",
        "200706": "31.82",
        "200707": "32.40",
        "200708": "26.72",
        "200709": "24.94",
        "200710": "27.16",
        "200711": "26.79",
        "200712": "24.48",
        "200801": "23.41",
        "200802": "22.56",
        "200803": "22.33",
        "200804": "24.03",
        "200805": "22.92",
        "200806": "22.25",
        "200807": "20.94",
        "200808": "19.76",
        "200809": "15.32",
        "200810": "11.79",
        "200811": "8.04",
        "200812": "6.71",
        "200901": "6.85",
        "200902": "7.77",
        "200903": "9.37",
        "200904": "12.24",
        "200905": "13.72",
        "200906": "11.81",
        "200907": "13.32",
        "200908": "14.45",
        "200909": "15.73",
        "200910": "17.67",
        "200911": "18.16",
        "200912": "19.83",
        "201001": "19.55",
        "201002": "16.89",
        "201003": "17.30",
        "201004": "17.36",
        "201005": "14.44",
        "201006": "14.52",
        "201007": "14.93",
        "201008": "15.41",
        "201009": "15.28",
        "201010": "15.76",
        "201011": "13.90",
        "201012": "16.92",
        "201101": "17.53",
        "201102": "19.59",
        "201103": "19.36",
        "201104": "17.79",
        "201105": "15.81",
        "201106": "14.92",
        "201107": "14.76",
        "201108": "13.09",
        "201109": "14.20",
        "201110": "16.04",
        "201111": "18.16",
        "201112": "18.72",
        "201201": "19.92",
        "201202": "22.53",
        "201203": "19.25",
        "201204": "15.68",
        "201205": "14.93",
        "201206": "15.12",
        "201207": "14.54",
        "201208": "14.87",
        "201209": "15.78",
        "201210": "14.11",
        "201211": "12.15",
        "201212": "13.94",
        "201301": "13.99",
        "201302": "14.83",
        "201303": "15.10",
        "201304": "14.66",
        "201305": "15.78",
        "201306": "15.30",
        "201307": "15.28",
        "201308": "15.52",
        "201309": "15.80",
        "201310": "15.27",
        "201311": "14.86",
        "201312": "15.65",
        "201401": "16.89",
        "201402": "18.61",
        "201403": "22.41",
        "201404": "30.74",
        "201405": "37.85",
        "201406": "37.44",
        "201407": "45.66",
        "201408": "43.08",
        "201409": "39.49",
        "201410": "33.54",
        "201411": "32.36",
        "201412": "30.64",
        "201501": "32.78",
        "201502": "32.97",
        "201503": "31.15",
        "201504": "28.60",
        "201505": "25.18",
        "201506": "24.15",
        "201507": "23.36",
        "201508": "17.30",
        "201509": "17.60",
        "201510": "19.36",
        "201511": "17.21",
        "201512": "15.75",
        "201601": "14.52",
        "201602": "15.68",
        "201603": "17.28",
        "201604": "16.47",
        "201605": "13.77",
        "201606": "15.06",
        "201607": "14.98",
        "201608": "14.37",
        "201609": "13.82",
        "201610": "14.58",
        "201611": "13.23",
        "201612": "14.62",
        "201701": "16.38",
        "201702": "17.68",
        "201703": "21.16",
        "201704": "21.83",
        "201705": "18.17",
        "201706": "20.60",
        "201707": "20.19",
        "201708": "18.73",
        "201709": "19.34",
        "201710": "18.13",
        "201711": "16.04",
        "201712": "16.00",
        "201801": "16.43",
        "201802": "16.30",
        "201803": "17.15",
        "201804": "16.33",
        "201805": "17.64",
        "201806": "21.20",
        "201807": "16.66",
        "201808": "16.48",
        "201809": "16.58",
        "201810": "14.35",
        "201811": "14.59",
        "201812": "13.92",
        "201901": "13.27",
        "201902": "14.34",
        "201903": "14.37",
        "201904": "16.27",
        "201905": "15.17",
        "201906": "14.70",
        "201907": "15.89",
        "201908": "15.95",
        "201909": "16.67",
        "201910": "17.46",
        "201911": "17.23",
        "201912": "16.59",
        "202001": "16.82",
        "202002": "15.15",
        "202003": "11.80",
        "202004": "12.62",
        "202005": "12.86",
        "202006": "13.31",
        "202007": "14.30",
        "202008": "16.28",
        "202009": "16.61",
        "202010": "18.46",
        "202011": "17.75",
        "202012": "17.74",
        "202101": "17.33",
        "202102": "17.05",
        "202103": "18.77",
        "202104": "20.22",
        "202105": "16.85",
        "202106": "18.45",
        "202107": "19.80",
        "202108": "17.45",
        "202109": "16.41",
        "202110": "15.50",
        "202111": "16.61",
        "202112": "16.93",
        "202201": "16.51",
        "202202": "16.72",
        "202203": "16.10",
        "202204": "15.90",
        "202205": "15.33",
        "202206": "15.34",
        "202207": "14.41",
        "202208": "15.15",
        "202209": "16.96",
        "202210": "17.62",
        "202211": "18.37",
        "202212": "18.71",
        "202301": "17.70",
        "202302": "18.79",
        "202303": "22.91",
        "202304": "27.84",
        "202305": "28.18"
    },
    "quarters": {
        "20011": {
            "year_quarter": 20011,
            "year": 2001,
            "quarter": 1,
            "eps": 0.91,
            "eps_growth_year": 5.81,
            "eps_4q": 4.19,
            "eps_4q_growth_year": 30.18,
            "roe": 4.15,
            "gross_profit": 105578,
            "gross_margin": 38.7,
            "net_income": 79975,
            "revenue": 272815,
            "common_shares": 881500,
            "equity": 1969133,
            "current_ratio": 187.27,
            "debt_ratio": 18.68,
            "inventory_turnover_ratio": 1.18,
            "account_receivable_turnover_ratio": null,
            "reinvestment_rate": null,
            "research_to_sale_ratio": null,
            "price_fair": 0,
            "eps_avg_yearly": 0,
            "eps_latest_yearly": 0,
            "eps_growth_yearly": 0
        },
        "20012": {
            "year_quarter": 20012,
            "year": 2001,
            "quarter": 2,
            "eps": 0.31,
            "eps_growth_year": -67.71,
            "eps_4q": 2.77,
            "eps_4q_growth_year": -0.82,
            "roe": 1.82,
            "gross_profit": 55034,
            "gross_margin": 26.25,
            "net_income": 36370,
            "revenue": 209662,
            "common_shares": 881500,
            "equity": 2021807,
            "current_ratio": 366.9,
            "debt_ratio": 34.29,
            "inventory_turnover_ratio": 1.33,
            "account_receivable_turnover_ratio": null,
            "reinvestment_rate": null,
            "research_to_sale_ratio": null,
            "price_fair": 0,
            "eps_avg_yearly": 0,
            "eps_latest_yearly": 0,
            "eps_growth_yearly": 0
        },
        "20013": {
            "year_quarter": 20013,
            "year": 2001,
            "quarter": 3,
            "eps": 0.42,
            "eps_growth_year": -58.82,
            "eps_4q": 2.45,
            "eps_4q_growth_year": -24.62,
            "roe": 2.42,
            "gross_profit": 71459,
            "gross_margin": 30.34,
            "net_income": 49478,
            "revenue": 235501,
            "common_shares": 1180000,
            "equity": 2071770,
            "current_ratio": 326.31,
            "debt_ratio": 34.91,
            "inventory_turnover_ratio": 1.27,
            "account_receivable_turnover_ratio": null,
            "reinvestment_rate": null,
            "research_to_sale_ratio": null,
            "price_fair": 0,
            "eps_avg_yearly": 0,
            "eps_latest_yearly": 0,
            "eps_growth_yearly": 0
        },
        "20014": {
            "year_quarter": 20014,
            "year": 2001,
            "quarter": 4,
            "eps": 0.55,
            "eps_growth_year": -62.07,
            "eps_4q": 1.96,
            "eps_4q_growth_year": -51.25,
            "roe": 3.07,
            "gross_profit": 81897,
            "gross_margin": 29.73,
            "net_income": 64784,
            "revenue": 275501,
            "common_shares": 1180000,
            "equity": 2154484,
            "current_ratio": 340.03,
            "debt_ratio": 35.92,
            "inventory_turnover_ratio": 1.02,
            "account_receivable_turnover_ratio": null,
            "reinvestment_rate": null,
            "research_to_sale_ratio": null,
            "price_fair": 0,
            "eps_avg_yearly": 0,
            "eps_latest_yearly": 0,
            "eps_growth_yearly": 0
        },
        "20021": {
            "year_quarter": 20021,
            "year": 2002,
            "quarter": 1,
            "eps": 0.61,
            "eps_growth_year": -32.97,
            "eps_4q": 1.88,
            "eps_4q_growth_year": -55.13,
            "roe": 3.3,
            "gross_profit": 79642,
            "gross_margin": 27.59,
            "net_income": 72410,
            "revenue": 288694,
            "common_shares": 1180000,
            "equity": 2227664,
            "current_ratio": 292.31,
            "debt_ratio": 34.93,
            "inventory_turnover_ratio": 0.96,
            "account_receivable_turnover_ratio": null,
            "reinvestment_rate": null,
            "research_to_sale_ratio": null,
            "price_fair": 85.4,
            "eps_avg_yearly": 2.44,
            "eps_latest_yearly": 2.44,
            "eps_growth_yearly": 43.64
        },
        "20022": {
            "year_quarter": 20022,
            "year": 2002,
            "quarter": 2,
            "eps": 0.51,
            "eps_growth_year": 64.52,
            "eps_4q": 1.86,
            "eps_4q_growth_year": -33.06,
            "roe": 3.19,
            "gross_profit": 105968,
            "gross_margin": 32.75,
            "net_income": 70704,
            "revenue": 323527,
            "common_shares": 1180000,
            "equity": 2211382,
            "current_ratio": 205.46,
            "debt_ratio": 37.91,
            "inventory_turnover_ratio": 1.1,
            "account_receivable_turnover_ratio": null,
            "reinvestment_rate": null,
            "research_to_sale_ratio": null,
            "price_fair": 6.72,
            "eps_avg_yearly": 2.24,
            "eps_latest_yearly": 2.04,
            "eps_growth_yearly": -10.97
        },
        "20023": {
            "year_quarter": 20023,
            "year": 2002,
            "quarter": 3,
            "eps": 0.62,
            "eps_growth_year": 47.62,
            "eps_4q": 2.14,
            "eps_4q_growth_year": -12.53,
            "roe": 3.74,
            "gross_profit": 93212,
            "gross_margin": 28.53,
            "net_income": 84703,
            "revenue": 326708,
            "common_shares": 1377000,
            "equity": 2321896,
            "current_ratio": 216.17,
            "debt_ratio": 36.01,
            "inventory_turnover_ratio": 0.97,
            "account_receivable_turnover_ratio": null,
            "reinvestment_rate": null,
            "research_to_sale_ratio": null,
            "price_fair": 72.95,
            "eps_avg_yearly": 2.32,
            "eps_latest_yearly": 2.48,
            "eps_growth_yearly": 21.45
        },
        "20024": {
            "year_quarter": 20024,
            "year": 2002,
            "quarter": 4,
            "eps": 0.82,
            "eps_growth_year": 49.09,
            "eps_4q": 2.48,
            "eps_4q_growth_year": 26.55,
            "roe": 4.74,
            "gross_profit": 135830,
            "gross_margin": 27.15,
            "net_income": 112702,
            "revenue": 500286,
            "common_shares": 1377000,
            "equity": 2432073,
            "current_ratio": 218.35,
            "debt_ratio": 40.51,
            "inventory_turnover_ratio": 1.05,
            "account_receivable_turnover_ratio": null,
            "reinvestment_rate": 142.91,
            "research_to_sale_ratio": null,
            "price_fair": 89.6,
            "eps_avg_yearly": 2.56,
            "eps_latest_yearly": 3.28,
            "eps_growth_yearly": 48.34
        },
        "20031": {
            "year_quarter": 20031,
            "year": 2003,
            "quarter": 1,
            "eps": 0.59,
            "eps_growth_year": -3.28,
            "eps_4q": 2.53,
            "eps_4q_growth_year": 34.4,
            "roe": 3.31,
            "gross_profit": 135241,
            "gross_margin": 25.55,
            "net_income": 81738,
            "revenue": 529241,
            "common_shares": 1377000,
            "equity": 2513936,
            "current_ratio": 169.29,
            "debt_ratio": 39.26,
            "inventory_turnover_ratio": 0.99,
            "account_receivable_turnover_ratio": null,
            "reinvestment_rate": 98.68,
            "research_to_sale_ratio": null,
            "price_fair": 66.11,
            "eps_avg_yearly": 2.52,
            "eps_latest_yearly": 2.36,
            "eps_growth_yearly": 16.23
        },
        "20032": {
            "year_quarter": 20032,
            "year": 2003,
            "quarter": 2,
            "eps": 0.83,
            "eps_growth_year": 62.75,
            "eps_4q": 2.5,
            "eps_4q_growth_year": 34.47,
            "roe": 5.39,
            "gross_profit": 229319,
            "gross_margin": 33.06,
            "net_income": 139031,
            "revenue": 693560,
            "common_shares": 1377000,
            "equity": 2640770,
            "current_ratio": 89.2,
            "debt_ratio": 43.71,
            "inventory_turnover_ratio": 1.17,
            "account_receivable_turnover_ratio": null,
            "reinvestment_rate": 93.55,
            "research_to_sale_ratio": null,
            "price_fair": 92.87,
            "eps_avg_yearly": 2.65,
            "eps_latest_yearly": 3.32,
            "eps_growth_yearly": 40.65
        },
        "20033": {
            "year_quarter": 20033,
            "year": 2003,
            "quarter": 3,
            "eps": 1.17,
            "eps_growth_year": 88.71,
            "eps_4q": 3.15,
            "eps_4q_growth_year": 46.86,
            "roe": 6.89,
            "gross_profit": 224517,
            "gross_margin": 28.54,
            "net_income": 197509,
            "revenue": 786730,
            "common_shares": 1745722,
            "equity": 3094291,
            "current_ratio": 163.43,
            "debt_ratio": 52.67,
            "inventory_turnover_ratio": 1.24,
            "account_receivable_turnover_ratio": null,
            "reinvestment_rate": 70.6,
            "research_to_sale_ratio": null,
            "price_fair": 103,
            "eps_avg_yearly": 2.94,
            "eps_latest_yearly": 4.68,
            "eps_growth_yearly": 58.25
        },
        "20034": {
            "year_quarter": 20034,
            "year": 2003,
            "quarter": 4,
            "eps": 1.33,
            "eps_growth_year": 62.2,
            "eps_4q": 3.75,
            "eps_4q_growth_year": 51.18,
            "roe": 6.52,
            "gross_profit": 224084,
            "gross_margin": 25.48,
            "net_income": 230299,
            "revenue": 879513,
            "common_shares": 1884443,
            "equity": 3972271,
            "current_ratio": 207.07,
            "debt_ratio": 45.22,
            "inventory_turnover_ratio": 1.09,
            "account_receivable_turnover_ratio": null,
            "reinvestment_rate": 130.54,
            "research_to_sale_ratio": null,
            "price_fair": 113.4,
            "eps_avg_yearly": 3.24,
            "eps_latest_yearly": 5.32,
            "eps_growth_yearly": 57.81
        },
        "20041": {
            "year_quarter": 20041,
            "year": 2004,
            "quarter": 1,
            "eps": 1.15,
            "eps_growth_year": 94.92,
            "eps_4q": 4.17,
            "eps_4q_growth_year": 64.96,
            "roe": 5.25,
            "gross_profit": 293524,
            "gross_margin": 27.19,
            "net_income": 216164,
            "revenue": 1079700,
            "common_shares": 1910053,
            "equity": 4257365,
            "current_ratio": 200.25,
            "debt_ratio": 41.72,
            "inventory_turnover_ratio": 1.22,
            "account_receivable_turnover_ratio": null,
            "reinvestment_rate": 50.03,
            "research_to_sale_ratio": null,
            "price_fair": 118.69,
            "eps_avg_yearly": 3.39,
            "eps_latest_yearly": 4.6,
            "eps_growth_yearly": 45.37
        },
        "20042": {
            "year_quarter": 20042,
            "year": 2004,
            "quarter": 2,
            "eps": 1.26,
            "eps_growth_year": 51.81,
            "eps_4q": 4.64,
            "eps_4q_growth_year": 85.83,
            "roe": 5.4,
            "gross_profit": 288381,
            "gross_margin": 21.7,
            "net_income": 240113,
            "revenue": 1329053,
            "common_shares": 1961289,
            "equity": 4638443,
            "current_ratio": 179.44,
            "debt_ratio": 43.33,
            "inventory_turnover_ratio": 1.64,
            "account_receivable_turnover_ratio": null,
            "reinvestment_rate": 42.53,
            "research_to_sale_ratio": null,
            "price_fair": 124.46,
            "eps_avg_yearly": 3.56,
            "eps_latest_yearly": 5.04,
            "eps_growth_yearly": 44.66
        },
        "20043": {
            "year_quarter": 20043,
            "year": 2004,
            "quarter": 3,
            "eps": 1.6,
            "eps_growth_year": 36.75,
            "eps_4q": 4.52,
            "eps_4q_growth_year": 43.83,
            "roe": 7.54,
            "gross_profit": 404254,
            "gross_margin": 23.84,
            "net_income": 375692,
            "revenue": 1695689,
            "common_shares": 2464923,
            "equity": 5332126,
            "current_ratio": 216.23,
            "debt_ratio": 51.84,
            "inventory_turnover_ratio": 1.53,
            "account_receivable_turnover_ratio": null,
            "reinvestment_rate": 35.15,
            "research_to_sale_ratio": null,
            "price_fair": 133.51,
            "eps_avg_yearly": 3.81,
            "eps_latest_yearly": 6.4,
            "eps_growth_yearly": 50.41
        },
        "20044": {
            "year_quarter": 20044,
            "year": 2004,
            "quarter": 4,
            "eps": 0.94,
            "eps_growth_year": -29.32,
            "eps_4q": 4.45,
            "eps_4q_growth_year": 18.88,
            "roe": 4.13,
            "gross_profit": 165063,
            "gross_margin": 12.72,
            "net_income": 222637,
            "revenue": 1297290,
            "common_shares": 2474487,
            "equity": 5455283,
            "current_ratio": 188.28,
            "debt_ratio": 54.64,
            "inventory_turnover_ratio": 0.83,
            "account_receivable_turnover_ratio": null,
            "reinvestment_rate": 95.9,
            "research_to_sale_ratio": null,
            "price_fair": 133.35,
            "eps_avg_yearly": 3.81,
            "eps_latest_yearly": 3.76,
            "eps_growth_yearly": 32.46
        },
        "20051": {
            "year_quarter": 20051,
            "year": 2005,
            "quarter": 1,
            "eps": -0.13,
            "eps_growth_year": -111.3,
            "eps_4q": 3.35,
            "eps_4q_growth_year": -19.69,
            "roe": -0.57,
            "gross_profit": 115044,
            "gross_margin": 10.58,
            "net_income": -31363,
            "revenue": 1086993,
            "common_shares": 2488837,
            "equity": 5481611,
            "current_ratio": 209.09,
            "debt_ratio": 49.8,
            "inventory_turnover_ratio": 0.69,
            "account_receivable_turnover_ratio": null,
            "reinvestment_rate": 29.04,
            "research_to_sale_ratio": null,
            "price_fair": 133.35,
            "eps_avg_yearly": 3.81,
            "eps_latest_yearly": 3.76,
            "eps_growth_yearly": 32.46
        },
        "20052": {
            "year_quarter": 20052,
            "year": 2005,
            "quarter": 2,
            "eps": -0.08,
            "eps_growth_year": -106.35,
            "eps_4q": 2.19,
            "eps_4q_growth_year": -52.83,
            "roe": -0.42,
            "gross_profit": 69184,
            "gross_margin": 7.19,
            "net_income": -22317,
            "revenue": 962099,
            "common_shares": 2488937,
            "equity": 5074298,
            "current_ratio": 224.28,
            "debt_ratio": 47.95,
            "inventory_turnover_ratio": 0.9,
            "account_receivable_turnover_ratio": null,
            "reinvestment_rate": 31.41,
            "research_to_sale_ratio": null,
            "price_fair": 133.35,
            "eps_avg_yearly": 3.81,
            "eps_latest_yearly": 3.76,
            "eps_growth_yearly": 32.46
        },
        "20053": {
            "year_quarter": 20053,
            "year": 2005,
            "quarter": 3,
            "eps": 0.23,
            "eps_growth_year": -85.62,
            "eps_4q": 0.8,
            "eps_4q_growth_year": -82.31,
            "roe": 1.34,
            "gross_profit": 226779,
            "gross_margin": 16.4,
            "net_income": 68128,
            "revenue": 1382937,
            "common_shares": 2928110,
            "equity": 5106886,
            "current_ratio": 135.18,
            "debt_ratio": 43.92,
            "inventory_turnover_ratio": 1.37,
            "account_receivable_turnover_ratio": null,
            "reinvestment_rate": 24.21,
            "research_to_sale_ratio": null,
            "price_fair": 133.35,
            "eps_avg_yearly": 3.81,
            "eps_latest_yearly": 3.76,
            "eps_growth_yearly": 32.46
        },
        "20054": {
            "year_quarter": 20054,
            "year": 2005,
            "quarter": 4,
            "eps": -0.87,
            "eps_growth_year": -192.55,
            "eps_4q": -0.7,
            "eps_4q_growth_year": -115.7,
            "roe": -4.9,
            "gross_profit": 279499,
            "gross_margin": 15.51,
            "net_income": -253075,
            "revenue": 1802479,
            "common_shares": 2928410,
            "equity": 5216683,
            "current_ratio": 113.49,
            "debt_ratio": 56.38,
            "inventory_turnover_ratio": 1.25,
            "account_receivable_turnover_ratio": null,
            "reinvestment_rate": 163.58,
            "research_to_sale_ratio": null,
            "price_fair": 133.35,
            "eps_avg_yearly": 3.81,
            "eps_latest_yearly": 3.76,
            "eps_growth_yearly": 32.46
        },
        "20061": {
            "year_quarter": 20061,
            "year": 2006,
            "quarter": 1,
            "eps": 0.79,
            "eps_growth_year": null,
            "eps_4q": 0.08,
            "eps_4q_growth_year": -97.65,
            "roe": 4.54,
            "gross_profit": 426591,
            "gross_margin": 24.2,
            "net_income": 230139,
            "revenue": 1762793,
            "common_shares": 2928410,
            "equity": 4922663,
            "current_ratio": 142.94,
            "debt_ratio": 44.94,
            "inventory_turnover_ratio": 1.17,
            "account_receivable_turnover_ratio": null,
            "reinvestment_rate": 6.97,
            "research_to_sale_ratio": null,
            "price_fair": 137.71,
            "eps_avg_yearly": 3.93,
            "eps_latest_yearly": 3.76,
            "eps_growth_yearly": 31.44
        },
        "20062": {
            "year_quarter": 20062,
            "year": 2006,
            "quarter": 2,
            "eps": 1.27,
            "eps_growth_year": null,
            "eps_4q": 1.43,
            "eps_4q_growth_year": -34.68,
            "roe": 7.14,
            "gross_profit": 473859,
            "gross_margin": 25.37,
            "net_income": 359919,
            "revenue": 1867478,
            "common_shares": 2939413,
            "equity": 5156951,
            "current_ratio": 147.1,
            "debt_ratio": 40.53,
            "inventory_turnover_ratio": 2.44,
            "account_receivable_turnover_ratio": null,
            "reinvestment_rate": 4.54,
            "research_to_sale_ratio": null,
            "price_fair": 147.38,
            "eps_avg_yearly": 4.21,
            "eps_latest_yearly": 5.08,
            "eps_growth_yearly": 59.5
        },
        "20063": {
            "year_quarter": 20063,
            "year": 2006,
            "quarter": 3,
            "eps": 1.02,
            "eps_growth_year": 343.48,
            "eps_4q": 2.21,
            "eps_4q_growth_year": 176.16,
            "roe": 5.31,
            "gross_profit": 326684,
            "gross_margin": 22.28,
            "net_income": 288751,
            "revenue": 1465948,
            "common_shares": 3052550,
            "equity": 5711306,
            "current_ratio": 158.2,
            "debt_ratio": 32.97,
            "inventory_turnover_ratio": 2.41,
            "account_receivable_turnover_ratio": null,
            "reinvestment_rate": 1.17,
            "research_to_sale_ratio": null,
            "price_fair": 152.47,
            "eps_avg_yearly": 4.36,
            "eps_latest_yearly": 4.08,
            "eps_growth_yearly": 44.5
        },
        "20064": {
            "year_quarter": 20064,
            "year": 2006,
            "quarter": 4,
            "eps": 0.23,
            "eps_growth_year": null,
            "eps_4q": 3.32,
            "eps_4q_growth_year": null,
            "roe": 1.07,
            "gross_profit": 193215,
            "gross_margin": 18.7,
            "net_income": 65355,
            "revenue": 1033318,
            "common_shares": 3054599,
            "equity": 6556640,
            "current_ratio": 143.26,
            "debt_ratio": 41.06,
            "inventory_turnover_ratio": 0.94,
            "account_receivable_turnover_ratio": null,
            "reinvestment_rate": 103.89,
            "research_to_sale_ratio": null,
            "price_fair": 60.48,
            "eps_avg_yearly": 4.14,
            "eps_latest_yearly": 0.92,
            "eps_growth_yearly": 4.6
        },
        "20071": {
            "year_quarter": 20071,
            "year": 2007,
            "quarter": 1,
            "eps": 0.25,
            "eps_growth_year": -68.35,
            "eps_4q": 2.55,
            "eps_4q_growth_year": 3145.62,
            "roe": 1.22,
            "gross_profit": 250684,
            "gross_margin": 21.23,
            "net_income": 77660,
            "revenue": 1181036,
            "common_shares": 3054599,
            "equity": 6192669,
            "current_ratio": 187.34,
            "debt_ratio": 30.26,
            "inventory_turnover_ratio": 0.98,
            "account_receivable_turnover_ratio": null,
            "reinvestment_rate": -6.46,
            "research_to_sale_ratio": null,
            "price_fair": 112.37,
            "eps_avg_yearly": 4.02,
            "eps_latest_yearly": 1,
            "eps_growth_yearly": 17.96
        },
        "20072": {
            "year_quarter": 20072,
            "year": 2007,
            "quarter": 2,
            "eps": 0.24,
            "eps_growth_year": -81.1,
            "eps_4q": 1.7,
            "eps_4q_growth_year": 19.04,
            "roe": 1.18,
            "gross_profit": 210939,
            "gross_margin": 16.97,
            "net_income": 70895,
            "revenue": 1243021,
            "common_shares": 3059998,
            "equity": 5790328,
            "current_ratio": 157.89,
            "debt_ratio": 37.36,
            "inventory_turnover_ratio": 2.01,
            "account_receivable_turnover_ratio": null,
            "reinvestment_rate": -9.47,
            "research_to_sale_ratio": null,
            "price_fair": 44.57,
            "eps_avg_yearly": 3.8,
            "eps_latest_yearly": 0.96,
            "eps_growth_yearly": 1.72
        },
        "20073": {
            "year_quarter": 20073,
            "year": 2007,
            "quarter": 3,
            "eps": 0.36,
            "eps_growth_year": -64.71,
            "eps_4q": 1.03,
            "eps_4q_growth_year": -53.37,
            "roe": 1.96,
            "gross_profit": 218485,
            "gross_margin": 16.57,
            "net_income": 114816,
            "revenue": 1318567,
            "common_shares": 3277188,
            "equity": 5900418,
            "current_ratio": 237.94,
            "debt_ratio": 25.95,
            "inventory_turnover_ratio": 2.43,
            "account_receivable_turnover_ratio": null,
            "reinvestment_rate": -10.61,
            "research_to_sale_ratio": null,
            "price_fair": 52.65,
            "eps_avg_yearly": 3.51,
            "eps_latest_yearly": 1.44,
            "eps_growth_yearly": 5
        },
        "20074": {
            "year_quarter": 20074,
            "year": 2007,
            "quarter": 4,
            "eps": 0.34,
            "eps_growth_year": 47.83,
            "eps_4q": 1.17,
            "eps_4q_growth_year": -64.66,
            "roe": 1.74,
            "gross_profit": 190549,
            "gross_margin": 12.34,
            "net_income": 107347,
            "revenue": 1543871,
            "common_shares": 3277188,
            "equity": 6416994,
            "current_ratio": 180.89,
            "debt_ratio": 41.84,
            "inventory_turnover_ratio": 1.68,
            "account_receivable_turnover_ratio": null,
            "reinvestment_rate": 101.27,
            "research_to_sale_ratio": null,
            "price_fair": 9.45,
            "eps_avg_yearly": 3.15,
            "eps_latest_yearly": 1.36,
            "eps_growth_yearly": -1.99
        },
        "20081": {
            "year_quarter": 20081,
            "year": 2008,
            "quarter": 1,
            "eps": 0.24,
            "eps_growth_year": -4,
            "eps_4q": 1.52,
            "eps_4q_growth_year": -40.3,
            "roe": 0.91,
            "gross_profit": 167054,
            "gross_margin": 9.5,
            "net_income": 58468,
            "revenue": 1758922,
            "common_shares": 3277188,
            "equity": 6374145,
            "current_ratio": 178.43,
            "debt_ratio": 40.13,
            "inventory_turnover_ratio": 1.33,
            "account_receivable_turnover_ratio": null,
            "reinvestment_rate": 166.26,
            "research_to_sale_ratio": null,
            "price_fair": 8.45,
            "eps_avg_yearly": 2.82,
            "eps_latest_yearly": 0.96,
            "eps_growth_yearly": -7.76
        },
        "20082": {
            "year_quarter": 20082,
            "year": 2008,
            "quarter": 2,
            "eps": 0.03,
            "eps_growth_year": -87.5,
            "eps_4q": 0.95,
            "eps_4q_growth_year": -44.12,
            "roe": -0.16,
            "gross_profit": 131561,
            "gross_margin": 6.32,
            "net_income": -9759,
            "revenue": 2082647,
            "common_shares": 3277188,
            "equity": 6096872,
            "current_ratio": 153.87,
            "debt_ratio": 45.19,
            "inventory_turnover_ratio": 1.5,
            "account_receivable_turnover_ratio": null,
            "reinvestment_rate": 185.59,
            "research_to_sale_ratio": null,
            "price_fair": 7.11,
            "eps_avg_yearly": 2.37,
            "eps_latest_yearly": 0.12,
            "eps_growth_yearly": -43.06
        },
        "20083": {
            "year_quarter": 20083,
            "year": 2008,
            "quarter": 3,
            "eps": 0.12,
            "eps_growth_year": -66.67,
            "eps_4q": 1.77,
            "eps_4q_growth_year": 72.14,
            "roe": 0.26,
            "gross_profit": 187861,
            "gross_margin": 7.44,
            "net_income": 15730,
            "revenue": 2526019,
            "common_shares": 3388108,
            "equity": 6204675,
            "current_ratio": 134.67,
            "debt_ratio": 46.67,
            "inventory_turnover_ratio": 1.63,
            "account_receivable_turnover_ratio": null,
            "reinvestment_rate": 242.67,
            "research_to_sale_ratio": null,
            "price_fair": 64.15,
            "eps_avg_yearly": 1.83,
            "eps_latest_yearly": 0.48,
            "eps_growth_yearly": 56.22
        },
        "20084": {
            "year_quarter": 20084,
            "year": 2008,
            "quarter": 4,
            "eps": -0.44,
            "eps_growth_year": -229.41,
            "eps_4q": -0.01,
            "eps_4q_growth_year": -100.78,
            "roe": -3.34,
            "gross_profit": 185142,
            "gross_margin": 7.18,
            "net_income": -204851,
            "revenue": 2577879,
            "common_shares": 3388108,
            "equity": 6067653,
            "current_ratio": 131.14,
            "debt_ratio": 46.64,
            "inventory_turnover_ratio": 1.82,
            "account_receivable_turnover_ratio": 1.78,
            "reinvestment_rate": 167.33,
            "research_to_sale_ratio": null,
            "price_fair": 57.4,
            "eps_avg_yearly": 1.64,
            "eps_latest_yearly": 0.48,
            "eps_growth_yearly": 78.34
        },
        "20091": {
            "year_quarter": 20091,
            "year": 2009,
            "quarter": 1,
            "eps": 0.2,
            "eps_growth_year": -16.67,
            "eps_4q": -0.19,
            "eps_4q_growth_year": -112.23,
            "roe": 0.59,
            "gross_profit": 170634,
            "gross_margin": 8.26,
            "net_income": 36051,
            "revenue": 2065418,
            "common_shares": 3388108,
            "equity": 6068913,
            "current_ratio": 140.73,
            "debt_ratio": 39.9,
            "inventory_turnover_ratio": 1.74,
            "account_receivable_turnover_ratio": 0.82,
            "reinvestment_rate": 331.21,
            "research_to_sale_ratio": null,
            "price_fair": 57.4,
            "eps_avg_yearly": 1.64,
            "eps_latest_yearly": 0.48,
            "eps_growth_yearly": 78.34
        },
        "20092": {
            "year_quarter": 20092,
            "year": 2009,
            "quarter": 2,
            "eps": 0.26,
            "eps_growth_year": 766.67,
            "eps_4q": 0.15,
            "eps_4q_growth_year": -83.73,
            "roe": 1.09,
            "gross_profit": 221047,
            "gross_margin": 11.62,
            "net_income": 66766,
            "revenue": 1902810,
            "common_shares": 3388108,
            "equity": 6178804,
            "current_ratio": 154.55,
            "debt_ratio": 36.41,
            "inventory_turnover_ratio": 1.81,
            "account_receivable_turnover_ratio": 0.9,
            "reinvestment_rate": 279.01,
            "research_to_sale_ratio": null,
            "price_fair": 55.49,
            "eps_avg_yearly": 1.59,
            "eps_latest_yearly": 1.04,
            "eps_growth_yearly": 82.13
        },
        "20093": {
            "year_quarter": 20093,
            "year": 2009,
            "quarter": 3,
            "eps": 0.23,
            "eps_growth_year": 91.67,
            "eps_4q": 0.36,
            "eps_4q_growth_year": -79.55,
            "roe": 0.78,
            "gross_profit": 207731,
            "gross_margin": 11.76,
            "net_income": 48006,
            "revenue": 1766502,
            "common_shares": 3306908,
            "equity": 6134404,
            "current_ratio": 153.16,
            "debt_ratio": 35.22,
            "inventory_turnover_ratio": 1.85,
            "account_receivable_turnover_ratio": 0.89,
            "reinvestment_rate": 279.8,
            "research_to_sale_ratio": null,
            "price_fair": 53.55,
            "eps_avg_yearly": 1.53,
            "eps_latest_yearly": 0.92,
            "eps_growth_yearly": 71.44
        },
        "20094": {
            "year_quarter": 20094,
            "year": 2009,
            "quarter": 4,
            "eps": 0.25,
            "eps_growth_year": null,
            "eps_4q": 0.96,
            "eps_4q_growth_year": null,
            "roe": 0.88,
            "gross_profit": 227234,
            "gross_margin": 11.38,
            "net_income": 54291,
            "revenue": 1997488,
            "common_shares": 3306908,
            "equity": 6178383,
            "current_ratio": 151.96,
            "debt_ratio": 37.11,
            "inventory_turnover_ratio": 2.3,
            "account_receivable_turnover_ratio": 1.91,
            "reinvestment_rate": 312.3,
            "research_to_sale_ratio": null,
            "price_fair": 52.12,
            "eps_avg_yearly": 1.49,
            "eps_latest_yearly": 1,
            "eps_growth_yearly": 68.62
        },
        "20101": {
            "year_quarter": 20101,
            "year": 2010,
            "quarter": 1,
            "eps": -0.18,
            "eps_growth_year": -190,
            "eps_4q": 0.57,
            "eps_4q_growth_year": null,
            "roe": -1.1,
            "gross_profit": 68933,
            "gross_margin": 4.29,
            "net_income": -67485,
            "revenue": 1608013,
            "common_shares": 3306908,
            "equity": 6108258,
            "current_ratio": 135.68,
            "debt_ratio": 38.58,
            "inventory_turnover_ratio": 2.06,
            "account_receivable_turnover_ratio": 0.81,
            "reinvestment_rate": 629.83,
            "research_to_sale_ratio": 0.96,
            "price_fair": 52.12,
            "eps_avg_yearly": 1.49,
            "eps_latest_yearly": 1,
            "eps_growth_yearly": 68.62
        },
        "20102": {
            "year_quarter": 20102,
            "year": 2010,
            "quarter": 2,
            "eps": 0.01,
            "eps_growth_year": -96.14,
            "eps_4q": 0.31,
            "eps_4q_growth_year": 100.37,
            "roe": -1.17,
            "gross_profit": 168427,
            "gross_margin": 8.26,
            "net_income": -70050,
            "revenue": 2039990,
            "common_shares": 3406701,
            "equity": 5832682,
            "current_ratio": 126.75,
            "debt_ratio": 43.79,
            "inventory_turnover_ratio": 2.28,
            "account_receivable_turnover_ratio": 0.84,
            "reinvestment_rate": 872.94,
            "research_to_sale_ratio": 0.93,
            "price_fair": 41.65,
            "eps_avg_yearly": 1.19,
            "eps_latest_yearly": 1,
            "eps_growth_yearly": 54.08
        },
        "20103": {
            "year_quarter": 20103,
            "year": 2010,
            "quarter": 3,
            "eps": 0.36,
            "eps_growth_year": 57.2,
            "eps_4q": 0.44,
            "eps_4q_growth_year": 22.42,
            "roe": 2,
            "gross_profit": 318317,
            "gross_margin": 12.24,
            "net_income": 117893,
            "revenue": 2600747,
            "common_shares": 3406701,
            "equity": 5942870,
            "current_ratio": 128.34,
            "debt_ratio": 42.78,
            "inventory_turnover_ratio": 2.47,
            "account_receivable_turnover_ratio": 0.93,
            "reinvestment_rate": 1122.52,
            "research_to_sale_ratio": 0.76,
            "price_fair": 33.95,
            "eps_avg_yearly": 0.97,
            "eps_latest_yearly": 1.44,
            "eps_growth_yearly": 1227.31
        },
        "20104": {
            "year_quarter": 20104,
            "year": 2010,
            "quarter": 4,
            "eps": -0.08,
            "eps_growth_year": -132.24,
            "eps_4q": 0.11,
            "eps_4q_growth_year": -88.2,
            "roe": -0.45,
            "gross_profit": 237123,
            "gross_margin": 10.03,
            "net_income": -26284,
            "revenue": 2364164,
            "common_shares": 3406701,
            "equity": 5713552,
            "current_ratio": 128.92,
            "debt_ratio": 41.13,
            "inventory_turnover_ratio": 2.24,
            "account_receivable_turnover_ratio": 0.89,
            "reinvestment_rate": 706.88,
            "research_to_sale_ratio": 0.91,
            "price_fair": 34.11,
            "eps_avg_yearly": 0.97,
            "eps_latest_yearly": 1.44,
            "eps_growth_yearly": 1367.05
        },
        "20111": {
            "year_quarter": 20111,
            "year": 2011,
            "quarter": 1,
            "eps": -0.13,
            "eps_growth_year": null,
            "eps_4q": 0.16,
            "eps_4q_growth_year": -72.65,
            "roe": -0.77,
            "gross_profit": 62130,
            "gross_margin": 3.14,
            "net_income": -43929,
            "revenue": 1981475,
            "common_shares": 3406701,
            "equity": 5730378,
            "current_ratio": 131.37,
            "debt_ratio": 41.12,
            "inventory_turnover_ratio": 2.15,
            "account_receivable_turnover_ratio": 0.76,
            "reinvestment_rate": 1597.03,
            "research_to_sale_ratio": 1.57,
            "price_fair": 34.02,
            "eps_avg_yearly": 0.97,
            "eps_latest_yearly": 1.44,
            "eps_growth_yearly": 1500.28
        },
        "20112": {
            "year_quarter": 20112,
            "year": 2011,
            "quarter": 2,
            "eps": -0.55,
            "eps_growth_year": -5588.37,
            "eps_4q": -0.4,
            "eps_4q_growth_year": -230.62,
            "roe": -3.2,
            "gross_profit": -54553,
            "gross_margin": -3.16,
            "net_income": -179689,
            "revenue": 1726528,
            "common_shares": 3406701,
            "equity": 5504468,
            "current_ratio": 171.19,
            "debt_ratio": 43.15,
            "inventory_turnover_ratio": 1.94,
            "account_receivable_turnover_ratio": 0.74,
            "reinvestment_rate": 3650.33,
            "research_to_sale_ratio": 1.78,
            "price_fair": 34.07,
            "eps_avg_yearly": 0.97,
            "eps_latest_yearly": 1.44,
            "eps_growth_yearly": 1668.75
        },
        "20113": {
            "year_quarter": 20113,
            "year": 2011,
            "quarter": 3,
            "eps": -0,
            "eps_growth_year": -100.32,
            "eps_4q": -0.76,
            "eps_4q_growth_year": -272.15,
            "roe": -0.01,
            "gross_profit": 76865,
            "gross_margin": 3.36,
            "net_income": -375,
            "revenue": 2289858,
            "common_shares": 3406701,
            "equity": 5793065,
            "current_ratio": 161.18,
            "debt_ratio": 48.15,
            "inventory_turnover_ratio": 2.06,
            "account_receivable_turnover_ratio": 0.96,
            "reinvestment_rate": 9180.01,
            "research_to_sale_ratio": -0.81,
            "price_fair": 32.03,
            "eps_avg_yearly": 0.92,
            "eps_latest_yearly": 1.44,
            "eps_growth_yearly": 1852.34
        },
        "20114": {
            "year_quarter": 20114,
            "year": 2011,
            "quarter": 4,
            "eps": 0.93,
            "eps_growth_year": null,
            "eps_4q": 0.25,
            "eps_4q_growth_year": 123.96,
            "roe": 5.14,
            "gross_profit": 571973,
            "gross_margin": 14.33,
            "net_income": 308354,
            "revenue": 3992235,
            "common_shares": 3366501,
            "equity": 6197585,
            "current_ratio": 158.51,
            "debt_ratio": 50.09,
            "inventory_turnover_ratio": 2.79,
            "account_receivable_turnover_ratio": 1.11,
            "reinvestment_rate": 1455.2,
            "research_to_sale_ratio": 0.97,
            "price_fair": 29.8,
            "eps_avg_yearly": 0.85,
            "eps_latest_yearly": 1.44,
            "eps_growth_yearly": 2120.14
        },
        "20121": {
            "year_quarter": 20121,
            "year": 2012,
            "quarter": 1,
            "eps": 0.09,
            "eps_growth_year": null,
            "eps_4q": 0.48,
            "eps_4q_growth_year": 205.93,
            "roe": 0.49,
            "gross_profit": 238126,
            "gross_margin": 10.74,
            "net_income": 30452,
            "revenue": 2217292,
            "common_shares": 3366501,
            "equity": 6148618,
            "current_ratio": 171.5,
            "debt_ratio": 51.01,
            "inventory_turnover_ratio": 1.75,
            "account_receivable_turnover_ratio": 0.61,
            "reinvestment_rate": 1625.83,
            "research_to_sale_ratio": 1.8,
            "price_fair": 26.8,
            "eps_avg_yearly": 0.77,
            "eps_latest_yearly": 0.36,
            "eps_growth_yearly": 2085.33
        },
        "20122": {
            "year_quarter": 20122,
            "year": 2012,
            "quarter": 2,
            "eps": -0.09,
            "eps_growth_year": null,
            "eps_4q": 0.93,
            "eps_4q_growth_year": null,
            "roe": -0.48,
            "gross_profit": 141931,
            "gross_margin": 7.46,
            "net_income": -29689,
            "revenue": 1903828,
            "common_shares": 3366501,
            "equity": 6155656,
            "current_ratio": 196.35,
            "debt_ratio": 43.89,
            "inventory_turnover_ratio": 1.88,
            "account_receivable_turnover_ratio": 0.75,
            "reinvestment_rate": 1819.05,
            "research_to_sale_ratio": 2.19,
            "price_fair": 30.57,
            "eps_avg_yearly": 0.87,
            "eps_latest_yearly": 0.36,
            "eps_growth_yearly": 2491.22
        },
        "20123": {
            "year_quarter": 20123,
            "year": 2012,
            "quarter": 3,
            "eps": 0.07,
            "eps_growth_year": null,
            "eps_4q": 1,
            "eps_4q_growth_year": null,
            "roe": 0.38,
            "gross_profit": 231429,
            "gross_margin": 10.15,
            "net_income": 23049,
            "revenue": 2279894,
            "common_shares": 3366501,
            "equity": 6093877,
            "current_ratio": 151.9,
            "debt_ratio": 43.84,
            "inventory_turnover_ratio": 2.5,
            "account_receivable_turnover_ratio": 0.79,
            "reinvestment_rate": 1580.08,
            "research_to_sale_ratio": 1.93,
            "price_fair": 33.32,
            "eps_avg_yearly": 0.95,
            "eps_latest_yearly": 0.36,
            "eps_growth_yearly": 2749.47
        },
        "20124": {
            "year_quarter": 20124,
            "year": 2012,
            "quarter": 4,
            "eps": 0.24,
            "eps_growth_year": -73.98,
            "eps_4q": 0.31,
            "eps_4q_growth_year": 23.35,
            "roe": 1.31,
            "gross_profit": 374951,
            "gross_margin": 14.98,
            "net_income": 80248,
            "revenue": 2503470,
            "common_shares": 3320431,
            "equity": 6163846,
            "current_ratio": 164.38,
            "debt_ratio": 37.89,
            "inventory_turnover_ratio": 2.81,
            "account_receivable_turnover_ratio": 0.78,
            "reinvestment_rate": 721.08,
            "research_to_sale_ratio": 1.56,
            "price_fair": 33.37,
            "eps_avg_yearly": 0.95,
            "eps_latest_yearly": 0.96,
            "eps_growth_yearly": 2453.13
        },
        "20131": {
            "year_quarter": 20131,
            "year": 2013,
            "quarter": 1,
            "eps": 0.06,
            "eps_growth_year": -33.33,
            "eps_4q": 0.28,
            "eps_4q_growth_year": -41.55,
            "roe": 0.31,
            "gross_profit": 207291,
            "gross_margin": 11.45,
            "net_income": 19169,
            "revenue": 1809779,
            "common_shares": 3320431,
            "equity": 6317020,
            "current_ratio": 169.8,
            "debt_ratio": 37.2,
            "inventory_turnover_ratio": 1.95,
            "account_receivable_turnover_ratio": 0.66,
            "reinvestment_rate": -250.93,
            "research_to_sale_ratio": 2.31,
            "price_fair": 29.8,
            "eps_avg_yearly": 0.85,
            "eps_latest_yearly": 0.24,
            "eps_growth_yearly": 2059.82
        },
        "20132": {
            "year_quarter": 20132,
            "year": 2013,
            "quarter": 2,
            "eps": 0.42,
            "eps_growth_year": null,
            "eps_4q": 0.79,
            "eps_4q_growth_year": -15.41,
            "roe": 2.19,
            "gross_profit": 397777,
            "gross_margin": 16.11,
            "net_income": 138712,
            "revenue": 2469403,
            "common_shares": 3320431,
            "equity": 6366708,
            "current_ratio": 136.84,
            "debt_ratio": 38.13,
            "inventory_turnover_ratio": 2.31,
            "account_receivable_turnover_ratio": 0.97,
            "reinvestment_rate": -197.28,
            "research_to_sale_ratio": 1.66,
            "price_fair": 33,
            "eps_avg_yearly": 0.94,
            "eps_latest_yearly": 1.68,
            "eps_growth_yearly": 2385.54
        },
        "20133": {
            "year_quarter": 20133,
            "year": 2013,
            "quarter": 3,
            "eps": 0.22,
            "eps_growth_year": 216.93,
            "eps_4q": 0.94,
            "eps_4q_growth_year": -6.12,
            "roe": 1.16,
            "gross_profit": 335291,
            "gross_margin": 13.06,
            "net_income": 73696,
            "revenue": 2566922,
            "common_shares": 3320431,
            "equity": 6387318,
            "current_ratio": 139.84,
            "debt_ratio": 39.61,
            "inventory_turnover_ratio": 2.42,
            "account_receivable_turnover_ratio": 0.97,
            "reinvestment_rate": -193.62,
            "research_to_sale_ratio": 2.18,
            "price_fair": 32.8,
            "eps_avg_yearly": 0.94,
            "eps_latest_yearly": 0.88,
            "eps_growth_yearly": 2364.92
        },
        "20134": {
            "year_quarter": 20134,
            "year": 2013,
            "quarter": 4,
            "eps": 0.41,
            "eps_growth_year": 69.35,
            "eps_4q": 1.11,
            "eps_4q_growth_year": 253.14,
            "roe": 2.1,
            "gross_profit": 349527,
            "gross_margin": 12.75,
            "net_income": 135899,
            "revenue": 2742200,
            "common_shares": 3320431,
            "equity": 6579966,
            "current_ratio": 148.09,
            "debt_ratio": 38.21,
            "inventory_turnover_ratio": 2.68,
            "account_receivable_turnover_ratio": 0.9,
            "reinvestment_rate": -913.49,
            "research_to_sale_ratio": 1.28,
            "price_fair": 36,
            "eps_avg_yearly": 1.03,
            "eps_latest_yearly": 1.64,
            "eps_growth_yearly": 2409.3
        },
        "20141": {
            "year_quarter": 20141,
            "year": 2014,
            "quarter": 1,
            "eps": 0.62,
            "eps_growth_year": 933.33,
            "eps_4q": 1.67,
            "eps_4q_growth_year": 497.43,
            "roe": 3.06,
            "gross_profit": 436120,
            "gross_margin": 15.67,
            "net_income": 205976,
            "revenue": 2782333,
            "common_shares": 3320431,
            "equity": 6867593,
            "current_ratio": 147.62,
            "debt_ratio": 40.8,
            "inventory_turnover_ratio": 2.96,
            "account_receivable_turnover_ratio": 0.81,
            "reinvestment_rate": -607.71,
            "research_to_sale_ratio": 0.95,
            "price_fair": 42.35,
            "eps_avg_yearly": 1.21,
            "eps_latest_yearly": 2.48,
            "eps_growth_yearly": 2133.75
        },
        "20142": {
            "year_quarter": 20142,
            "year": 2014,
            "quarter": 2,
            "eps": 1.28,
            "eps_growth_year": 204.76,
            "eps_4q": 2.54,
            "eps_4q_growth_year": 222.39,
            "roe": 6.2,
            "gross_profit": 615712,
            "gross_margin": 19.46,
            "net_income": 426429,
            "revenue": 3164544,
            "common_shares": 3320431,
            "equity": 6883886,
            "current_ratio": 160.78,
            "debt_ratio": 40,
            "inventory_turnover_ratio": 3.56,
            "account_receivable_turnover_ratio": 0.87,
            "reinvestment_rate": -410.49,
            "research_to_sale_ratio": 0.27,
            "price_fair": 57.56,
            "eps_avg_yearly": 1.64,
            "eps_latest_yearly": 5.12,
            "eps_growth_yearly": 1943.98
        },
        "20143": {
            "year_quarter": 20143,
            "year": 2014,
            "quarter": 3,
            "eps": 0.71,
            "eps_growth_year": 222.73,
            "eps_4q": 2.95,
            "eps_4q_growth_year": 214.58,
            "roe": 3.3,
            "gross_profit": 512489,
            "gross_margin": 18.51,
            "net_income": 236284,
            "revenue": 2768104,
            "common_shares": 3400431,
            "equity": 7451222,
            "current_ratio": 239.31,
            "debt_ratio": 42.99,
            "inventory_turnover_ratio": 3.36,
            "account_receivable_turnover_ratio": 0.73,
            "reinvestment_rate": -385.19,
            "research_to_sale_ratio": 0.48,
            "price_fair": 63,
            "eps_avg_yearly": 1.8,
            "eps_latest_yearly": 2.84,
            "eps_growth_yearly": 368.63
        },
        "20144": {
            "year_quarter": 20144,
            "year": 2014,
            "quarter": 4,
            "eps": 0.59,
            "eps_growth_year": 44.13,
            "eps_4q": 3.14,
            "eps_4q_growth_year": 183.69,
            "roe": 2.61,
            "gross_profit": 339998,
            "gross_margin": 13.54,
            "net_income": 200983,
            "revenue": 2511337,
            "common_shares": 3407031,
            "equity": 7964227,
            "current_ratio": 254.27,
            "debt_ratio": 41.38,
            "inventory_turnover_ratio": 3.09,
            "account_receivable_turnover_ratio": 0.66,
            "reinvestment_rate": -307.67,
            "research_to_sale_ratio": 0.51,
            "price_fair": 64.96,
            "eps_avg_yearly": 1.86,
            "eps_latest_yearly": 2.36,
            "eps_growth_yearly": 325.01
        },
        "20151": {
            "year_quarter": 20151,
            "year": 2015,
            "quarter": 1,
            "eps": -0.24,
            "eps_growth_year": -138.71,
            "eps_4q": 2.29,
            "eps_4q_growth_year": 37.3,
            "roe": -1.01,
            "gross_profit": 76502,
            "gross_margin": 4.07,
            "net_income": -79885,
            "revenue": 1881422,
            "common_shares": 3419931,
            "equity": 7853890,
            "current_ratio": 256.12,
            "debt_ratio": 41.64,
            "inventory_turnover_ratio": 2.51,
            "account_receivable_turnover_ratio": 0.57,
            "reinvestment_rate": -320.39,
            "research_to_sale_ratio": 0.8,
            "price_fair": 64.96,
            "eps_avg_yearly": 1.86,
            "eps_latest_yearly": 2.36,
            "eps_growth_yearly": 325.01
        },
        "20152": {
            "year_quarter": 20152,
            "year": 2015,
            "quarter": 2,
            "eps": 0.16,
            "eps_growth_year": -87.5,
            "eps_4q": 1.23,
            "eps_4q_growth_year": -51.68,
            "roe": 0.72,
            "gross_profit": 172607,
            "gross_margin": 8.89,
            "net_income": 53544,
            "revenue": 1940804,
            "common_shares": 3419331,
            "equity": 7049240,
            "current_ratio": 221.07,
            "debt_ratio": 46.3,
            "inventory_turnover_ratio": 2.63,
            "account_receivable_turnover_ratio": 0.71,
            "reinvestment_rate": -291.01,
            "research_to_sale_ratio": 0.68,
            "price_fair": 64.96,
            "eps_avg_yearly": 1.86,
            "eps_latest_yearly": 2.36,
            "eps_growth_yearly": 325.01
        },
        "20153": {
            "year_quarter": 20153,
            "year": 2015,
            "quarter": 3,
            "eps": 0.23,
            "eps_growth_year": -67.61,
            "eps_4q": 0.76,
            "eps_4q_growth_year": -74.29,
            "roe": 1.06,
            "gross_profit": 102893,
            "gross_margin": 5.42,
            "net_income": 75733,
            "revenue": 1897912,
            "common_shares": 3415431,
            "equity": 7229650,
            "current_ratio": 230.86,
            "debt_ratio": 44.71,
            "inventory_turnover_ratio": 2.68,
            "account_receivable_turnover_ratio": 0.69,
            "reinvestment_rate": -295.44,
            "research_to_sale_ratio": 0.52,
            "price_fair": 61.98,
            "eps_avg_yearly": 1.77,
            "eps_latest_yearly": 0.92,
            "eps_growth_yearly": 311.37
        },
        "20154": {
            "year_quarter": 20154,
            "year": 2015,
            "quarter": 4,
            "eps": 0.01,
            "eps_growth_year": -97.96,
            "eps_4q": 0.16,
            "eps_4q_growth_year": -94.75,
            "roe": 0.05,
            "gross_profit": 127753,
            "gross_margin": 7.68,
            "net_income": 3880,
            "revenue": 1662526,
            "common_shares": 3413871,
            "equity": 6960401,
            "current_ratio": 300.4,
            "debt_ratio": 38.6,
            "inventory_turnover_ratio": 2.37,
            "account_receivable_turnover_ratio": 0.63,
            "reinvestment_rate": -362.89,
            "research_to_sale_ratio": 0.31,
            "price_fair": 56.93,
            "eps_avg_yearly": 1.63,
            "eps_latest_yearly": 0.04,
            "eps_growth_yearly": 253.54
        },
        "20161": {
            "year_quarter": 20161,
            "year": 2016,
            "quarter": 1,
            "eps": -0.18,
            "eps_growth_year": null,
            "eps_4q": 0.25,
            "eps_4q_growth_year": -89.03,
            "roe": -0.8,
            "gross_profit": 51424,
            "gross_margin": 3.84,
            "net_income": -54541,
            "revenue": 1338188,
            "common_shares": 3409341,
            "equity": 6666023,
            "current_ratio": 389.11,
            "debt_ratio": 34.84,
            "inventory_turnover_ratio": 2.2,
            "account_receivable_turnover_ratio": 0.64,
            "reinvestment_rate": -381.29,
            "research_to_sale_ratio": 0.56,
            "price_fair": 60.96,
            "eps_avg_yearly": 1.74,
            "eps_latest_yearly": 0.04,
            "eps_growth_yearly": 309.43
        },
        "20162": {
            "year_quarter": 20162,
            "year": 2016,
            "quarter": 2,
            "eps": -0.15,
            "eps_growth_year": -193.75,
            "eps_4q": -0.07,
            "eps_4q_growth_year": -105.73,
            "roe": -0.71,
            "gross_profit": 38829,
            "gross_margin": 2.63,
            "net_income": -47011,
            "revenue": 1475695,
            "common_shares": 3403741,
            "equity": 6500899,
            "current_ratio": 368.32,
            "debt_ratio": 36.06,
            "inventory_turnover_ratio": 2.37,
            "account_receivable_turnover_ratio": 0.79,
            "reinvestment_rate": -391.2,
            "research_to_sale_ratio": 0.67,
            "price_fair": 60.96,
            "eps_avg_yearly": 1.74,
            "eps_latest_yearly": 0.04,
            "eps_growth_yearly": 309.43
        },
        "20163": {
            "year_quarter": 20163,
            "year": 2016,
            "quarter": 3,
            "eps": 0.06,
            "eps_growth_year": -73.91,
            "eps_4q": -0.25,
            "eps_4q_growth_year": -133.51,
            "roe": 0.29,
            "gross_profit": 149403,
            "gross_margin": 9.2,
            "net_income": 18769,
            "revenue": 1624607,
            "common_shares": 3380956,
            "equity": 6326467,
            "current_ratio": 166.18,
            "debt_ratio": 37.97,
            "inventory_turnover_ratio": 2.17,
            "account_receivable_turnover_ratio": 0.79,
            "reinvestment_rate": -389.64,
            "research_to_sale_ratio": 0.5,
            "price_fair": 60.96,
            "eps_avg_yearly": 1.74,
            "eps_latest_yearly": 0.04,
            "eps_growth_yearly": 309.43
        },
        "20164": {
            "year_quarter": 20164,
            "year": 2016,
            "quarter": 4,
            "eps": 0.36,
            "eps_growth_year": 2934.02,
            "eps_4q": 0.1,
            "eps_4q_growth_year": -40.97,
            "roe": 1.78,
            "gross_profit": 100582,
            "gross_margin": 6.15,
            "net_income": 112955,
            "revenue": 1635342,
            "common_shares": 3380506,
            "equity": 6369094,
            "current_ratio": 167.18,
            "debt_ratio": 37.94,
            "inventory_turnover_ratio": 1.99,
            "account_receivable_turnover_ratio": 0.72,
            "reinvestment_rate": -387.96,
            "research_to_sale_ratio": 0.2,
            "price_fair": 62.49,
            "eps_avg_yearly": 1.79,
            "eps_latest_yearly": 1.44,
            "eps_growth_yearly": 402.94
        },
        "20171": {
            "year_quarter": 20171,
            "year": 2017,
            "quarter": 1,
            "eps": -0.29,
            "eps_growth_year": null,
            "eps_4q": -0.01,
            "eps_4q_growth_year": -104.25,
            "roe": -1.43,
            "gross_profit": 60687,
            "gross_margin": 4.12,
            "net_income": -88019,
            "revenue": 1474123,
            "common_shares": 3377851,
            "equity": 5967650,
            "current_ratio": 162.94,
            "debt_ratio": 38.51,
            "inventory_turnover_ratio": 1.66,
            "account_receivable_turnover_ratio": 0.67,
            "reinvestment_rate": -68.6,
            "research_to_sale_ratio": 0.42,
            "price_fair": 67.9,
            "eps_avg_yearly": 1.94,
            "eps_latest_yearly": 1.44,
            "eps_growth_yearly": 473.23
        },
        "20172": {
            "year_quarter": 20172,
            "year": 2017,
            "quarter": 2,
            "eps": -0.29,
            "eps_growth_year": null,
            "eps_4q": -0.15,
            "eps_4q_growth_year": null,
            "roe": -1.51,
            "gross_profit": 9515,
            "gross_margin": 0.54,
            "net_income": -90177,
            "revenue": 1748317,
            "common_shares": 3373891,
            "equity": 5962113,
            "current_ratio": 150.01,
            "debt_ratio": 42.96,
            "inventory_turnover_ratio": 1.82,
            "account_receivable_turnover_ratio": 0.77,
            "reinvestment_rate": -71.81,
            "research_to_sale_ratio": 0.33,
            "price_fair": 68.91,
            "eps_avg_yearly": 1.97,
            "eps_latest_yearly": 1.44,
            "eps_growth_yearly": 259.15
        },
        "20173": {
            "year_quarter": 20173,
            "year": 2017,
            "quarter": 3,
            "eps": -0.41,
            "eps_growth_year": -783.33,
            "eps_4q": -0.62,
            "eps_4q_growth_year": null,
            "roe": -2.1,
            "gross_profit": 42747,
            "gross_margin": 2.11,
            "net_income": -124523,
            "revenue": 2024771,
            "common_shares": 3356506,
            "equity": 5899217,
            "current_ratio": 181.11,
            "debt_ratio": 42.99,
            "inventory_turnover_ratio": 1.83,
            "account_receivable_turnover_ratio": 0.76,
            "reinvestment_rate": -73.2,
            "research_to_sale_ratio": 0.22,
            "price_fair": 73.68,
            "eps_avg_yearly": 2.11,
            "eps_latest_yearly": 1.44,
            "eps_growth_yearly": 315.35
        },
        "20174": {
            "year_quarter": 20174,
            "year": 2017,
            "quarter": 4,
            "eps": 0.01,
            "eps_growth_year": -96.21,
            "eps_4q": -0.97,
            "eps_4q_growth_year": -1096.96,
            "roe": 0.07,
            "gross_profit": 13811,
            "gross_margin": 0.71,
            "net_income": 4246,
            "revenue": 1932848,
            "common_shares": 3356506,
            "equity": 5889960,
            "current_ratio": 180.25,
            "debt_ratio": 42.68,
            "inventory_turnover_ratio": 1.73,
            "account_receivable_turnover_ratio": 0.69,
            "reinvestment_rate": -76.03,
            "research_to_sale_ratio": 0.13,
            "price_fair": 76,
            "eps_avg_yearly": 2.17,
            "eps_latest_yearly": 1.44,
            "eps_growth_yearly": 311.05
        },
        "20181": {
            "year_quarter": 20181,
            "year": 2018,
            "quarter": 1,
            "eps": -0.35,
            "eps_growth_year": null,
            "eps_4q": -1.03,
            "eps_4q_growth_year": null,
            "roe": -1.84,
            "gross_profit": 24024,
            "gross_margin": 1.51,
            "net_income": -107720,
            "revenue": 1593221,
            "common_shares": 3356506,
            "equity": 5838883,
            "current_ratio": 189.49,
            "debt_ratio": 40.41,
            "inventory_turnover_ratio": 1.47,
            "account_receivable_turnover_ratio": 0.63,
            "reinvestment_rate": -137.35,
            "research_to_sale_ratio": 0.18,
            "price_fair": 74.2,
            "eps_avg_yearly": 2.12,
            "eps_latest_yearly": 1.44,
            "eps_growth_yearly": 328.74
        },
        "20182": {
            "year_quarter": 20182,
            "year": 2018,
            "quarter": 2,
            "eps": 0.26,
            "eps_growth_year": null,
            "eps_4q": -0.49,
            "eps_4q_growth_year": null,
            "roe": 1.34,
            "gross_profit": 116923,
            "gross_margin": 6.53,
            "net_income": 78837,
            "revenue": 1789894,
            "common_shares": 3356506,
            "equity": 5925357,
            "current_ratio": 199.26,
            "debt_ratio": 39.07,
            "inventory_turnover_ratio": 1.58,
            "account_receivable_turnover_ratio": 0.75,
            "reinvestment_rate": -261.13,
            "research_to_sale_ratio": 0.15,
            "price_fair": 53.2,
            "eps_avg_yearly": 1.52,
            "eps_latest_yearly": 1.44,
            "eps_growth_yearly": 309.33
        },
        "20183": {
            "year_quarter": 20183,
            "year": 2018,
            "quarter": 3,
            "eps": 0.24,
            "eps_growth_year": null,
            "eps_4q": 0.16,
            "eps_4q_growth_year": null,
            "roe": 1.28,
            "gross_profit": 160117,
            "gross_margin": 8.2,
            "net_income": 75102,
            "revenue": 1952205,
            "common_shares": 3256506,
            "equity": 5843816,
            "current_ratio": 188.2,
            "debt_ratio": 41.69,
            "inventory_turnover_ratio": 1.6,
            "account_receivable_turnover_ratio": 0.76,
            "reinvestment_rate": -1690.31,
            "research_to_sale_ratio": 0.16,
            "price_fair": 40.04,
            "eps_avg_yearly": 1.14,
            "eps_latest_yearly": 0.96,
            "eps_growth_yearly": 338.8
        },
        "20184": {
            "year_quarter": 20184,
            "year": 2018,
            "quarter": 4,
            "eps": 0.32,
            "eps_growth_year": 2229.12,
            "eps_4q": 0.47,
            "eps_4q_growth_year": null,
            "roe": 1.67,
            "gross_profit": 209511,
            "gross_margin": 11.05,
            "net_income": 98891,
            "revenue": 1896368,
            "common_shares": 3172676,
            "equity": 5984332,
            "current_ratio": 185.03,
            "debt_ratio": 38.12,
            "inventory_turnover_ratio": 1.66,
            "account_receivable_turnover_ratio": 0.69,
            "reinvestment_rate": null,
            "research_to_sale_ratio": 0.14,
            "price_fair": 32.48,
            "eps_avg_yearly": 0.93,
            "eps_latest_yearly": 1.28,
            "eps_growth_yearly": 378.99
        },
        "20191": {
            "year_quarter": 20191,
            "year": 2019,
            "quarter": 1,
            "eps": -0.01,
            "eps_growth_year": null,
            "eps_4q": 0.81,
            "eps_4q_growth_year": null,
            "roe": -0.07,
            "gross_profit": 116058,
            "gross_margin": 8.22,
            "net_income": -4195,
            "revenue": 1412239,
            "common_shares": 3075366,
            "equity": 6083823,
            "current_ratio": 189.79,
            "debt_ratio": 34.81,
            "inventory_turnover_ratio": 1.57,
            "account_receivable_turnover_ratio": 0.56,
            "reinvestment_rate": -6124.52,
            "research_to_sale_ratio": 0.21,
            "price_fair": 32.48,
            "eps_avg_yearly": 0.93,
            "eps_latest_yearly": 1.28,
            "eps_growth_yearly": 378.99
        },
        "20192": {
            "year_quarter": 20192,
            "year": 2019,
            "quarter": 2,
            "eps": 0.28,
            "eps_growth_year": 7.69,
            "eps_4q": 0.83,
            "eps_4q_growth_year": null,
            "roe": 1.42,
            "gross_profit": 183822,
            "gross_margin": 11.62,
            "net_income": 85234,
            "revenue": 1581303,
            "common_shares": 3075366,
            "equity": 5960960,
            "current_ratio": 188.19,
            "debt_ratio": 35.02,
            "inventory_turnover_ratio": 1.8,
            "account_receivable_turnover_ratio": 0.71,
            "reinvestment_rate": -731.44,
            "research_to_sale_ratio": 0.22,
            "price_fair": 32.48,
            "eps_avg_yearly": 0.93,
            "eps_latest_yearly": 1.28,
            "eps_growth_yearly": 378.99
        },
        "20193": {
            "year_quarter": 20193,
            "year": 2019,
            "quarter": 3,
            "eps": 0.24,
            "eps_growth_year": 0,
            "eps_4q": 0.82,
            "eps_4q_growth_year": 402.01,
            "roe": 1.24,
            "gross_profit": 218040,
            "gross_margin": 13.14,
            "net_income": 73411,
            "revenue": 1659979,
            "common_shares": 3075366,
            "equity": 5904563,
            "current_ratio": 207.76,
            "debt_ratio": 31.67,
            "inventory_turnover_ratio": 2.06,
            "account_receivable_turnover_ratio": 0.72,
            "reinvestment_rate": -1269.75,
            "research_to_sale_ratio": 0.29,
            "price_fair": 32.76,
            "eps_avg_yearly": 0.94,
            "eps_latest_yearly": 0.96,
            "eps_growth_yearly": 332.56
        },
        "20194": {
            "year_quarter": 20194,
            "year": 2019,
            "quarter": 4,
            "eps": 0.24,
            "eps_growth_year": -26.85,
            "eps_4q": 0.74,
            "eps_4q_growth_year": 56.29,
            "roe": 1.23,
            "gross_profit": 210816,
            "gross_margin": 14.1,
            "net_income": 72342,
            "revenue": 1495425,
            "common_shares": 3075366,
            "equity": 5858301,
            "current_ratio": 213.22,
            "debt_ratio": 30.99,
            "inventory_turnover_ratio": 1.94,
            "account_receivable_turnover_ratio": 0.64,
            "reinvestment_rate": -151.92,
            "research_to_sale_ratio": 1.22,
            "price_fair": 39.2,
            "eps_avg_yearly": 1.12,
            "eps_latest_yearly": 0.96,
            "eps_growth_yearly": 409.08
        },
        "20201": {
            "year_quarter": 20201,
            "year": 2020,
            "quarter": 1,
            "eps": 0.03,
            "eps_growth_year": null,
            "eps_4q": 0.78,
            "eps_4q_growth_year": -3.69,
            "roe": 0.15,
            "gross_profit": 109506,
            "gross_margin": 9.71,
            "net_income": 8467,
            "revenue": 1128259,
            "common_shares": 3075366,
            "equity": 5685584,
            "current_ratio": 200.18,
            "debt_ratio": 32.72,
            "inventory_turnover_ratio": 1.42,
            "account_receivable_turnover_ratio": 0.56,
            "reinvestment_rate": -133.43,
            "research_to_sale_ratio": 2.95,
            "price_fair": 33.37,
            "eps_avg_yearly": 0.95,
            "eps_latest_yearly": 0.12,
            "eps_growth_yearly": 282.57
        },
        "20202": {
            "year_quarter": 20202,
            "year": 2020,
            "quarter": 2,
            "eps": -0.05,
            "eps_growth_year": -117.86,
            "eps_4q": 0.45,
            "eps_4q_growth_year": -45.7,
            "roe": -0.28,
            "gross_profit": 110263,
            "gross_margin": 10.41,
            "net_income": -15739,
            "revenue": 1058974,
            "common_shares": 3075366,
            "equity": 5572228,
            "current_ratio": 199.5,
            "debt_ratio": 31.09,
            "inventory_turnover_ratio": 1.29,
            "account_receivable_turnover_ratio": 0.62,
            "reinvestment_rate": -177.59,
            "research_to_sale_ratio": 3.81,
            "price_fair": 33.37,
            "eps_avg_yearly": 0.95,
            "eps_latest_yearly": 0.12,
            "eps_growth_yearly": 282.57
        },
        "20203": {
            "year_quarter": 20203,
            "year": 2020,
            "quarter": 3,
            "eps": 0.24,
            "eps_growth_year": 0,
            "eps_4q": 0.47,
            "eps_4q_growth_year": -43.42,
            "roe": 1.32,
            "gross_profit": 271224,
            "gross_margin": 17.56,
            "net_income": 73610,
            "revenue": 1544423,
            "common_shares": 3075366,
            "equity": 5565388,
            "current_ratio": 166.86,
            "debt_ratio": 35.55,
            "inventory_turnover_ratio": 1.54,
            "account_receivable_turnover_ratio": 0.89,
            "reinvestment_rate": -107.26,
            "research_to_sale_ratio": 3.27,
            "price_fair": 33.37,
            "eps_avg_yearly": 0.95,
            "eps_latest_yearly": 0.12,
            "eps_growth_yearly": 282.57
        },
        "20204": {
            "year_quarter": 20204,
            "year": 2020,
            "quarter": 4,
            "eps": 0.18,
            "eps_growth_year": -23.06,
            "eps_4q": 0.4,
            "eps_4q_growth_year": -45.22,
            "roe": 0.96,
            "gross_profit": 253442,
            "gross_margin": 14.31,
            "net_income": 53852,
            "revenue": 1771186,
            "common_shares": 3075366,
            "equity": 5703484,
            "current_ratio": 165.61,
            "debt_ratio": 39.71,
            "inventory_turnover_ratio": 1.6,
            "account_receivable_turnover_ratio": 0.81,
            "reinvestment_rate": -77.48,
            "research_to_sale_ratio": 2.94,
            "price_fair": 2.5,
            "eps_avg_yearly": 0.83,
            "eps_latest_yearly": 0.72,
            "eps_growth_yearly": -67.43
        },
        "20211": {
            "year_quarter": 20211,
            "year": 2021,
            "quarter": 1,
            "eps": 0.13,
            "eps_growth_year": 333.33,
            "eps_4q": 0.51,
            "eps_4q_growth_year": -34.65,
            "roe": 0.7,
            "gross_profit": 191713,
            "gross_margin": 11.9,
            "net_income": 39673,
            "revenue": 1611604,
            "common_shares": 3075366,
            "equity": 5569931,
            "current_ratio": 175.44,
            "debt_ratio": 38.57,
            "inventory_turnover_ratio": 1.49,
            "account_receivable_turnover_ratio": 0.66,
            "reinvestment_rate": -30.9,
            "research_to_sale_ratio": 2.8,
            "price_fair": 2.37,
            "eps_avg_yearly": 0.79,
            "eps_latest_yearly": 0.52,
            "eps_growth_yearly": -73.67
        },
        "20212": {
            "year_quarter": 20212,
            "year": 2021,
            "quarter": 2,
            "eps": 0.17,
            "eps_growth_year": null,
            "eps_4q": 0.73,
            "eps_4q_growth_year": 61.55,
            "roe": 0.88,
            "gross_profit": 207453,
            "gross_margin": 12.6,
            "net_income": 49303,
            "revenue": 1646829,
            "common_shares": 3075366,
            "equity": 5573245,
            "current_ratio": 177.26,
            "debt_ratio": 37.95,
            "inventory_turnover_ratio": 1.52,
            "account_receivable_turnover_ratio": 0.7,
            "reinvestment_rate": -57.35,
            "research_to_sale_ratio": 2.96,
            "price_fair": 2.33,
            "eps_avg_yearly": 0.78,
            "eps_latest_yearly": 0.68,
            "eps_growth_yearly": -49.08
        },
        "20213": {
            "year_quarter": 20213,
            "year": 2021,
            "quarter": 3,
            "eps": 0.27,
            "eps_growth_year": 12.5,
            "eps_4q": 0.75,
            "eps_4q_growth_year": 61.19,
            "roe": 1.44,
            "gross_profit": 219932,
            "gross_margin": 13.66,
            "net_income": 80715,
            "revenue": 1609982,
            "common_shares": 3075366,
            "equity": 5634944,
            "current_ratio": 176.7,
            "debt_ratio": 37.74,
            "inventory_turnover_ratio": 1.43,
            "account_receivable_turnover_ratio": 0.69,
            "reinvestment_rate": -31.56,
            "research_to_sale_ratio": 2.86,
            "price_fair": 2.43,
            "eps_avg_yearly": 0.81,
            "eps_latest_yearly": 1.08,
            "eps_growth_yearly": -17.48
        },
        "20214": {
            "year_quarter": 20214,
            "year": 2021,
            "quarter": 4,
            "eps": 0.18,
            "eps_growth_year": -1.21,
            "eps_4q": 0.75,
            "eps_4q_growth_year": 85.45,
            "roe": 0.94,
            "gross_profit": 184836,
            "gross_margin": 11.48,
            "net_income": 53202,
            "revenue": 1610140,
            "common_shares": 3075366,
            "equity": 5732245,
            "current_ratio": 206.08,
            "debt_ratio": 36.77,
            "inventory_turnover_ratio": 1.4,
            "account_receivable_turnover_ratio": 0.68,
            "reinvestment_rate": -24.33,
            "research_to_sale_ratio": 3.22,
            "price_fair": 2.4,
            "eps_avg_yearly": 0.8,
            "eps_latest_yearly": 0.72,
            "eps_growth_yearly": -29.07
        },
        "20221": {
            "year_quarter": 20221,
            "year": 2022,
            "quarter": 1,
            "eps": 0.19,
            "eps_growth_year": 46.15,
            "eps_4q": 0.81,
            "eps_4q_growth_year": 58.66,
            "roe": 0.98,
            "gross_profit": 208419,
            "gross_margin": 11.9,
            "net_income": 56978,
            "revenue": 1752040,
            "common_shares": 3075366,
            "equity": 5839967,
            "current_ratio": 195.07,
            "debt_ratio": 39.24,
            "inventory_turnover_ratio": 1.46,
            "account_receivable_turnover_ratio": 0.71,
            "reinvestment_rate": -14.8,
            "research_to_sale_ratio": 2.62,
            "price_fair": 2.39,
            "eps_avg_yearly": 0.8,
            "eps_latest_yearly": 0.76,
            "eps_growth_yearly": -24.4
        },
        "20222": {
            "year_quarter": 20222,
            "year": 2022,
            "quarter": 2,
            "eps": 0.25,
            "eps_growth_year": 47.06,
            "eps_4q": 0.89,
            "eps_4q_growth_year": 22.36,
            "roe": 1.27,
            "gross_profit": 208658,
            "gross_margin": 12.39,
            "net_income": 73947,
            "revenue": 1684674,
            "common_shares": 3075366,
            "equity": 5847694,
            "current_ratio": 200.62,
            "debt_ratio": 39.1,
            "inventory_turnover_ratio": 1.31,
            "account_receivable_turnover_ratio": 0.64,
            "reinvestment_rate": -56.05,
            "research_to_sale_ratio": 3.21,
            "price_fair": 2.44,
            "eps_avg_yearly": 0.81,
            "eps_latest_yearly": 1,
            "eps_growth_yearly": -11.84
        },
        "20223": {
            "year_quarter": 20223,
            "year": 2022,
            "quarter": 3,
            "eps": 0.3,
            "eps_growth_year": 11.11,
            "eps_4q": 0.92,
            "eps_4q_growth_year": 22.06,
            "roe": 1.49,
            "gross_profit": 281044,
            "gross_margin": 13.5,
            "net_income": 88733,
            "revenue": 2081577,
            "common_shares": 3075366,
            "equity": 6024055,
            "current_ratio": 210.01,
            "debt_ratio": 37.51,
            "inventory_turnover_ratio": 1.46,
            "account_receivable_turnover_ratio": 0.71,
            "reinvestment_rate": -43.15,
            "research_to_sale_ratio": 2.41,
            "price_fair": 2.5,
            "eps_avg_yearly": 0.83,
            "eps_latest_yearly": 1.2,
            "eps_growth_yearly": -2.61
        },
        "20224": {
            "year_quarter": 20224,
            "year": 2022,
            "quarter": 4,
            "eps": 0.46,
            "eps_growth_year": 158.92,
            "eps_4q": 1.2,
            "eps_4q_growth_year": 60.35,
            "roe": 2.28,
            "gross_profit": 344184,
            "gross_margin": 16.11,
            "net_income": 137749,
            "revenue": 2135858,
            "common_shares": 3075366,
            "equity": 6071407,
            "current_ratio": 206.94,
            "debt_ratio": 38.36,
            "inventory_turnover_ratio": 1.35,
            "account_receivable_turnover_ratio": 0.67,
            "reinvestment_rate": -47.1,
            "research_to_sale_ratio": 3.15,
            "price_fair": 12.37,
            "eps_avg_yearly": 0.88,
            "eps_latest_yearly": 1.84,
            "eps_growth_yearly": 4.05
        },
        "20231": {
            "year_quarter": 20231,
            "year": 2023,
            "quarter": 1,
            "eps": 0.13,
            "eps_growth_year": -31.58,
            "eps_4q": 1.14,
            "eps_4q_growth_year": 40.65,
            "roe": 0.63,
            "gross_profit": 221306,
            "gross_margin": 11.51,
            "net_income": 37402,
            "revenue": 1922970,
            "common_shares": 3075366,
            "equity": 5827428,
            "current_ratio": 176.54,
            "debt_ratio": 40.07,
            "inventory_turnover_ratio": 1.34,
            "account_receivable_turnover_ratio": 0.63,
            "reinvestment_rate": -48.12,
            "research_to_sale_ratio": 3.26,
            "price_fair": 2.56,
            "eps_avg_yearly": 0.85,
            "eps_latest_yearly": 0.52,
            "eps_growth_yearly": -18.33
        }
    },
    "months": {
        "2001-06": {
            "month": "2001-06",
            "price": "73.85",
            "revenue": 58573
        },
        "2001-07": {
            "month": "2001-07",
            "price": "48.90",
            "revenue": 70598
        },
        "2001-08": {
            "month": "2001-08",
            "price": "46.15",
            "revenue": 88180
        },
        "2001-09": {
            "month": "2001-09",
            "price": "29.44",
            "revenue": 76723
        },
        "2001-10": {
            "month": "2001-10",
            "price": "32.07",
            "revenue": 97997
        },
        "2001-11": {
            "month": "2001-11",
            "price": "44.45",
            "revenue": 101454
        },
        "2001-12": {
            "month": "2001-12",
            "price": "52.51",
            "revenue": 76050
        },
        "2002-01": {
            "month": "2002-01",
            "price": "52.62",
            "revenue": 80976
        },
        "2002-02": {
            "month": "2002-02",
            "price": "47.98",
            "revenue": 91051
        },
        "2002-03": {
            "month": "2002-03",
            "price": "53.24",
            "revenue": 116664
        },
        "2002-04": {
            "month": "2002-04",
            "price": "64.17",
            "revenue": 111314
        },
        "2002-05": {
            "month": "2002-05",
            "price": "58.77",
            "revenue": 113946
        },
        "2002-06": {
            "month": "2002-06",
            "price": "53.12",
            "revenue": 98267
        },
        "2002-07": {
            "month": "2002-07",
            "price": "46.26",
            "revenue": 107104
        },
        "2002-08": {
            "month": "2002-08",
            "price": "47.36",
            "revenue": 109969
        },
        "2002-09": {
            "month": "2002-09",
            "price": "47.78",
            "revenue": 109634
        },
        "2002-10": {
            "month": "2002-10",
            "price": "44.54",
            "revenue": 149454
        },
        "2002-11": {
            "month": "2002-11",
            "price": "47.36",
            "revenue": 189053
        },
        "2002-12": {
            "month": "2002-12",
            "price": "47.84",
            "revenue": 161780
        },
        "2003-01": {
            "month": "2003-01",
            "price": "43.68",
            "revenue": 169005
        },
        "2003-02": {
            "month": "2003-02",
            "price": "43.52",
            "revenue": 135393
        },
        "2003-03": {
            "month": "2003-03",
            "price": "40.60",
            "revenue": 224843
        },
        "2003-04": {
            "month": "2003-04",
            "price": "39.50",
            "revenue": 222574
        },
        "2003-05": {
            "month": "2003-05",
            "price": "39.13",
            "revenue": 238480
        },
        "2003-06": {
            "month": "2003-06",
            "price": "47.70",
            "revenue": 232467
        },
        "2003-07": {
            "month": "2003-07",
            "price": "53.02",
            "revenue": 221326
        },
        "2003-08": {
            "month": "2003-08",
            "price": "51.72",
            "revenue": 273399
        },
        "2003-09": {
            "month": "2003-09",
            "price": "58.95",
            "revenue": 292044
        },
        "2003-10": {
            "month": "2003-10",
            "price": "62.25",
            "revenue": 306876
        },
        "2003-11": {
            "month": "2003-11",
            "price": "66.80",
            "revenue": 268359
        },
        "2003-12": {
            "month": "2003-12",
            "price": "64.54",
            "revenue": 304278
        },
        "2004-01": {
            "month": "2004-01",
            "price": "68.30",
            "revenue": 280880
        },
        "2004-02": {
            "month": "2004-02",
            "price": "71.60",
            "revenue": 386167
        },
        "2004-03": {
            "month": "2004-03",
            "price": "70.54",
            "revenue": 412653
        },
        "2004-04": {
            "month": "2004-04",
            "price": "79.73",
            "revenue": 337349
        },
        "2004-05": {
            "month": "2004-05",
            "price": "80.71",
            "revenue": 413249
        },
        "2004-06": {
            "month": "2004-06",
            "price": "69.88",
            "revenue": 601635
        },
        "2004-07": {
            "month": "2004-07",
            "price": "65.05",
            "revenue": 542876
        },
        "2004-08": {
            "month": "2004-08",
            "price": "56.95",
            "revenue": 591776
        },
        "2004-09": {
            "month": "2004-09",
            "price": "60.69",
            "revenue": 612546
        },
        "2004-10": {
            "month": "2004-10",
            "price": "53.78",
            "revenue": 482518
        },
        "2004-11": {
            "month": "2004-11",
            "price": "46.84",
            "revenue": 542258
        },
        "2004-12": {
            "month": "2004-12",
            "price": "45.41",
            "revenue": 417528
        },
        "2005-01": {
            "month": "2005-01",
            "price": "38.95",
            "revenue": 412498
        },
        "2005-02": {
            "month": "2005-02",
            "price": "40.73",
            "revenue": 336837
        },
        "2005-03": {
            "month": "2005-03",
            "price": "42.28",
            "revenue": 332424
        },
        "2005-04": {
            "month": "2005-04",
            "price": "36.36",
            "revenue": 271270
        },
        "2005-05": {
            "month": "2005-05",
            "price": "29.75",
            "revenue": 359148
        },
        "2005-06": {
            "month": "2005-06",
            "price": "35.07",
            "revenue": 336915
        },
        "2005-07": {
            "month": "2005-07",
            "price": "32.13",
            "revenue": 415170
        },
        "2005-08": {
            "month": "2005-08",
            "price": "26.84",
            "revenue": 436708
        },
        "2005-09": {
            "month": "2005-09",
            "price": "28.15",
            "revenue": 531059
        },
        "2005-10": {
            "month": "2005-10",
            "price": "29.34",
            "revenue": 554878
        },
        "2005-11": {
            "month": "2005-11",
            "price": "26.41",
            "revenue": 621077
        },
        "2005-12": {
            "month": "2005-12",
            "price": "28.86",
            "revenue": 626524
        },
        "2006-01": {
            "month": "2006-01",
            "price": "30.17",
            "revenue": 579340
        },
        "2006-02": {
            "month": "2006-02",
            "price": "26.53",
            "revenue": 511353
        },
        "2006-03": {
            "month": "2006-03",
            "price": "27.70",
            "revenue": 672101
        },
        "2006-04": {
            "month": "2006-04",
            "price": "35.93",
            "revenue": 672017
        },
        "2006-05": {
            "month": "2006-05",
            "price": "43.62",
            "revenue": 597953
        },
        "2006-06": {
            "month": "2006-06",
            "price": "36.53",
            "revenue": 597508
        },
        "2006-07": {
            "month": "2006-07",
            "price": "40.80",
            "revenue": 536868
        },
        "2006-08": {
            "month": "2006-08",
            "price": "42.17",
            "revenue": 470683
        },
        "2006-09": {
            "month": "2006-09",
            "price": "35.39",
            "revenue": 458398
        },
        "2006-10": {
            "month": "2006-10",
            "price": "35.39",
            "revenue": 454073
        },
        "2006-11": {
            "month": "2006-11",
            "price": "34.43",
            "revenue": 466929
        },
        "2006-12": {
            "month": "2006-12",
            "price": "36.16",
            "revenue": 404276
        },
        "2007-01": {
            "month": "2007-01",
            "price": "39.24",
            "revenue": 339814
        },
        "2007-02": {
            "month": "2007-02",
            "price": "37.59",
            "revenue": 366490
        },
        "2007-03": {
            "month": "2007-03",
            "price": "37.23",
            "revenue": 474732
        },
        "2007-04": {
            "month": "2007-04",
            "price": "35.41",
            "revenue": 466939
        },
        "2007-05": {
            "month": "2007-05",
            "price": "31.94",
            "revenue": 380405
        },
        "2007-06": {
            "month": "2007-06",
            "price": "31.82",
            "revenue": 395677
        },
        "2007-07": {
            "month": "2007-07",
            "price": "32.40",
            "revenue": 429460
        },
        "2007-08": {
            "month": "2007-08",
            "price": "26.72",
            "revenue": 420966
        },
        "2007-09": {
            "month": "2007-09",
            "price": "24.94",
            "revenue": 458295
        },
        "2007-10": {
            "month": "2007-10",
            "price": "27.16",
            "revenue": 411651
        },
        "2007-11": {
            "month": "2007-11",
            "price": "26.79",
            "revenue": 608291
        },
        "2007-12": {
            "month": "2007-12",
            "price": "24.48",
            "revenue": 533775
        },
        "2008-01": {
            "month": "2008-01",
            "price": "23.41",
            "revenue": 371673
        },
        "2008-02": {
            "month": "2008-02",
            "price": "22.56",
            "revenue": 332829
        },
        "2008-03": {
            "month": "2008-03",
            "price": "22.33",
            "revenue": 523213
        },
        "2008-04": {
            "month": "2008-04",
            "price": "24.03",
            "revenue": 426739
        },
        "2008-05": {
            "month": "2008-05",
            "price": "22.92",
            "revenue": 424129
        },
        "2008-06": {
            "month": "2008-06",
            "price": "22.25",
            "revenue": 461116
        },
        "2008-07": {
            "month": "2008-07",
            "price": "20.94",
            "revenue": 539219
        },
        "2008-08": {
            "month": "2008-08",
            "price": "19.76",
            "revenue": 505277
        },
        "2008-09": {
            "month": "2008-09",
            "price": "15.32",
            "revenue": 588416
        },
        "2008-10": {
            "month": "2008-10",
            "price": "11.79",
            "revenue": 611148
        },
        "2008-11": {
            "month": "2008-11",
            "price": "8.04",
            "revenue": 401644
        },
        "2008-12": {
            "month": "2008-12",
            "price": "6.71",
            "revenue": 440914
        },
        "2009-01": {
            "month": "2009-01",
            "price": "6.85",
            "revenue": 368105
        },
        "2009-02": {
            "month": "2009-02",
            "price": "7.77",
            "revenue": 302984
        },
        "2009-03": {
            "month": "2009-03",
            "price": "9.37",
            "revenue": 441577
        },
        "2009-04": {
            "month": "2009-04",
            "price": "12.24",
            "revenue": 386334
        },
        "2009-05": {
            "month": "2009-05",
            "price": "13.72",
            "revenue": 289603
        },
        "2009-06": {
            "month": "2009-06",
            "price": "11.81",
            "revenue": 344971
        },
        "2009-07": {
            "month": "2009-07",
            "price": "13.32",
            "revenue": 222600
        },
        "2009-08": {
            "month": "2009-08",
            "price": "14.45",
            "revenue": 187596
        },
        "2009-09": {
            "month": "2009-09",
            "price": "15.73",
            "revenue": 251792
        },
        "2009-10": {
            "month": "2009-10",
            "price": "17.67",
            "revenue": 267076
        },
        "2009-11": {
            "month": "2009-11",
            "price": "18.16",
            "revenue": 348892
        },
        "2009-12": {
            "month": "2009-12",
            "price": "19.83",
            "revenue": 289608
        },
        "2010-01": {
            "month": "2010-01",
            "price": "19.55",
            "revenue": 165312
        },
        "2010-02": {
            "month": "2010-02",
            "price": "16.89",
            "revenue": 121885
        },
        "2010-03": {
            "month": "2010-03",
            "price": "17.30",
            "revenue": 193604
        },
        "2010-04": {
            "month": "2010-04",
            "price": "17.36",
            "revenue": 169996
        },
        "2010-05": {
            "month": "2010-05",
            "price": "14.44",
            "revenue": 220422
        },
        "2010-06": {
            "month": "2010-06",
            "price": "14.52",
            "revenue": 269609
        },
        "2010-07": {
            "month": "2010-07",
            "price": "14.93",
            "revenue": 383733
        },
        "2010-08": {
            "month": "2010-08",
            "price": "15.41",
            "revenue": 344208
        },
        "2010-09": {
            "month": "2010-09",
            "price": "15.28",
            "revenue": 344152
        },
        "2010-10": {
            "month": "2010-10",
            "price": "15.76",
            "revenue": 316039
        },
        "2010-11": {
            "month": "2010-11",
            "price": "13.90",
            "revenue": 274782
        },
        "2010-12": {
            "month": "2010-12",
            "price": "16.92",
            "revenue": 215312
        },
        "2011-01": {
            "month": "2011-01",
            "price": "17.53",
            "revenue": 780812
        },
        "2011-02": {
            "month": "2011-02",
            "price": "19.59",
            "revenue": 538880
        },
        "2011-03": {
            "month": "2011-03",
            "price": "19.36",
            "revenue": 655629
        },
        "2011-04": {
            "month": "2011-04",
            "price": "17.79",
            "revenue": 531849
        },
        "2011-05": {
            "month": "2011-05",
            "price": "15.81",
            "revenue": 612954
        },
        "2011-06": {
            "month": "2011-06",
            "price": "14.92",
            "revenue": 585093
        },
        "2011-07": {
            "month": "2011-07",
            "price": "14.76",
            "revenue": 606319
        },
        "2011-08": {
            "month": "2011-08",
            "price": "13.09",
            "revenue": 792676
        },
        "2011-09": {
            "month": "2011-09",
            "price": "14.20",
            "revenue": 893618
        },
        "2011-10": {
            "month": "2011-10",
            "price": "16.04",
            "revenue": 1149381
        },
        "2011-11": {
            "month": "2011-11",
            "price": "18.16",
            "revenue": 1512258
        },
        "2011-12": {
            "month": "2011-12",
            "price": "18.72",
            "revenue": 1342468
        },
        "2012-01": {
            "month": "2012-01",
            "price": "19.92",
            "revenue": 751454
        },
        "2012-02": {
            "month": "2012-02",
            "price": "22.53",
            "revenue": 706715
        },
        "2012-03": {
            "month": "2012-03",
            "price": "19.25",
            "revenue": 758375
        },
        "2012-04": {
            "month": "2012-04",
            "price": "15.68",
            "revenue": 608237
        },
        "2012-05": {
            "month": "2012-05",
            "price": "14.93",
            "revenue": 679907
        },
        "2012-06": {
            "month": "2012-06",
            "price": "15.12",
            "revenue": 618890
        },
        "2012-07": {
            "month": "2012-07",
            "price": "14.54",
            "revenue": 703488
        },
        "2012-08": {
            "month": "2012-08",
            "price": "14.87",
            "revenue": 781039
        },
        "2012-09": {
            "month": "2012-09",
            "price": "15.78",
            "revenue": 788532
        },
        "2012-10": {
            "month": "2012-10",
            "price": "14.11",
            "revenue": 834453
        },
        "2012-11": {
            "month": "2012-11",
            "price": "12.15",
            "revenue": 948485
        },
        "2012-12": {
            "month": "2012-12",
            "price": "13.94",
            "revenue": 722715
        },
        "2013-01": {
            "month": "2013-01",
            "price": "13.99",
            "revenue": 734822
        },
        "2013-02": {
            "month": "2013-02",
            "price": "14.83",
            "revenue": 408618
        },
        "2013-03": {
            "month": "2013-03",
            "price": "15.10",
            "revenue": 666045
        },
        "2013-04": {
            "month": "2013-04",
            "price": "14.66",
            "revenue": 855545
        },
        "2013-05": {
            "month": "2013-05",
            "price": "15.78",
            "revenue": 872039
        },
        "2013-06": {
            "month": "2013-06",
            "price": "15.30",
            "revenue": 771703
        },
        "2013-07": {
            "month": "2013-07",
            "price": "15.28",
            "revenue": 826865
        },
        "2013-08": {
            "month": "2013-08",
            "price": "15.52",
            "revenue": 838352
        },
        "2013-09": {
            "month": "2013-09",
            "price": "15.80",
            "revenue": 871164
        },
        "2013-10": {
            "month": "2013-10",
            "price": "15.27",
            "revenue": 861170
        },
        "2013-11": {
            "month": "2013-11",
            "price": "14.86",
            "revenue": 1028372
        },
        "2013-12": {
            "month": "2013-12",
            "price": "15.65",
            "revenue": 853182
        },
        "2014-01": {
            "month": "2014-01",
            "price": "16.89",
            "revenue": 941234
        },
        "2014-02": {
            "month": "2014-02",
            "price": "18.61",
            "revenue": 824646
        },
        "2014-03": {
            "month": "2014-03",
            "price": "22.41",
            "revenue": 1016132
        },
        "2014-04": {
            "month": "2014-04",
            "price": "30.74",
            "revenue": 1056655
        },
        "2014-05": {
            "month": "2014-05",
            "price": "37.85",
            "revenue": 1041649
        },
        "2014-06": {
            "month": "2014-06",
            "price": "37.44",
            "revenue": 1066441
        },
        "2014-07": {
            "month": "2014-07",
            "price": "45.66",
            "revenue": 1023943
        },
        "2014-08": {
            "month": "2014-08",
            "price": "43.08",
            "revenue": 825884
        },
        "2014-09": {
            "month": "2014-09",
            "price": "39.49",
            "revenue": 920925
        },
        "2014-10": {
            "month": "2014-10",
            "price": "33.54",
            "revenue": 925397
        },
        "2014-11": {
            "month": "2014-11",
            "price": "32.36",
            "revenue": 830275
        },
        "2014-12": {
            "month": "2014-12",
            "price": "30.64",
            "revenue": 755663
        },
        "2015-01": {
            "month": "2015-01",
            "price": "32.78",
            "revenue": 804355
        },
        "2015-02": {
            "month": "2015-02",
            "price": "32.97",
            "revenue": 483149
        },
        "2015-03": {
            "month": "2015-03",
            "price": "31.15",
            "revenue": 593890
        },
        "2015-04": {
            "month": "2015-04",
            "price": "28.60",
            "revenue": 674579
        },
        "2015-05": {
            "month": "2015-05",
            "price": "25.18",
            "revenue": 616419
        },
        "2015-06": {
            "month": "2015-06",
            "price": "24.15",
            "revenue": 649429
        },
        "2015-07": {
            "month": "2015-07",
            "price": "23.36",
            "revenue": 634409
        },
        "2015-08": {
            "month": "2015-08",
            "price": "17.30",
            "revenue": 627566
        },
        "2015-09": {
            "month": "2015-09",
            "price": "17.60",
            "revenue": 636571
        },
        "2015-10": {
            "month": "2015-10",
            "price": "19.36",
            "revenue": 597609
        },
        "2015-11": {
            "month": "2015-11",
            "price": "17.21",
            "revenue": 562647
        },
        "2015-12": {
            "month": "2015-12",
            "price": "15.75",
            "revenue": 501643
        },
        "2016-01": {
            "month": "2016-01",
            "price": "14.52",
            "revenue": 472835
        },
        "2016-02": {
            "month": "2016-02",
            "price": "15.68",
            "revenue": 346808
        },
        "2016-03": {
            "month": "2016-03",
            "price": "17.28",
            "revenue": 518368
        },
        "2016-04": {
            "month": "2016-04",
            "price": "16.47",
            "revenue": 437794
        },
        "2016-05": {
            "month": "2016-05",
            "price": "13.77",
            "revenue": 512605
        },
        "2016-06": {
            "month": "2016-06",
            "price": "15.06",
            "revenue": 527337
        },
        "2016-07": {
            "month": "2016-07",
            "price": "14.98",
            "revenue": 550939
        },
        "2016-08": {
            "month": "2016-08",
            "price": "14.37",
            "revenue": 507201
        },
        "2016-09": {
            "month": "2016-09",
            "price": "13.82",
            "revenue": 564738
        },
        "2016-10": {
            "month": "2016-10",
            "price": "14.58",
            "revenue": 501816
        },
        "2016-11": {
            "month": "2016-11",
            "price": "13.23",
            "revenue": 592754
        },
        "2016-12": {
            "month": "2016-12",
            "price": "14.62",
            "revenue": 540942
        },
        "2017-01": {
            "month": "2017-01",
            "price": "16.38",
            "revenue": 407087
        },
        "2017-02": {
            "month": "2017-02",
            "price": "17.68",
            "revenue": 501206
        },
        "2017-03": {
            "month": "2017-03",
            "price": "21.16",
            "revenue": 565863
        },
        "2017-04": {
            "month": "2017-04",
            "price": "21.83",
            "revenue": 516746
        },
        "2017-05": {
            "month": "2017-05",
            "price": "18.17",
            "revenue": 602072
        },
        "2017-06": {
            "month": "2017-06",
            "price": "20.60",
            "revenue": 632494
        },
        "2017-07": {
            "month": "2017-07",
            "price": "20.19",
            "revenue": 638249
        },
        "2017-08": {
            "month": "2017-08",
            "price": "18.73",
            "revenue": 691775
        },
        "2017-09": {
            "month": "2017-09",
            "price": "19.34",
            "revenue": 691925
        },
        "2017-10": {
            "month": "2017-10",
            "price": "18.13",
            "revenue": 674198
        },
        "2017-11": {
            "month": "2017-11",
            "price": "16.04",
            "revenue": 659844
        },
        "2017-12": {
            "month": "2017-12",
            "price": "16.00",
            "revenue": 598621
        },
        "2018-01": {
            "month": "2018-01",
            "price": "16.43",
            "revenue": 602959
        },
        "2018-02": {
            "month": "2018-02",
            "price": "16.30",
            "revenue": 375918
        },
        "2018-03": {
            "month": "2018-03",
            "price": "17.15",
            "revenue": 614344
        },
        "2018-04": {
            "month": "2018-04",
            "price": "16.33",
            "revenue": 579772
        },
        "2018-05": {
            "month": "2018-05",
            "price": "17.64",
            "revenue": 637004
        },
        "2018-06": {
            "month": "2018-06",
            "price": "21.20",
            "revenue": 573132
        },
        "2018-07": {
            "month": "2018-07",
            "price": "16.66",
            "revenue": 505417
        },
        "2018-08": {
            "month": "2018-08",
            "price": "16.48",
            "revenue": 714936
        },
        "2018-09": {
            "month": "2018-09",
            "price": "16.58",
            "revenue": 731841
        },
        "2018-10": {
            "month": "2018-10",
            "price": "14.35",
            "revenue": 745998
        },
        "2018-11": {
            "month": "2018-11",
            "price": "14.59",
            "revenue": 596177
        },
        "2018-12": {
            "month": "2018-12",
            "price": "13.92",
            "revenue": 554196
        },
        "2019-01": {
            "month": "2019-01",
            "price": "13.27",
            "revenue": 540292
        },
        "2019-02": {
            "month": "2019-02",
            "price": "14.34",
            "revenue": 377157
        },
        "2019-03": {
            "month": "2019-03",
            "price": "14.37",
            "revenue": 495180
        },
        "2019-04": {
            "month": "2019-04",
            "price": "16.27",
            "revenue": 521625
        },
        "2019-05": {
            "month": "2019-05",
            "price": "15.17",
            "revenue": 514915
        },
        "2019-06": {
            "month": "2019-06",
            "price": "14.70",
            "revenue": 544152
        },
        "2019-07": {
            "month": "2019-07",
            "price": "15.89",
            "revenue": 544654
        },
        "2019-08": {
            "month": "2019-08",
            "price": "15.95",
            "revenue": 531487
        },
        "2019-09": {
            "month": "2019-09",
            "price": "16.67",
            "revenue": 583838
        },
        "2019-10": {
            "month": "2019-10",
            "price": "17.46",
            "revenue": 556185
        },
        "2019-11": {
            "month": "2019-11",
            "price": "17.23",
            "revenue": 499217
        },
        "2019-12": {
            "month": "2019-12",
            "price": "16.59",
            "revenue": 495446
        },
        "2020-01": {
            "month": "2020-01",
            "price": "16.82",
            "revenue": 392480
        },
        "2020-02": {
            "month": "2020-02",
            "price": "15.15",
            "revenue": 224251
        },
        "2020-03": {
            "month": "2020-03",
            "price": "11.80",
            "revenue": 511528
        },
        "2020-04": {
            "month": "2020-04",
            "price": "12.62",
            "revenue": 425864
        },
        "2020-05": {
            "month": "2020-05",
            "price": "12.86",
            "revenue": 301665
        },
        "2020-06": {
            "month": "2020-06",
            "price": "13.31",
            "revenue": 331444
        },
        "2020-07": {
            "month": "2020-07",
            "price": "14.30",
            "revenue": 426346
        },
        "2020-08": {
            "month": "2020-08",
            "price": "16.28",
            "revenue": 480357
        },
        "2020-09": {
            "month": "2020-09",
            "price": "16.61",
            "revenue": 637721
        },
        "2020-10": {
            "month": "2020-10",
            "price": "18.46",
            "revenue": 610697
        },
        "2020-11": {
            "month": "2020-11",
            "price": "17.75",
            "revenue": 605210
        },
        "2020-12": {
            "month": "2020-12",
            "price": "17.74",
            "revenue": 555278
        },
        "2021-01": {
            "month": "2021-01",
            "price": "17.33",
            "revenue": 568689
        },
        "2021-02": {
            "month": "2021-02",
            "price": "17.05",
            "revenue": 503017
        },
        "2021-03": {
            "month": "2021-03",
            "price": "18.77",
            "revenue": 539899
        },
        "2021-04": {
            "month": "2021-04",
            "price": "20.22",
            "revenue": 543979
        },
        "2021-05": {
            "month": "2021-05",
            "price": "16.85",
            "revenue": 559379
        },
        "2021-06": {
            "month": "2021-06",
            "price": "18.45",
            "revenue": 543471
        },
        "2021-07": {
            "month": "2021-07",
            "price": "19.80",
            "revenue": 558712
        },
        "2021-08": {
            "month": "2021-08",
            "price": "17.45",
            "revenue": 545468
        },
        "2021-09": {
            "month": "2021-09",
            "price": "16.41",
            "revenue": 505797
        },
        "2021-10": {
            "month": "2021-10",
            "price": "15.50",
            "revenue": 526857
        },
        "2021-11": {
            "month": "2021-11",
            "price": "16.61",
            "revenue": 544117
        },
        "2021-12": {
            "month": "2021-12",
            "price": "16.93",
            "revenue": 539192
        },
        "2022-01": {
            "month": "2022-01",
            "price": "16.51",
            "revenue": 592276
        },
        "2022-02": {
            "month": "2022-02",
            "price": "16.72",
            "revenue": 519604
        },
        "2022-03": {
            "month": "2022-03",
            "price": "16.10",
            "revenue": 640160
        },
        "2022-04": {
            "month": "2022-04",
            "price": "15.90",
            "revenue": 551831
        },
        "2022-05": {
            "month": "2022-05",
            "price": "15.33",
            "revenue": 564451
        },
        "2022-06": {
            "month": "2022-06",
            "price": "15.34",
            "revenue": 568393
        },
        "2022-07": {
            "month": "2022-07",
            "price": "14.41",
            "revenue": 600851
        },
        "2022-08": {
            "month": "2022-08",
            "price": "15.15",
            "revenue": 701975
        },
        "2022-09": {
            "month": "2022-09",
            "price": "16.96",
            "revenue": 778752
        },
        "2022-10": {
            "month": "2022-10",
            "price": "17.62",
            "revenue": 753760
        },
        "2022-11": {
            "month": "2022-11",
            "price": "18.37",
            "revenue": 764036
        },
        "2022-12": {
            "month": "2022-12",
            "price": "18.71",
            "revenue": 618101
        },
        "2023-01": {
            "month": "2023-01",
            "price": "17.70",
            "revenue": 604289
        },
        "2023-02": {
            "month": "2023-02",
            "price": "18.79",
            "revenue": 593451
        },
        "2023-03": {
            "month": "2023-03",
            "price": "22.91",
            "revenue": 725229
        },
        "2023-04": {
            "month": "2023-04",
            "price": "27.84",
            "revenue": 674782
        }
    }
}
