{
    "summary": {
        "stock_name": "漢唐",
        "stock_id": "2404",
        "category": "其他電子",
        "main_business": "半導體、光電等高科技廠房整廠、無塵室、控制、機電、特殊製程<br>系統建造、設計、規劃顧問工作及維護運轉服務。<br>紅外線應用及多頻道雷射治療儀等醫療器材之研發、製造與銷售。",
        "website_url": "http://www.uisco.com.tw",
        "ceo": "新任者俟最近期董事會召開後再另行公告",
        "pe_ratio": 9,
        "report_year_from": 2001,
        "report_year_to": 2023,
        "age": 22,
        "eps_negative_percentage": 0,
        "eps_growth_avg": {
            "last_all": 17.11,
            "last_2y": 19.45,
            "last_4y": 40.16,
            "last_8y": 26.31,
            "last_12y": 28.69,
            "last_16y": 18.78,
            "last_20y": 17.11,
            "at_2006_last_3y": -0.38,
            "at_2007_last_3y": 1.44,
            "at_2008_last_3y": -13.12,
            "at_2009_last_3y": -13.4,
            "at_2010_last_3y": 15.1,
            "at_2011_last_3y": -1.15,
            "at_2012_last_3y": 2.61,
            "at_2013_last_3y": 34.03,
            "at_2014_last_3y": 0.63,
            "at_2015_last_3y": 24.43,
            "at_2016_last_3y": 39.4,
            "at_2017_last_3y": 9,
            "at_2018_last_3y": 40.3,
            "at_2019_last_3y": 36.37,
            "at_2020_last_3y": 41.01,
            "at_2021_last_3y": 38.59,
            "at_2022_last_3y": 27.3,
            "at_2023_last_3y": 27.3,
            "at_2006_last_all": 5.2,
            "at_2007_last_all": 10.39,
            "at_2008_last_all": 1.73,
            "at_2009_last_all": -1.7,
            "at_2010_last_all": 9.6,
            "at_2011_last_all": 5.78,
            "at_2012_last_all": 2.05,
            "at_2013_last_all": 10.21,
            "at_2014_last_all": 6.84,
            "at_2015_last_all": 11.1,
            "at_2016_last_all": 12.01,
            "at_2017_last_all": 9.91,
            "at_2018_last_all": 14.71,
            "at_2019_last_all": 16.72,
            "at_2020_last_all": 18.11,
            "at_2021_last_all": 15.64,
            "at_2022_last_all": 17.11,
            "at_2023_last_all": 17.11
        },
        "latest_eps": 24.5,
        "latest_price": 217.5,
        "latest_roe": 56.86,
        "latest_gross_margin": 11.63,
        "latest_equity": 8788810,
        "latest_revenue": 15570981,
        "latest_gross_profit": 1810258,
        "latest_net_income": 1135958,
        "latest_debt_ratio": 74.88,
        "latest_current_ratio": 121.54,
        "latest_account_receivable_turnover_ratio": 2.08,
        "latest_inventory_turnover_ratio": 325.95,
        "latest_reinvestment_rate": 4.73,
        "latest_research_to_sale_ratio": 0.04
    },
    "eps_dividends": {
        "1998": {
            "cash": 0,
            "stock": 2.5,
            "eps": 0
        },
        "1999": {
            "cash": 0.3,
            "stock": 2.5,
            "eps": 0
        },
        "2000": {
            "cash": 2.9,
            "stock": 2.9,
            "eps": 0
        },
        "2001": {
            "cash": 2.5,
            "stock": 2.5,
            "eps": 2.29
        },
        "2002": {
            "cash": 1.7,
            "stock": 1.7,
            "eps": 2.92
        },
        "2003": {
            "cash": 1.5,
            "stock": 0.5,
            "eps": 3.77
        },
        "2004": {
            "cash": 2.12,
            "stock": 0.91,
            "eps": 4.07
        },
        "2005": {
            "cash": 1.98,
            "stock": 0.79,
            "eps": 3.07
        },
        "2006": {
            "cash": 2,
            "stock": 0.5,
            "eps": 2.64
        },
        "2007": {
            "cash": 2,
            "stock": 0,
            "eps": 3.6
        },
        "2008": {
            "cash": 2.9,
            "stock": 0,
            "eps": 1.79
        },
        "2009": {
            "cash": 0.97,
            "stock": 0,
            "eps": 1.33
        },
        "2010": {
            "cash": 1.51,
            "stock": 0,
            "eps": 4.89
        },
        "2011": {
            "cash": 6.970000000000001,
            "stock": 0,
            "eps": 3.49
        },
        "2012": {
            "cash": 0,
            "stock": 0,
            "eps": 2.26
        },
        "2013": {
            "cash": 1.8,
            "stock": 0,
            "eps": 4.73
        },
        "2014": {
            "cash": 2.4,
            "stock": 0,
            "eps": 3.14
        },
        "2015": {
            "cash": 2.5,
            "stock": 0,
            "eps": 5.23
        },
        "2016": {
            "cash": 4.5,
            "stock": 0,
            "eps": 6.52
        },
        "2017": {
            "cash": 6,
            "stock": 0,
            "eps": 5.11
        },
        "2018": {
            "cash": 6,
            "stock": 0,
            "eps": 9.79
        },
        "2019": {
            "cash": 10,
            "stock": 0,
            "eps": 14.77
        },
        "2020": {
            "cash": 13,
            "stock": 0,
            "eps": 21.15
        },
        "2021": {
            "cash": 17,
            "stock": 0,
            "eps": 14.53
        },
        "2022": {
            "cash": 13,
            "stock": 0,
            "eps": 21.28
        },
        "2023": {
            "cash": 15,
            "stock": 0,
            "eps": 6.01
        }
    },
    "dividends": {
        "1998-05-11": {
            "cash": 0,
            "stock": 2.5
        },
        "1999-06-07": {
            "cash": 0.3,
            "stock": 2.5
        },
        "2000-05-26": {
            "cash": 2.9,
            "stock": 2.9
        },
        "2001-05-16": {
            "cash": 2.5,
            "stock": 2.5
        },
        "2002-05-20": {
            "cash": 1.7,
            "stock": 1.7
        },
        "2003-03-04": {
            "cash": 1.5,
            "stock": 0.5
        },
        "2004-03-08": {
            "cash": 2.12,
            "stock": 0.91
        },
        "2005-03-25": {
            "cash": 1.98,
            "stock": 0.79
        },
        "2006-04-27": {
            "cash": 2,
            "stock": 0.5
        },
        "2007-04-13": {
            "cash": 2,
            "stock": 0
        },
        "2008-04-29": {
            "cash": 2.9,
            "stock": 0
        },
        "2009-04-24": {
            "cash": 0.97,
            "stock": 0
        },
        "2010-04-29": {
            "cash": 1.51,
            "stock": 0
        },
        "2011-01-01": {
            "cash": 3,
            "stock": 0
        },
        "2011-03-31": {
            "cash": 3.97,
            "stock": 0
        },
        "2013-03-27": {
            "cash": 1.8,
            "stock": 0
        },
        "2014-06-17": {
            "cash": 2.4,
            "stock": 0
        },
        "2015-07-31": {
            "cash": 2.5,
            "stock": 0
        },
        "2016-07-27": {
            "cash": 4.5,
            "stock": 0
        },
        "2017-08-07": {
            "cash": 6,
            "stock": 0
        },
        "2018-07-27": {
            "cash": 6,
            "stock": 0
        },
        "2019-08-05": {
            "cash": 10,
            "stock": 0
        },
        "2020-07-14": {
            "cash": 13,
            "stock": 0
        },
        "2021-07-16": {
            "cash": 17,
            "stock": 0
        },
        "2022-07-25": {
            "cash": 13,
            "stock": 0
        },
        "2023-08-10": {
            "cash": 15,
            "stock": 0
        }
    },
    "prices": {
        "200101": "26.16",
        "200102": "32.60",
        "200103": "35.03",
        "200104": "34.98",
        "200105": "28.04",
        "200106": "27.22",
        "200107": "19.32",
        "200108": "19.61",
        "200109": "17.94",
        "200110": "17.35",
        "200111": "20.26",
        "200112": "26.25",
        "200201": "29.26",
        "200202": "27.48",
        "200203": "29.54",
        "200204": "41.38",
        "200205": "36.49",
        "200206": "35.97",
        "200207": "31.53",
        "200208": "32.15",
        "200209": "30.60",
        "200210": "28.55",
        "200211": "31.21",
        "200212": "30.99",
        "200301": "30.54",
        "200302": "28.97",
        "200303": "26.73",
        "200304": "26.20",
        "200305": "26.05",
        "200306": "30.99",
        "200307": "33.36",
        "200308": "37.95",
        "200309": "36.59",
        "200310": "36.36",
        "200311": "39.82",
        "200312": "45.40",
        "200401": "46.04",
        "200402": "48.20",
        "200403": "48.87",
        "200404": "49.92",
        "200405": "42.24",
        "200406": "38.27",
        "200407": "34.11",
        "200408": "30.50",
        "200409": "35.30",
        "200410": "32.84",
        "200411": "29.15",
        "200412": "29.32",
        "200501": "29.35",
        "200502": "31.55",
        "200503": "34.16",
        "200504": "33.77",
        "200505": "33.44",
        "200506": "34.31",
        "200507": "35.70",
        "200508": "32.15",
        "200509": "28.22",
        "200510": "25.92",
        "200511": "24.08",
        "200512": "26.58",
        "200601": "26.11",
        "200602": "24.35",
        "200603": "24.04",
        "200604": "25.19",
        "200605": "26.20",
        "200606": "24.50",
        "200607": "24.52",
        "200608": "21.68",
        "200609": "20.97",
        "200610": "21.93",
        "200611": "22.72",
        "200612": "23.75",
        "200701": "25.30",
        "200702": "24.91",
        "200703": "25.32",
        "200704": "28.07",
        "200705": "29.36",
        "200706": "31.85",
        "200707": "31.87",
        "200708": "30.02",
        "200709": "29.91",
        "200710": "28.87",
        "200711": "27.81",
        "200712": "26.90",
        "200801": "26.47",
        "200802": "26.80",
        "200803": "27.94",
        "200804": "29.16",
        "200805": "28.54",
        "200806": "27.20",
        "200807": "23.47",
        "200808": "22.19",
        "200809": "19.83",
        "200810": "15.52",
        "200811": "13.11",
        "200812": "11.37",
        "200901": "11.06",
        "200902": "11.16",
        "200903": "12.58",
        "200904": "14.26",
        "200905": "15.04",
        "200906": "15.14",
        "200907": "15.17",
        "200908": "15.21",
        "200909": "15.44",
        "200910": "17.66",
        "200911": "22.02",
        "200912": "26.58",
        "201001": "27.26",
        "201002": "29.17",
        "201003": "31.48",
        "201004": "30.64",
        "201005": "29.42",
        "201006": "30.14",
        "201007": "37.92",
        "201008": "44.06",
        "201009": "45.00",
        "201010": "39.62",
        "201011": "39.79",
        "201012": "43.01",
        "201101": "43.24",
        "201102": "42.41",
        "201103": "40.45",
        "201104": "43.43",
        "201105": "42.95",
        "201106": "42.50",
        "201107": "38.47",
        "201108": "28.86",
        "201109": "29.20",
        "201110": "30.72",
        "201111": "28.04",
        "201112": "25.60",
        "201201": "26.33",
        "201202": "30.36",
        "201203": "32.17",
        "201204": "29.84",
        "201205": "27.14",
        "201206": "27.60",
        "201207": "26.13",
        "201208": "24.02",
        "201209": "24.51",
        "201210": "25.62",
        "201211": "24.65",
        "201212": "24.41",
        "201301": "24.68",
        "201302": "25.01",
        "201303": "27.59",
        "201304": "28.30",
        "201305": "30.94",
        "201306": "29.33",
        "201307": "29.11",
        "201308": "29.48",
        "201309": "30.84",
        "201310": "31.28",
        "201311": "32.92",
        "201312": "36.70",
        "201401": "38.84",
        "201402": "39.19",
        "201403": "38.62",
        "201404": "35.70",
        "201405": "33.35",
        "201406": "33.42",
        "201407": "30.61",
        "201408": "29.86",
        "201409": "31.24",
        "201410": "29.05",
        "201411": "28.79",
        "201412": "29.81",
        "201501": "30.68",
        "201502": "31.57",
        "201503": "33.45",
        "201504": "34.60",
        "201505": "35.20",
        "201506": "33.72",
        "201507": "31.35",
        "201508": "31.27",
        "201509": "32.63",
        "201510": "38.30",
        "201511": "39.78",
        "201512": "42.92",
        "201601": "41.91",
        "201602": "46.82",
        "201603": "51.51",
        "201604": "48.98",
        "201605": "46.60",
        "201606": "49.76",
        "201607": "47.36",
        "201608": "49.12",
        "201609": "49.12",
        "201610": "47.51",
        "201611": "47.30",
        "201612": "48.82",
        "201701": "50.72",
        "201702": "56.38",
        "201703": "60.42",
        "201704": "65.26",
        "201705": "66.11",
        "201706": "70.58",
        "201707": "62.30",
        "201708": "55.97",
        "201709": "53.82",
        "201710": "54.73",
        "201711": "55.42",
        "201712": "59.10",
        "201801": "59.87",
        "201802": "59.21",
        "201803": "59.75",
        "201804": "64.53",
        "201805": "64.96",
        "201806": "66.30",
        "201807": "57.55",
        "201808": "59.68",
        "201809": "60.12",
        "201810": "56.68",
        "201811": "59.82",
        "201812": "85.97",
        "201901": "93.81",
        "201902": "98.16",
        "201903": "106.58",
        "201904": "118.15",
        "201905": "146.91",
        "201906": "148.24",
        "201907": "154.61",
        "201908": "152.55",
        "201909": "158.66",
        "201910": "158.38",
        "201911": "167.19",
        "201912": "185.05",
        "202001": "193.57",
        "202002": "186.37",
        "202003": "163.32",
        "202004": "180.85",
        "202005": "196.05",
        "202006": "211.95",
        "202007": "208.48",
        "202008": "206.83",
        "202009": "199.25",
        "202010": "199.05",
        "202011": "212.62",
        "202012": "218.63",
        "202101": "233.18",
        "202102": "240.77",
        "202103": "238.61",
        "202104": "254.58",
        "202105": "227.05",
        "202106": "227.12",
        "202107": "205.20",
        "202108": "194.11",
        "202109": "182.38",
        "202110": "179.30",
        "202111": "184.59",
        "202112": "174.68",
        "202201": "182.11",
        "202202": "177.87",
        "202203": "188.24",
        "202204": "181.37",
        "202205": "177.00",
        "202206": "174.95",
        "202207": "143.14",
        "202208": "156.63",
        "202209": "161.40",
        "202210": "146.08",
        "202211": "165.11",
        "202212": "183.86",
        "202301": "192.92",
        "202302": "216.69",
        "202303": "225.59",
        "202304": "213.03",
        "202305": "223.27",
        "202306": "224.90"
    },
    "quarters": {
        "20011": {
            "year_quarter": 20011,
            "year": 2001,
            "quarter": 1,
            "eps": 0.53,
            "eps_growth_year": 3.92,
            "eps_4q": 2.74,
            "eps_4q_growth_year": -11.72,
            "roe": 3.09,
            "roe_4q": 3.09,
            "gross_profit": 158813,
            "gross_margin": 14.38,
            "gross_margin_4q_avg": 14.38,
            "net_income": 76076,
            "revenue": 1104718,
            "common_shares": 1453129,
            "book_valuer_per_share": 17.17,
            "book_valuer_per_share_4q_avg": 17.17,
            "equity": 2495403,
            "current_ratio": 170.43,
            "debt_ratio": 44.57,
            "inventory_turnover_ratio": 0.8,
            "account_receivable_turnover_ratio": null,
            "reinvestment_rate": null,
            "research_to_sale_ratio": null,
            "price_fair": 0,
            "eps_avg_yearly": 0,
            "eps_latest_yearly": 0,
            "eps_growth_yearly": 0
        },
        "20012": {
            "year_quarter": 20012,
            "year": 2001,
            "quarter": 2,
            "eps": 0.48,
            "eps_growth_year": -51.52,
            "eps_4q": 2.44,
            "eps_4q_growth_year": -20.12,
            "roe": 2.85,
            "roe_4q": 5.9399999999999995,
            "gross_profit": 141125,
            "gross_margin": 17.98,
            "gross_margin_4q_avg": 16.18,
            "net_income": 68752,
            "revenue": 784971,
            "common_shares": 1453129,
            "book_valuer_per_share": 16.04,
            "book_valuer_per_share_4q_avg": 16.61,
            "equity": 2331127,
            "current_ratio": 185.63,
            "debt_ratio": 38.39,
            "inventory_turnover_ratio": 0.87,
            "account_receivable_turnover_ratio": null,
            "reinvestment_rate": null,
            "research_to_sale_ratio": null,
            "price_fair": 0,
            "eps_avg_yearly": 0,
            "eps_latest_yearly": 0,
            "eps_growth_yearly": 0
        },
        "20013": {
            "year_quarter": 20013,
            "year": 2001,
            "quarter": 3,
            "eps": 0.36,
            "eps_growth_year": -48.57,
            "eps_4q": 1.89,
            "eps_4q_growth_year": -17.09,
            "roe": 2.53,
            "roe_4q": 8.469999999999999,
            "gross_profit": 107898,
            "gross_margin": 17.6,
            "gross_margin_4q_avg": 16.65,
            "net_income": 58080,
            "revenue": 612929,
            "common_shares": 1636755,
            "book_valuer_per_share": 13.78,
            "book_valuer_per_share_4q_avg": 15.66,
            "equity": 2255306,
            "current_ratio": 172.17,
            "debt_ratio": 41.63,
            "inventory_turnover_ratio": 0.78,
            "account_receivable_turnover_ratio": null,
            "reinvestment_rate": null,
            "research_to_sale_ratio": null,
            "price_fair": 0,
            "eps_avg_yearly": 0,
            "eps_latest_yearly": 0,
            "eps_growth_yearly": 0
        },
        "20014": {
            "year_quarter": 20014,
            "year": 2001,
            "quarter": 4,
            "eps": 0.92,
            "eps_growth_year": 29.58,
            "eps_4q": 2.22,
            "eps_4q_growth_year": -14.51,
            "roe": 6.33,
            "roe_4q": 14.799999999999999,
            "gross_profit": 220405,
            "gross_margin": 14.67,
            "gross_margin_4q_avg": 16.16,
            "net_income": 143501,
            "revenue": 1502168,
            "common_shares": 1636755,
            "book_valuer_per_share": 13.92,
            "book_valuer_per_share_4q_avg": 15.23,
            "equity": 2277963,
            "current_ratio": 161.43,
            "debt_ratio": 44.91,
            "inventory_turnover_ratio": 2.16,
            "account_receivable_turnover_ratio": null,
            "reinvestment_rate": null,
            "research_to_sale_ratio": null,
            "price_fair": 0,
            "eps_avg_yearly": 0,
            "eps_latest_yearly": 0,
            "eps_growth_yearly": 0
        },
        "20021": {
            "year_quarter": 20021,
            "year": 2002,
            "quarter": 1,
            "eps": 0.48,
            "eps_growth_year": -9.43,
            "eps_4q": 2.31,
            "eps_4q_growth_year": -15.58,
            "roe": 3.05,
            "roe_4q": 14.759999999999998,
            "gross_profit": 120105,
            "gross_margin": 15.89,
            "gross_margin_4q_avg": 16.54,
            "net_income": 70714,
            "revenue": 756041,
            "common_shares": 1636755,
            "book_valuer_per_share": 14.42,
            "book_valuer_per_share_4q_avg": 14.54,
            "equity": 2360306,
            "current_ratio": 176.4,
            "debt_ratio": 38.96,
            "inventory_turnover_ratio": 1.17,
            "account_receivable_turnover_ratio": null,
            "reinvestment_rate": null,
            "research_to_sale_ratio": null,
            "price_fair": 5.76,
            "eps_avg_yearly": 1.92,
            "eps_latest_yearly": 1.92,
            "eps_growth_yearly": -191.3
        },
        "20022": {
            "year_quarter": 20022,
            "year": 2002,
            "quarter": 2,
            "eps": 0.86,
            "eps_growth_year": 79.17,
            "eps_4q": 2.71,
            "eps_4q_growth_year": 11.01,
            "roe": 5.37,
            "roe_4q": 17.28,
            "gross_profit": 271224,
            "gross_margin": 16.14,
            "gross_margin_4q_avg": 16.08,
            "net_income": 126785,
            "revenue": 1680892,
            "common_shares": 1636755,
            "book_valuer_per_share": 14.43,
            "book_valuer_per_share_4q_avg": 14.14,
            "equity": 2362327,
            "current_ratio": 157.04,
            "debt_ratio": 46.96,
            "inventory_turnover_ratio": 2.02,
            "account_receivable_turnover_ratio": null,
            "reinvestment_rate": null,
            "research_to_sale_ratio": null,
            "price_fair": 93.8,
            "eps_avg_yearly": 2.68,
            "eps_latest_yearly": 3.44,
            "eps_growth_yearly": 62.68
        },
        "20023": {
            "year_quarter": 20023,
            "year": 2002,
            "quarter": 3,
            "eps": 1.08,
            "eps_growth_year": 200,
            "eps_4q": 3.17,
            "eps_4q_growth_year": 67.42,
            "roe": 7.18,
            "roe_4q": 21.93,
            "gross_profit": 332694,
            "gross_margin": 11.36,
            "gross_margin_4q_avg": 14.52,
            "net_income": 176002,
            "revenue": 2929886,
            "common_shares": 1792158,
            "book_valuer_per_share": 14.17,
            "book_valuer_per_share_4q_avg": 14.24,
            "equity": 2538789,
            "current_ratio": 135.05,
            "debt_ratio": 60.6,
            "inventory_turnover_ratio": 2.46,
            "account_receivable_turnover_ratio": null,
            "reinvestment_rate": null,
            "research_to_sale_ratio": null,
            "price_fair": 112.93,
            "eps_avg_yearly": 3.23,
            "eps_latest_yearly": 4.32,
            "eps_growth_yearly": 75.9
        },
        "20024": {
            "year_quarter": 20024,
            "year": 2002,
            "quarter": 4,
            "eps": 0.5,
            "eps_growth_year": -45.65,
            "eps_4q": 2.8,
            "eps_4q_growth_year": 26.02,
            "roe": 3.15,
            "roe_4q": 18.75,
            "gross_profit": 302906,
            "gross_margin": 13.14,
            "gross_margin_4q_avg": 14.13,
            "net_income": 81238,
            "revenue": 2306007,
            "common_shares": 1792158,
            "book_valuer_per_share": 14.62,
            "book_valuer_per_share_4q_avg": 14.41,
            "equity": 2620044,
            "current_ratio": 152.33,
            "debt_ratio": 53.21,
            "inventory_turnover_ratio": 1.8,
            "account_receivable_turnover_ratio": null,
            "reinvestment_rate": 4.33,
            "research_to_sale_ratio": null,
            "price_fair": 38.6,
            "eps_avg_yearly": 2.92,
            "eps_latest_yearly": 2,
            "eps_growth_yearly": 3.22
        },
        "20031": {
            "year_quarter": 20031,
            "year": 2003,
            "quarter": 1,
            "eps": 0.45,
            "eps_growth_year": -6.25,
            "eps_4q": 2.84,
            "eps_4q_growth_year": 22.55,
            "roe": 2.73,
            "roe_4q": 18.43,
            "gross_profit": 198284,
            "gross_margin": 14.19,
            "gross_margin_4q_avg": 13.71,
            "net_income": 72398,
            "revenue": 1396965,
            "common_shares": 1792158,
            "book_valuer_per_share": 15.02,
            "book_valuer_per_share_4q_avg": 14.56,
            "equity": 2692442,
            "current_ratio": 155.73,
            "debt_ratio": 51.29,
            "inventory_turnover_ratio": 1.32,
            "account_receivable_turnover_ratio": null,
            "reinvestment_rate": 5.09,
            "research_to_sale_ratio": null,
            "price_fair": 8.09,
            "eps_avg_yearly": 2.7,
            "eps_latest_yearly": 1.8,
            "eps_growth_yearly": -5.43
        },
        "20032": {
            "year_quarter": 20032,
            "year": 2003,
            "quarter": 2,
            "eps": 1.29,
            "eps_growth_year": 50,
            "eps_4q": 3.32,
            "eps_4q_growth_year": 22.47,
            "roe": 7.89,
            "roe_4q": 20.95,
            "gross_profit": 343041,
            "gross_margin": 11.8,
            "gross_margin_4q_avg": 12.62,
            "net_income": 209957,
            "revenue": 2907331,
            "common_shares": 1792158,
            "book_valuer_per_share": 14.69,
            "book_valuer_per_share_4q_avg": 14.63,
            "equity": 2631872,
            "current_ratio": 144.83,
            "debt_ratio": 56.99,
            "inventory_turnover_ratio": 2.22,
            "account_receivable_turnover_ratio": null,
            "reinvestment_rate": 0.64,
            "research_to_sale_ratio": null,
            "price_fair": 108.73,
            "eps_avg_yearly": 3.11,
            "eps_latest_yearly": 5.16,
            "eps_growth_yearly": 119.92
        },
        "20033": {
            "year_quarter": 20033,
            "year": 2003,
            "quarter": 3,
            "eps": 1.15,
            "eps_growth_year": 6.48,
            "eps_4q": 3.27,
            "eps_4q_growth_year": 2.97,
            "roe": 7.23,
            "roe_4q": 21,
            "gross_profit": 231060,
            "gross_margin": 12.04,
            "gross_margin_4q_avg": 12.79,
            "net_income": 197539,
            "revenue": 1918598,
            "common_shares": 1888398,
            "book_valuer_per_share": 14.98,
            "book_valuer_per_share_4q_avg": 14.83,
            "equity": 2829716,
            "current_ratio": 146.15,
            "debt_ratio": 54.1,
            "inventory_turnover_ratio": 1.21,
            "account_receivable_turnover_ratio": null,
            "reinvestment_rate": 3.14,
            "research_to_sale_ratio": null,
            "price_fair": 116.2,
            "eps_avg_yearly": 3.32,
            "eps_latest_yearly": 4.6,
            "eps_growth_yearly": 96.59
        },
        "20034": {
            "year_quarter": 20034,
            "year": 2003,
            "quarter": 4,
            "eps": 0.88,
            "eps_growth_year": 76,
            "eps_4q": 3.67,
            "eps_4q_growth_year": 31.24,
            "roe": 5.08,
            "roe_4q": 22.93,
            "gross_profit": 218923,
            "gross_margin": 15.32,
            "gross_margin_4q_avg": 13.34,
            "net_income": 151195,
            "revenue": 1429056,
            "common_shares": 1888398,
            "book_valuer_per_share": 16.57,
            "book_valuer_per_share_4q_avg": 15.32,
            "equity": 3128449,
            "current_ratio": 208.36,
            "debt_ratio": 48.62,
            "inventory_turnover_ratio": 0.82,
            "account_receivable_turnover_ratio": null,
            "reinvestment_rate": 2.26,
            "research_to_sale_ratio": null,
            "price_fair": 117.08,
            "eps_avg_yearly": 3.35,
            "eps_latest_yearly": 3.52,
            "eps_growth_yearly": 72.78
        },
        "20041": {
            "year_quarter": 20041,
            "year": 2004,
            "quarter": 1,
            "eps": 0.84,
            "eps_growth_year": 86.67,
            "eps_4q": 3.91,
            "eps_4q_growth_year": 37.9,
            "roe": 4.65,
            "roe_4q": 24.85,
            "gross_profit": 237429,
            "gross_margin": 18.5,
            "gross_margin_4q_avg": 14.42,
            "net_income": 152754,
            "revenue": 1283278,
            "common_shares": 1902097,
            "book_valuer_per_share": 18.09,
            "book_valuer_per_share_4q_avg": 16.08,
            "equity": 3441094,
            "current_ratio": 211.82,
            "debt_ratio": 45.28,
            "inventory_turnover_ratio": 0.68,
            "account_receivable_turnover_ratio": null,
            "reinvestment_rate": 2.4,
            "research_to_sale_ratio": null,
            "price_fair": 117.13,
            "eps_avg_yearly": 3.35,
            "eps_latest_yearly": 3.36,
            "eps_growth_yearly": 62.67
        },
        "20042": {
            "year_quarter": 20042,
            "year": 2004,
            "quarter": 2,
            "eps": 0.88,
            "eps_growth_year": -31.78,
            "eps_4q": 3.64,
            "eps_4q_growth_year": 9.85,
            "roe": 4.81,
            "roe_4q": 21.770000000000003,
            "gross_profit": 315822,
            "gross_margin": 17.19,
            "gross_margin_4q_avg": 15.76,
            "net_income": 159793,
            "revenue": 1837374,
            "common_shares": 1945937,
            "book_valuer_per_share": 16.47,
            "book_valuer_per_share_4q_avg": 16.53,
            "equity": 3205550,
            "current_ratio": 191.67,
            "debt_ratio": 48.42,
            "inventory_turnover_ratio": 0.96,
            "account_receivable_turnover_ratio": null,
            "reinvestment_rate": 3.97,
            "research_to_sale_ratio": null,
            "price_fair": 117.74,
            "eps_avg_yearly": 3.36,
            "eps_latest_yearly": 3.52,
            "eps_growth_yearly": 58.31
        },
        "20043": {
            "year_quarter": 20043,
            "year": 2004,
            "quarter": 3,
            "eps": 1.09,
            "eps_growth_year": -5.22,
            "eps_4q": 3.39,
            "eps_4q_growth_year": 3.81,
            "roe": 6.55,
            "roe_4q": 21.089999999999996,
            "gross_profit": 393798,
            "gross_margin": 14.9,
            "gross_margin_4q_avg": 16.48,
            "net_income": 219676,
            "revenue": 2642049,
            "common_shares": 2147379,
            "book_valuer_per_share": 16.32,
            "book_valuer_per_share_4q_avg": 16.86,
            "equity": 3504591,
            "current_ratio": 178.97,
            "debt_ratio": 51.5,
            "inventory_turnover_ratio": 1.45,
            "account_receivable_turnover_ratio": null,
            "reinvestment_rate": 4.24,
            "research_to_sale_ratio": null,
            "price_fair": 120.91,
            "eps_avg_yearly": 3.45,
            "eps_latest_yearly": 4.36,
            "eps_growth_yearly": 61.69
        },
        "20044": {
            "year_quarter": 20044,
            "year": 2004,
            "quarter": 4,
            "eps": 1.26,
            "eps_growth_year": 43.18,
            "eps_4q": 3.88,
            "eps_4q_growth_year": 5.62,
            "roe": 6.92,
            "roe_4q": 22.93,
            "gross_profit": 458687,
            "gross_margin": 12.99,
            "gross_margin_4q_avg": 15.9,
            "net_income": 256006,
            "revenue": 3530667,
            "common_shares": 2147379,
            "book_valuer_per_share": 18.13,
            "book_valuer_per_share_4q_avg": 17.25,
            "equity": 3892790,
            "current_ratio": 163.72,
            "debt_ratio": 51.11,
            "inventory_turnover_ratio": 1.46,
            "account_receivable_turnover_ratio": null,
            "reinvestment_rate": 1.57,
            "research_to_sale_ratio": null,
            "price_fair": 125.53,
            "eps_avg_yearly": 3.59,
            "eps_latest_yearly": 5.04,
            "eps_growth_yearly": 61.74
        },
        "20051": {
            "year_quarter": 20051,
            "year": 2005,
            "quarter": 1,
            "eps": 1.09,
            "eps_growth_year": 29.76,
            "eps_4q": 4.05,
            "eps_4q_growth_year": 3.55,
            "roe": 5.83,
            "roe_4q": 24.11,
            "gross_profit": 420352,
            "gross_margin": 13.74,
            "gross_margin_4q_avg": 14.71,
            "net_income": 233920,
            "revenue": 3059351,
            "common_shares": 2147379,
            "book_valuer_per_share": 19.22,
            "book_valuer_per_share_4q_avg": 17.54,
            "equity": 4126318,
            "current_ratio": 162.43,
            "debt_ratio": 51.83,
            "inventory_turnover_ratio": 0.99,
            "account_receivable_turnover_ratio": null,
            "reinvestment_rate": 1.4,
            "research_to_sale_ratio": null,
            "price_fair": 127.62,
            "eps_avg_yearly": 3.65,
            "eps_latest_yearly": 4.36,
            "eps_growth_yearly": 52.84
        },
        "20052": {
            "year_quarter": 20052,
            "year": 2005,
            "quarter": 2,
            "eps": 0.92,
            "eps_growth_year": 4.55,
            "eps_4q": 4.22,
            "eps_4q_growth_year": 15.75,
            "roe": 4.95,
            "roe_4q": 24.250000000000004,
            "gross_profit": 370920,
            "gross_margin": 12.25,
            "gross_margin_4q_avg": 13.47,
            "net_income": 198099,
            "revenue": 3028727,
            "common_shares": 2147379,
            "book_valuer_per_share": 18.03,
            "book_valuer_per_share_4q_avg": 17.93,
            "equity": 3872227,
            "current_ratio": 160.98,
            "debt_ratio": 52.55,
            "inventory_turnover_ratio": 1.26,
            "account_receivable_turnover_ratio": null,
            "reinvestment_rate": 1.28,
            "research_to_sale_ratio": null,
            "price_fair": 127.7,
            "eps_avg_yearly": 3.65,
            "eps_latest_yearly": 3.68,
            "eps_growth_yearly": 44.61
        },
        "20053": {
            "year_quarter": 20053,
            "year": 2005,
            "quarter": 3,
            "eps": 0.57,
            "eps_growth_year": -47.71,
            "eps_4q": 3.74,
            "eps_4q_growth_year": 10.2,
            "roe": 3.12,
            "roe_4q": 20.82,
            "gross_profit": 269420,
            "gross_margin": 20.4,
            "gross_margin_4q_avg": 14.85,
            "net_income": 123839,
            "revenue": 1320936,
            "common_shares": 2366127,
            "book_valuer_per_share": 17.13,
            "book_valuer_per_share_4q_avg": 18.13,
            "equity": 4053679,
            "current_ratio": 193.94,
            "debt_ratio": 42.82,
            "inventory_turnover_ratio": 0.72,
            "account_receivable_turnover_ratio": null,
            "reinvestment_rate": 1.13,
            "research_to_sale_ratio": null,
            "price_fair": 124.51,
            "eps_avg_yearly": 3.56,
            "eps_latest_yearly": 2.28,
            "eps_growth_yearly": 31.49
        },
        "20054": {
            "year_quarter": 20054,
            "year": 2005,
            "quarter": 4,
            "eps": 0.49,
            "eps_growth_year": -61.11,
            "eps_4q": 2.84,
            "eps_4q_growth_year": -26.87,
            "roe": 2.76,
            "roe_4q": 16.66,
            "gross_profit": 171120,
            "gross_margin": 12.76,
            "gross_margin_4q_avg": 14.79,
            "net_income": 116049,
            "revenue": 1340942,
            "common_shares": 2366127,
            "book_valuer_per_share": 17.65,
            "book_valuer_per_share_4q_avg": 18.01,
            "equity": 4358245,
            "current_ratio": 186.2,
            "debt_ratio": 46.72,
            "inventory_turnover_ratio": 0.81,
            "account_receivable_turnover_ratio": null,
            "reinvestment_rate": 8.61,
            "research_to_sale_ratio": null,
            "price_fair": 121.01,
            "eps_avg_yearly": 3.46,
            "eps_latest_yearly": 1.96,
            "eps_growth_yearly": 26.02
        },
        "20061": {
            "year_quarter": 20061,
            "year": 2006,
            "quarter": 1,
            "eps": 0.54,
            "eps_growth_year": -50.46,
            "eps_4q": 2.41,
            "eps_4q_growth_year": -40.47,
            "roe": 2.92,
            "roe_4q": 13.75,
            "gross_profit": 193798,
            "gross_margin": 19.06,
            "gross_margin_4q_avg": 16.12,
            "net_income": 126362,
            "revenue": 1016591,
            "common_shares": 2366127,
            "book_valuer_per_share": 18.18,
            "book_valuer_per_share_4q_avg": 17.75,
            "equity": 4302136,
            "current_ratio": 216.89,
            "debt_ratio": 40.48,
            "inventory_turnover_ratio": 0.54,
            "account_receivable_turnover_ratio": null,
            "reinvestment_rate": 4.78,
            "research_to_sale_ratio": null,
            "price_fair": 121.54,
            "eps_avg_yearly": 3.47,
            "eps_latest_yearly": 2.16,
            "eps_growth_yearly": 40.52
        },
        "20062": {
            "year_quarter": 20062,
            "year": 2006,
            "quarter": 2,
            "eps": 0.52,
            "eps_growth_year": -43.48,
            "eps_4q": 2.08,
            "eps_4q_growth_year": -50.69,
            "roe": 2.97,
            "roe_4q": 11.77,
            "gross_profit": 232862,
            "gross_margin": 11.94,
            "gross_margin_4q_avg": 16.04,
            "net_income": 122181,
            "revenue": 1950923,
            "common_shares": 2366127,
            "book_valuer_per_share": 16.57,
            "book_valuer_per_share_4q_avg": 17.38,
            "equity": 3919565,
            "current_ratio": 172.21,
            "debt_ratio": 50.38,
            "inventory_turnover_ratio": 1.02,
            "account_receivable_turnover_ratio": null,
            "reinvestment_rate": 4.74,
            "research_to_sale_ratio": null,
            "price_fair": 100.97,
            "eps_avg_yearly": 3.39,
            "eps_latest_yearly": 2.08,
            "eps_growth_yearly": 19.81
        },
        "20063": {
            "year_quarter": 20063,
            "year": 2006,
            "quarter": 3,
            "eps": 0.71,
            "eps_growth_year": 24.56,
            "eps_4q": 2.17,
            "eps_4q_growth_year": -42.03,
            "roe": 4.43,
            "roe_4q": 13.08,
            "gross_profit": 304616,
            "gross_margin": 11.64,
            "gross_margin_4q_avg": 13.85,
            "net_income": 177768,
            "revenue": 2616611,
            "common_shares": 2510724,
            "book_valuer_per_share": 16.34,
            "book_valuer_per_share_4q_avg": 17.19,
            "equity": 4103135,
            "current_ratio": 179.07,
            "debt_ratio": 47.65,
            "inventory_turnover_ratio": 1.08,
            "account_receivable_turnover_ratio": null,
            "reinvestment_rate": 4.79,
            "research_to_sale_ratio": null,
            "price_fair": 107.24,
            "eps_avg_yearly": 3.3,
            "eps_latest_yearly": 2.84,
            "eps_growth_yearly": 22.55
        },
        "20064": {
            "year_quarter": 20064,
            "year": 2006,
            "quarter": 4,
            "eps": 0.87,
            "eps_growth_year": 77.55,
            "eps_4q": 2.58,
            "eps_4q_growth_year": -9.04,
            "roe": 5.11,
            "roe_4q": 15.43,
            "gross_profit": 278065,
            "gross_margin": 15.32,
            "gross_margin_4q_avg": 14.49,
            "net_income": 216841,
            "revenue": 1814652,
            "common_shares": 2510724,
            "book_valuer_per_share": 17.3,
            "book_valuer_per_share_4q_avg": 17.1,
            "equity": 4376543,
            "current_ratio": 181.07,
            "debt_ratio": 48.44,
            "inventory_turnover_ratio": 0.64,
            "account_receivable_turnover_ratio": null,
            "reinvestment_rate": 7.09,
            "research_to_sale_ratio": null,
            "price_fair": 118.56,
            "eps_avg_yearly": 3.39,
            "eps_latest_yearly": 3.48,
            "eps_growth_yearly": 41.6
        },
        "20071": {
            "year_quarter": 20071,
            "year": 2007,
            "quarter": 1,
            "eps": 0.86,
            "eps_growth_year": 59.26,
            "eps_4q": 2.93,
            "eps_4q_growth_year": 21.44,
            "roe": 4.81,
            "roe_4q": 17.32,
            "gross_profit": 344109,
            "gross_margin": 15.09,
            "gross_margin_4q_avg": 13.5,
            "net_income": 214829,
            "revenue": 2281027,
            "common_shares": 2510724,
            "book_valuer_per_share": 18.16,
            "book_valuer_per_share_4q_avg": 17.09,
            "equity": 4559712,
            "current_ratio": 165.96,
            "debt_ratio": 51.15,
            "inventory_turnover_ratio": 0.86,
            "account_receivable_turnover_ratio": null,
            "reinvestment_rate": 4.73,
            "research_to_sale_ratio": null,
            "price_fair": 122.15,
            "eps_avg_yearly": 3.49,
            "eps_latest_yearly": 3.44,
            "eps_growth_yearly": 43.82
        },
        "20072": {
            "year_quarter": 20072,
            "year": 2007,
            "quarter": 2,
            "eps": 0.99,
            "eps_growth_year": 90.38,
            "eps_4q": 3.42,
            "eps_4q_growth_year": 64.63,
            "roe": 5.6,
            "roe_4q": 19.95,
            "gross_profit": 348422,
            "gross_margin": 13.09,
            "gross_margin_4q_avg": 13.79,
            "net_income": 248070,
            "revenue": 2661863,
            "common_shares": 2510724,
            "book_valuer_per_share": 17.12,
            "book_valuer_per_share_4q_avg": 17.23,
            "equity": 4298719,
            "current_ratio": 151.29,
            "debt_ratio": 55.78,
            "inventory_turnover_ratio": 1.36,
            "account_receivable_turnover_ratio": null,
            "reinvestment_rate": 4.88,
            "research_to_sale_ratio": null,
            "price_fair": 34.15,
            "eps_avg_yearly": 3.42,
            "eps_latest_yearly": 3.96,
            "eps_growth_yearly": 0.93
        },
        "20073": {
            "year_quarter": 20073,
            "year": 2007,
            "quarter": 3,
            "eps": 0.93,
            "eps_growth_year": 30.99,
            "eps_4q": 3.64,
            "eps_4q_growth_year": 67.82,
            "roe": 5.31,
            "roe_4q": 20.83,
            "gross_profit": 264755,
            "gross_margin": 15.43,
            "gross_margin_4q_avg": 14.73,
            "net_income": 233676,
            "revenue": 1716285,
            "common_shares": 2510724,
            "book_valuer_per_share": 17.91,
            "book_valuer_per_share_4q_avg": 17.62,
            "equity": 4496407,
            "current_ratio": 176.9,
            "debt_ratio": 47.47,
            "inventory_turnover_ratio": 1,
            "account_receivable_turnover_ratio": null,
            "reinvestment_rate": 2.67,
            "research_to_sale_ratio": null,
            "price_fair": 40.75,
            "eps_avg_yearly": 3.36,
            "eps_latest_yearly": 3.72,
            "eps_growth_yearly": 2.13
        },
        "20074": {
            "year_quarter": 20074,
            "year": 2007,
            "quarter": 4,
            "eps": 0.82,
            "eps_growth_year": -5.75,
            "eps_4q": 3.61,
            "eps_4q_growth_year": 39.72,
            "roe": 4.47,
            "roe_4q": 20.189999999999998,
            "gross_profit": 222277,
            "gross_margin": 9.14,
            "gross_margin_4q_avg": 13.19,
            "net_income": 205059,
            "revenue": 2432699,
            "common_shares": 2510724,
            "book_valuer_per_share": 18.49,
            "book_valuer_per_share_4q_avg": 17.92,
            "equity": 4680196,
            "current_ratio": 179.16,
            "debt_ratio": 49.95,
            "inventory_turnover_ratio": 1.24,
            "account_receivable_turnover_ratio": null,
            "reinvestment_rate": 4.6,
            "research_to_sale_ratio": null,
            "price_fair": 50.31,
            "eps_avg_yearly": 3.35,
            "eps_latest_yearly": 3.28,
            "eps_growth_yearly": 5.04
        },
        "20081": {
            "year_quarter": 20081,
            "year": 2008,
            "quarter": 1,
            "eps": 0.36,
            "eps_growth_year": -58.14,
            "eps_4q": 3.21,
            "eps_4q_growth_year": 9.62,
            "roe": 1.85,
            "roe_4q": 17.229999999999997,
            "gross_profit": 277517,
            "gross_margin": 15.04,
            "gross_margin_4q_avg": 13.18,
            "net_income": 87042,
            "revenue": 1844708,
            "common_shares": 2510724,
            "book_valuer_per_share": 18.79,
            "book_valuer_per_share_4q_avg": 18.08,
            "equity": 4752600,
            "current_ratio": 189.47,
            "debt_ratio": 47.29,
            "inventory_turnover_ratio": 0.75,
            "account_receivable_turnover_ratio": null,
            "reinvestment_rate": 4.56,
            "research_to_sale_ratio": null,
            "price_fair": 9.68,
            "eps_avg_yearly": 3.23,
            "eps_latest_yearly": 1.44,
            "eps_growth_yearly": -7.85
        },
        "20082": {
            "year_quarter": 20082,
            "year": 2008,
            "quarter": 2,
            "eps": 0.5,
            "eps_growth_year": -49.49,
            "eps_4q": 2.62,
            "eps_4q_growth_year": -23.51,
            "roe": 2.84,
            "roe_4q": 14.469999999999999,
            "gross_profit": 242292,
            "gross_margin": 11.69,
            "gross_margin_4q_avg": 12.83,
            "net_income": 125005,
            "revenue": 2072767,
            "common_shares": 2510724,
            "book_valuer_per_share": 16.05,
            "book_valuer_per_share_4q_avg": 17.81,
            "equity": 4052756,
            "current_ratio": 154.06,
            "debt_ratio": 58.66,
            "inventory_turnover_ratio": 0.89,
            "account_receivable_turnover_ratio": null,
            "reinvestment_rate": 4.46,
            "research_to_sale_ratio": null,
            "price_fair": 31.3,
            "eps_avg_yearly": 3.13,
            "eps_latest_yearly": 2,
            "eps_growth_yearly": 0.68
        },
        "20083": {
            "year_quarter": 20083,
            "year": 2008,
            "quarter": 3,
            "eps": 0.62,
            "eps_growth_year": -33.33,
            "eps_4q": 2.15,
            "eps_4q_growth_year": -40.76,
            "roe": 4.13,
            "roe_4q": 13.29,
            "gross_profit": 353795,
            "gross_margin": 12.53,
            "gross_margin_4q_avg": 12.1,
            "net_income": 165829,
            "revenue": 2824092,
            "common_shares": 2510724,
            "book_valuer_per_share": 15.67,
            "book_valuer_per_share_4q_avg": 17.25,
            "equity": 3971037,
            "current_ratio": 159.6,
            "debt_ratio": 56.41,
            "inventory_turnover_ratio": 1.06,
            "account_receivable_turnover_ratio": null,
            "reinvestment_rate": 4.4,
            "research_to_sale_ratio": null,
            "price_fair": 30.13,
            "eps_avg_yearly": 3.01,
            "eps_latest_yearly": 2.48,
            "eps_growth_yearly": 0.72
        },
        "20084": {
            "year_quarter": 20084,
            "year": 2008,
            "quarter": 4,
            "eps": 0.31,
            "eps_growth_year": -62.2,
            "eps_4q": 1.8,
            "eps_4q_growth_year": -50.05,
            "roe": 1.93,
            "roe_4q": 10.749999999999998,
            "gross_profit": 290051,
            "gross_margin": 9.32,
            "gross_margin_4q_avg": 12.15,
            "net_income": 76840,
            "revenue": 3113821,
            "common_shares": 2510724,
            "book_valuer_per_share": 15.67,
            "book_valuer_per_share_4q_avg": 16.55,
            "equity": 3974211,
            "current_ratio": 158.86,
            "debt_ratio": 57.15,
            "inventory_turnover_ratio": 1.37,
            "account_receivable_turnover_ratio": null,
            "reinvestment_rate": 6.64,
            "research_to_sale_ratio": null,
            "price_fair": 8.33,
            "eps_avg_yearly": 2.78,
            "eps_latest_yearly": 1.24,
            "eps_growth_yearly": -15.68
        },
        "20091": {
            "year_quarter": 20091,
            "year": 2009,
            "quarter": 1,
            "eps": 0.33,
            "eps_growth_year": -8.33,
            "eps_4q": 1.87,
            "eps_4q_growth_year": -41.71,
            "roe": 1.91,
            "roe_4q": 10.809999999999999,
            "gross_profit": 173356,
            "gross_margin": 14.31,
            "gross_margin_4q_avg": 11.96,
            "net_income": 76851,
            "revenue": 1211572,
            "common_shares": 2510724,
            "book_valuer_per_share": 16.07,
            "book_valuer_per_share_4q_avg": 15.87,
            "equity": 4071426,
            "current_ratio": 171.4,
            "debt_ratio": 52.66,
            "inventory_turnover_ratio": 0.63,
            "account_receivable_turnover_ratio": 1.9,
            "reinvestment_rate": 7.02,
            "research_to_sale_ratio": null,
            "price_fair": 7.76,
            "eps_avg_yearly": 2.59,
            "eps_latest_yearly": 1.32,
            "eps_growth_yearly": -10.69
        },
        "20092": {
            "year_quarter": 20092,
            "year": 2009,
            "quarter": 2,
            "eps": 0.28,
            "eps_growth_year": -44,
            "eps_4q": 1.55,
            "eps_4q_growth_year": -40.84,
            "roe": 1.71,
            "roe_4q": 9.68,
            "gross_profit": 265002,
            "gross_margin": 29.99,
            "gross_margin_4q_avg": 16.54,
            "net_income": 68015,
            "revenue": 883595,
            "common_shares": 2510724,
            "book_valuer_per_share": 15.32,
            "book_valuer_per_share_4q_avg": 15.68,
            "equity": 3885135,
            "current_ratio": 176.2,
            "debt_ratio": 51.14,
            "inventory_turnover_ratio": 0.4,
            "account_receivable_turnover_ratio": 0.77,
            "reinvestment_rate": 7.23,
            "research_to_sale_ratio": null,
            "price_fair": 7.28,
            "eps_avg_yearly": 2.43,
            "eps_latest_yearly": 1.12,
            "eps_growth_yearly": -10.58
        },
        "20093": {
            "year_quarter": 20093,
            "year": 2009,
            "quarter": 3,
            "eps": 0.41,
            "eps_growth_year": -33.87,
            "eps_4q": 1.26,
            "eps_4q_growth_year": -41.44,
            "roe": 2.64,
            "roe_4q": 8.19,
            "gross_profit": 187886,
            "gross_margin": 22.16,
            "gross_margin_4q_avg": 18.95,
            "net_income": 103988,
            "revenue": 847867,
            "common_shares": 2510724,
            "book_valuer_per_share": 15.84,
            "book_valuer_per_share_4q_avg": 15.73,
            "equity": 4006461,
            "current_ratio": 190.24,
            "debt_ratio": 47.32,
            "inventory_turnover_ratio": 0.48,
            "account_receivable_turnover_ratio": 0.99,
            "reinvestment_rate": 7.26,
            "research_to_sale_ratio": null,
            "price_fair": 48.97,
            "eps_avg_yearly": 2.39,
            "eps_latest_yearly": 1.64,
            "eps_growth_yearly": 10.53
        },
        "20094": {
            "year_quarter": 20094,
            "year": 2009,
            "quarter": 4,
            "eps": 0.31,
            "eps_growth_year": 0,
            "eps_4q": 1.27,
            "eps_4q_growth_year": -29.31,
            "roe": 1.92,
            "roe_4q": 8.18,
            "gross_profit": 185220,
            "gross_margin": 16.69,
            "gross_margin_4q_avg": 20.79,
            "net_income": 77705,
            "revenue": 1109952,
            "common_shares": 2510724,
            "book_valuer_per_share": 16.21,
            "book_valuer_per_share_4q_avg": 15.86,
            "equity": 4102328,
            "current_ratio": 197.72,
            "debt_ratio": 45.68,
            "inventory_turnover_ratio": 0.76,
            "account_receivable_turnover_ratio": 1.47,
            "reinvestment_rate": -0.49,
            "research_to_sale_ratio": null,
            "price_fair": 41.99,
            "eps_avg_yearly": 2.34,
            "eps_latest_yearly": 1.24,
            "eps_growth_yearly": 7.95
        },
        "20101": {
            "year_quarter": 20101,
            "year": 2010,
            "quarter": 1,
            "eps": 0.81,
            "eps_growth_year": 145.45,
            "eps_4q": 1.81,
            "eps_4q_growth_year": -3.25,
            "roe": 4.65,
            "roe_4q": 10.920000000000002,
            "gross_profit": 331722,
            "gross_margin": 26,
            "gross_margin_4q_avg": 23.71,
            "net_income": 196227,
            "revenue": 1275917,
            "common_shares": 2510724,
            "book_valuer_per_share": 17.95,
            "book_valuer_per_share_4q_avg": 16.33,
            "equity": 4343885,
            "current_ratio": 194.88,
            "debt_ratio": 46.48,
            "inventory_turnover_ratio": 1.74,
            "account_receivable_turnover_ratio": 2.09,
            "reinvestment_rate": 25.59,
            "research_to_sale_ratio": 0.76,
            "price_fair": 84.26,
            "eps_avg_yearly": 2.41,
            "eps_latest_yearly": 3.24,
            "eps_growth_yearly": 45.72
        },
        "20102": {
            "year_quarter": 20102,
            "year": 2010,
            "quarter": 2,
            "eps": 1.28,
            "eps_growth_year": 357.25,
            "eps_4q": 2.79,
            "eps_4q_growth_year": 80.23,
            "roe": 7.17,
            "roe_4q": 16.38,
            "gross_profit": 345811,
            "gross_margin": 13.78,
            "gross_margin_4q_avg": 19.66,
            "net_income": 312086,
            "revenue": 2508641,
            "common_shares": 2510724,
            "book_valuer_per_share": 17.77,
            "book_valuer_per_share_4q_avg": 16.94,
            "equity": 4365657,
            "current_ratio": 168.85,
            "debt_ratio": 52.93,
            "inventory_turnover_ratio": 93.69,
            "account_receivable_turnover_ratio": 2.14,
            "reinvestment_rate": 29.62,
            "research_to_sale_ratio": 0.49,
            "price_fair": 90.91,
            "eps_avg_yearly": 2.6,
            "eps_latest_yearly": 5.12,
            "eps_growth_yearly": 61.15
        },
        "20103": {
            "year_quarter": 20103,
            "year": 2010,
            "quarter": 3,
            "eps": 1.2,
            "eps_growth_year": 193.48,
            "eps_4q": 3.59,
            "eps_4q_growth_year": 184.51,
            "roe": 6.54,
            "roe_4q": 20.28,
            "gross_profit": 354666,
            "gross_margin": 13.02,
            "gross_margin_4q_avg": 17.37,
            "net_income": 295696,
            "revenue": 2724774,
            "common_shares": 2510724,
            "book_valuer_per_share": 19.08,
            "book_valuer_per_share_4q_avg": 17.75,
            "equity": 4682593,
            "current_ratio": 179.68,
            "debt_ratio": 49.73,
            "inventory_turnover_ratio": 83.86,
            "account_receivable_turnover_ratio": 2.57,
            "reinvestment_rate": 30.15,
            "research_to_sale_ratio": 0.41,
            "price_fair": 95.2,
            "eps_avg_yearly": 2.72,
            "eps_latest_yearly": 4.8,
            "eps_growth_yearly": 50.45
        },
        "20104": {
            "year_quarter": 20104,
            "year": 2010,
            "quarter": 4,
            "eps": 1.6,
            "eps_growth_year": 416.73,
            "eps_4q": 4.88,
            "eps_4q_growth_year": 283.66,
            "roe": 7.89,
            "roe_4q": 26.25,
            "gross_profit": 466713,
            "gross_margin": 16.98,
            "gross_margin_4q_avg": 17.45,
            "net_income": 390189,
            "revenue": 2748876,
            "common_shares": 2510724,
            "book_valuer_per_share": 21.27,
            "book_valuer_per_share_4q_avg": 19.02,
            "equity": 5213485,
            "current_ratio": 177.86,
            "debt_ratio": 48.87,
            "inventory_turnover_ratio": 69.82,
            "account_receivable_turnover_ratio": 2.87,
            "reinvestment_rate": 38.07,
            "research_to_sale_ratio": 0.56,
            "price_fair": 101.59,
            "eps_avg_yearly": 2.9,
            "eps_latest_yearly": 6.4,
            "eps_growth_yearly": 53.15
        },
        "20111": {
            "year_quarter": 20111,
            "year": 2011,
            "quarter": 1,
            "eps": 0.77,
            "eps_growth_year": -4.94,
            "eps_4q": 4.86,
            "eps_4q_growth_year": 168.21,
            "roe": 3.84,
            "roe_4q": 25.439999999999998,
            "gross_profit": 378786,
            "gross_margin": 13.73,
            "gross_margin_4q_avg": 14.38,
            "net_income": 204398,
            "revenue": 2758590,
            "common_shares": 2510724,
            "book_valuer_per_share": 22.1,
            "book_valuer_per_share_4q_avg": 20.06,
            "equity": 5431930,
            "current_ratio": 186.05,
            "debt_ratio": 46.91,
            "inventory_turnover_ratio": 65.47,
            "account_receivable_turnover_ratio": 3.42,
            "reinvestment_rate": 40.42,
            "research_to_sale_ratio": 0.47,
            "price_fair": 100.8,
            "eps_avg_yearly": 2.88,
            "eps_latest_yearly": 3.08,
            "eps_growth_yearly": 40.47
        },
        "20112": {
            "year_quarter": 20112,
            "year": 2011,
            "quarter": 2,
            "eps": 1,
            "eps_growth_year": -21.99,
            "eps_4q": 4.57,
            "eps_4q_growth_year": 63.91,
            "roe": 4.73,
            "roe_4q": 23,
            "gross_profit": 441798,
            "gross_margin": 12.76,
            "gross_margin_4q_avg": 14.12,
            "net_income": 238941,
            "revenue": 3463327,
            "common_shares": 2510724,
            "book_valuer_per_share": 19.01,
            "book_valuer_per_share_4q_avg": 20.37,
            "equity": 4674094,
            "current_ratio": 159.86,
            "debt_ratio": 55.39,
            "inventory_turnover_ratio": 80.43,
            "account_receivable_turnover_ratio": 2.95,
            "reinvestment_rate": 35.34,
            "research_to_sale_ratio": 0.47,
            "price_fair": 100.89,
            "eps_avg_yearly": 2.88,
            "eps_latest_yearly": 4,
            "eps_growth_yearly": 44.16
        },
        "20113": {
            "year_quarter": 20113,
            "year": 2011,
            "quarter": 3,
            "eps": 0.81,
            "eps_growth_year": -32.8,
            "eps_4q": 4.26,
            "eps_4q_growth_year": 18.7,
            "roe": 4.26,
            "roe_4q": 20.72,
            "gross_profit": 421589,
            "gross_margin": 10.03,
            "gross_margin_4q_avg": 13.38,
            "net_income": 199587,
            "revenue": 4203040,
            "common_shares": 2474834,
            "book_valuer_per_share": 19.54,
            "book_valuer_per_share_4q_avg": 20.48,
            "equity": 4705410,
            "current_ratio": 155.95,
            "debt_ratio": 57.07,
            "inventory_turnover_ratio": 101.24,
            "account_receivable_turnover_ratio": 1.94,
            "reinvestment_rate": 35.83,
            "research_to_sale_ratio": 0.66,
            "price_fair": 99.84,
            "eps_avg_yearly": 2.85,
            "eps_latest_yearly": 3.24,
            "eps_growth_yearly": 40.92
        },
        "20114": {
            "year_quarter": 20114,
            "year": 2011,
            "quarter": 4,
            "eps": 0.91,
            "eps_growth_year": -42.97,
            "eps_4q": 3.54,
            "eps_4q_growth_year": -27.49,
            "roe": 4.22,
            "roe_4q": 17.05,
            "gross_profit": 390962,
            "gross_margin": 9.31,
            "gross_margin_4q_avg": 11.46,
            "net_income": 203040,
            "revenue": 4200001,
            "common_shares": 2382334,
            "book_valuer_per_share": 20.63,
            "book_valuer_per_share_4q_avg": 20.32,
            "equity": 4928291,
            "current_ratio": 166.74,
            "debt_ratio": 52.06,
            "inventory_turnover_ratio": 88.14,
            "account_receivable_turnover_ratio": 1.9,
            "reinvestment_rate": 34.54,
            "research_to_sale_ratio": 0.62,
            "price_fair": 100.63,
            "eps_avg_yearly": 2.88,
            "eps_latest_yearly": 3.64,
            "eps_growth_yearly": 46.97
        },
        "20121": {
            "year_quarter": 20121,
            "year": 2012,
            "quarter": 1,
            "eps": 0.4,
            "eps_growth_year": -48.05,
            "eps_4q": 3.15,
            "eps_4q_growth_year": -35.13,
            "roe": 1.66,
            "roe_4q": 14.870000000000001,
            "gross_profit": 286262,
            "gross_margin": 13.69,
            "gross_margin_4q_avg": 11.45,
            "net_income": 82577,
            "revenue": 2090603,
            "common_shares": 2382334,
            "book_valuer_per_share": 21.01,
            "book_valuer_per_share_4q_avg": 20.05,
            "equity": 5004134,
            "current_ratio": 153.24,
            "debt_ratio": 54.17,
            "inventory_turnover_ratio": 32.06,
            "account_receivable_turnover_ratio": 1.29,
            "reinvestment_rate": 52.45,
            "research_to_sale_ratio": 0.95,
            "price_fair": 100.98,
            "eps_avg_yearly": 2.89,
            "eps_latest_yearly": 1.6,
            "eps_growth_yearly": 46.98
        },
        "20122": {
            "year_quarter": 20122,
            "year": 2012,
            "quarter": 2,
            "eps": 0.79,
            "eps_growth_year": -20.69,
            "eps_4q": 2.92,
            "eps_4q_growth_year": -36.24,
            "roe": 4,
            "roe_4q": 14.139999999999999,
            "gross_profit": 328360,
            "gross_margin": 16.26,
            "gross_margin_4q_avg": 12.32,
            "net_income": 188855,
            "revenue": 2019839,
            "common_shares": 2382334,
            "book_valuer_per_share": 18.74,
            "book_valuer_per_share_4q_avg": 19.98,
            "equity": 4449773,
            "current_ratio": 145.46,
            "debt_ratio": 56.73,
            "inventory_turnover_ratio": 25.53,
            "account_receivable_turnover_ratio": 1.51,
            "reinvestment_rate": 49.86,
            "research_to_sale_ratio": 0.85,
            "price_fair": 103.51,
            "eps_avg_yearly": 2.96,
            "eps_latest_yearly": 3.16,
            "eps_growth_yearly": 61.63
        },
        "20123": {
            "year_quarter": 20123,
            "year": 2012,
            "quarter": 3,
            "eps": 0.39,
            "eps_growth_year": -51.99,
            "eps_4q": 2.49,
            "eps_4q_growth_year": -41.44,
            "roe": 2.07,
            "roe_4q": 11.95,
            "gross_profit": 247154,
            "gross_margin": 11.32,
            "gross_margin_4q_avg": 12.65,
            "net_income": 92964,
            "revenue": 2182510,
            "common_shares": 2382334,
            "book_valuer_per_share": 19.09,
            "book_valuer_per_share_4q_avg": 19.87,
            "equity": 4534757,
            "current_ratio": 151.8,
            "debt_ratio": 54.07,
            "inventory_turnover_ratio": 28.3,
            "account_receivable_turnover_ratio": 1.64,
            "reinvestment_rate": 50.38,
            "research_to_sale_ratio": 0.86,
            "price_fair": 101.5,
            "eps_avg_yearly": 2.9,
            "eps_latest_yearly": 1.56,
            "eps_growth_yearly": 42.98
        },
        "20124": {
            "year_quarter": 20124,
            "year": 2012,
            "quarter": 4,
            "eps": 0.68,
            "eps_growth_year": -25.3,
            "eps_4q": 2.26,
            "eps_4q_growth_year": -36.1,
            "roe": 3.46,
            "roe_4q": 11.19,
            "gross_profit": 332073,
            "gross_margin": 11.57,
            "gross_margin_4q_avg": 13.21,
            "net_income": 159216,
            "revenue": 2870236,
            "common_shares": 2382334,
            "book_valuer_per_share": 19.64,
            "book_valuer_per_share_4q_avg": 19.62,
            "equity": 4662897,
            "current_ratio": 147.3,
            "debt_ratio": 57.06,
            "inventory_turnover_ratio": 38.54,
            "account_receivable_turnover_ratio": 1.92,
            "reinvestment_rate": 48.72,
            "research_to_sale_ratio": 0.59,
            "price_fair": 104.74,
            "eps_avg_yearly": 2.99,
            "eps_latest_yearly": 2.72,
            "eps_growth_yearly": 74.06
        },
        "20131": {
            "year_quarter": 20131,
            "year": 2013,
            "quarter": 1,
            "eps": 0.89,
            "eps_growth_year": 122.5,
            "eps_4q": 2.76,
            "eps_4q_growth_year": -12.43,
            "roe": 4.52,
            "roe_4q": 14.049999999999999,
            "gross_profit": 354351,
            "gross_margin": 11.52,
            "gross_margin_4q_avg": 12.67,
            "net_income": 214370,
            "revenue": 3075035,
            "common_shares": 2382334,
            "book_valuer_per_share": 20.32,
            "book_valuer_per_share_4q_avg": 19.45,
            "equity": 4825516,
            "current_ratio": 142.9,
            "debt_ratio": 60.03,
            "inventory_turnover_ratio": 41.19,
            "account_receivable_turnover_ratio": 2.01,
            "reinvestment_rate": 50.17,
            "research_to_sale_ratio": 0.47,
            "price_fair": 109.64,
            "eps_avg_yearly": 3.13,
            "eps_latest_yearly": 3.56,
            "eps_growth_yearly": 80.17
        },
        "20132": {
            "year_quarter": 20132,
            "year": 2013,
            "quarter": 2,
            "eps": 1.36,
            "eps_growth_year": 71.69,
            "eps_4q": 3.32,
            "eps_4q_growth_year": 13.95,
            "roe": 6.76,
            "roe_4q": 16.81,
            "gross_profit": 517564,
            "gross_margin": 16.06,
            "gross_margin_4q_avg": 12.62,
            "net_income": 323111,
            "revenue": 3223349,
            "common_shares": 2382334,
            "book_valuer_per_share": 19.95,
            "book_valuer_per_share_4q_avg": 19.75,
            "equity": 4738468,
            "current_ratio": 142.63,
            "debt_ratio": 59.37,
            "inventory_turnover_ratio": 39.95,
            "account_receivable_turnover_ratio": 2.37,
            "reinvestment_rate": 45.36,
            "research_to_sale_ratio": 0.45,
            "price_fair": 119.09,
            "eps_avg_yearly": 3.4,
            "eps_latest_yearly": 5.44,
            "eps_growth_yearly": 97.16
        },
        "20133": {
            "year_quarter": 20133,
            "year": 2013,
            "quarter": 3,
            "eps": 1.51,
            "eps_growth_year": 289,
            "eps_4q": 4.45,
            "eps_4q_growth_year": 78.3,
            "roe": 7.33,
            "roe_4q": 22.07,
            "gross_profit": 390858,
            "gross_margin": 15.81,
            "gross_margin_4q_avg": 13.74,
            "net_income": 360842,
            "revenue": 2472518,
            "common_shares": 2382334,
            "book_valuer_per_share": 21.5,
            "book_valuer_per_share_4q_avg": 20.35,
            "equity": 5107642,
            "current_ratio": 156.94,
            "debt_ratio": 53.54,
            "inventory_turnover_ratio": 32.58,
            "account_receivable_turnover_ratio": 2.22,
            "reinvestment_rate": 42.13,
            "research_to_sale_ratio": 0.73,
            "price_fair": 128.71,
            "eps_avg_yearly": 3.68,
            "eps_latest_yearly": 6.04,
            "eps_growth_yearly": 88.31
        },
        "20134": {
            "year_quarter": 20134,
            "year": 2013,
            "quarter": 4,
            "eps": 0.97,
            "eps_growth_year": 41.61,
            "eps_4q": 4.73,
            "eps_4q_growth_year": 109.06,
            "roe": 4.53,
            "roe_4q": 23.139999999999997,
            "gross_profit": 465182,
            "gross_margin": 17.4,
            "gross_margin_4q_avg": 15.2,
            "net_income": 235861,
            "revenue": 2674113,
            "common_shares": 2382334,
            "book_valuer_per_share": 22.33,
            "book_valuer_per_share_4q_avg": 21.03,
            "equity": 5300190,
            "current_ratio": 158.61,
            "debt_ratio": 53.67,
            "inventory_turnover_ratio": 35.54,
            "account_receivable_turnover_ratio": 2.63,
            "reinvestment_rate": 40.77,
            "research_to_sale_ratio": 0.56,
            "price_fair": 134.49,
            "eps_avg_yearly": 3.84,
            "eps_latest_yearly": 3.88,
            "eps_growth_yearly": 85.47
        },
        "20141": {
            "year_quarter": 20141,
            "year": 2014,
            "quarter": 1,
            "eps": 0.78,
            "eps_growth_year": -12.36,
            "eps_4q": 4.61,
            "eps_4q_growth_year": 67.25,
            "roe": 3.62,
            "roe_4q": 22.240000000000002,
            "gross_profit": 322653,
            "gross_margin": 23.22,
            "gross_margin_4q_avg": 18.12,
            "net_income": 195821,
            "revenue": 1389266,
            "common_shares": 2382334,
            "book_valuer_per_share": 23.21,
            "book_valuer_per_share_4q_avg": 21.75,
            "equity": 5519502,
            "current_ratio": 158.95,
            "debt_ratio": 50.23,
            "inventory_turnover_ratio": 16.89,
            "account_receivable_turnover_ratio": 1.94,
            "reinvestment_rate": 40.69,
            "research_to_sale_ratio": 0.97,
            "price_fair": 134.23,
            "eps_avg_yearly": 3.84,
            "eps_latest_yearly": 3.12,
            "eps_growth_yearly": 40.25
        },
        "20142": {
            "year_quarter": 20142,
            "year": 2014,
            "quarter": 2,
            "eps": 1.27,
            "eps_growth_year": -6.62,
            "eps_4q": 4.53,
            "eps_4q_growth_year": 36.24,
            "roe": 5.69,
            "roe_4q": 21.17,
            "gross_profit": 293269,
            "gross_margin": 25.7,
            "gross_margin_4q_avg": 20.53,
            "net_income": 306972,
            "revenue": 1140906,
            "common_shares": 2382334,
            "book_valuer_per_share": 22.17,
            "book_valuer_per_share_4q_avg": 22.3,
            "equity": 5277665,
            "current_ratio": 148.24,
            "debt_ratio": 54.44,
            "inventory_turnover_ratio": 13.49,
            "account_receivable_turnover_ratio": 1.67,
            "reinvestment_rate": 36.01,
            "research_to_sale_ratio": 1.17,
            "price_fair": 134.14,
            "eps_avg_yearly": 3.83,
            "eps_latest_yearly": 5.08,
            "eps_growth_yearly": 41.45
        },
        "20143": {
            "year_quarter": 20143,
            "year": 2014,
            "quarter": 3,
            "eps": 0.6,
            "eps_growth_year": -60.26,
            "eps_4q": 3.61,
            "eps_4q_growth_year": -18.73,
            "roe": 2.71,
            "roe_4q": 16.55,
            "gross_profit": 286498,
            "gross_margin": 18.02,
            "gross_margin_4q_avg": 21.09,
            "net_income": 145015,
            "revenue": 1590000,
            "common_shares": 2382334,
            "book_valuer_per_share": 19.18,
            "book_valuer_per_share_4q_avg": 21.72,
            "equity": 5433685,
            "current_ratio": 147.12,
            "debt_ratio": 55.15,
            "inventory_turnover_ratio": 21.28,
            "account_receivable_turnover_ratio": 1.44,
            "reinvestment_rate": 36.97,
            "research_to_sale_ratio": 0.92,
            "price_fair": 128.89,
            "eps_avg_yearly": 3.68,
            "eps_latest_yearly": 2.4,
            "eps_growth_yearly": 29.82
        },
        "20144": {
            "year_quarter": 20144,
            "year": 2014,
            "quarter": 4,
            "eps": 0.49,
            "eps_growth_year": -49.42,
            "eps_4q": 3.14,
            "eps_4q_growth_year": -33.7,
            "roe": 2.25,
            "roe_4q": 14.27,
            "gross_profit": 350425,
            "gross_margin": 12.39,
            "gross_margin_4q_avg": 19.83,
            "net_income": 123809,
            "revenue": 2829335,
            "common_shares": 2382334,
            "book_valuer_per_share": 23.33,
            "book_valuer_per_share_4q_avg": 21.97,
            "equity": 5552229,
            "current_ratio": 138.48,
            "debt_ratio": 59.15,
            "inventory_turnover_ratio": 40.87,
            "account_receivable_turnover_ratio": 2.11,
            "reinvestment_rate": 30.05,
            "research_to_sale_ratio": 0.52,
            "price_fair": 91.62,
            "eps_avg_yearly": 3.41,
            "eps_latest_yearly": 1.96,
            "eps_growth_yearly": 16.91
        },
        "20151": {
            "year_quarter": 20151,
            "year": 2015,
            "quarter": 1,
            "eps": 0.81,
            "eps_growth_year": 3.85,
            "eps_4q": 3.17,
            "eps_4q_growth_year": -31.33,
            "roe": 3.78,
            "roe_4q": 14.43,
            "gross_profit": 391030,
            "gross_margin": 15.47,
            "gross_margin_4q_avg": 17.9,
            "net_income": 214201,
            "revenue": 2527445,
            "common_shares": 2382334,
            "book_valuer_per_share": 24.18,
            "book_valuer_per_share_4q_avg": 22.22,
            "equity": 5774585,
            "current_ratio": 146.03,
            "debt_ratio": 55.5,
            "inventory_turnover_ratio": 34.8,
            "account_receivable_turnover_ratio": 1.62,
            "reinvestment_rate": 30.36,
            "research_to_sale_ratio": 0.51,
            "price_fair": 119.53,
            "eps_avg_yearly": 3.42,
            "eps_latest_yearly": 3.24,
            "eps_growth_yearly": 46.2
        },
        "20152": {
            "year_quarter": 20152,
            "year": 2015,
            "quarter": 2,
            "eps": 1.84,
            "eps_growth_year": 44.88,
            "eps_4q": 3.73,
            "eps_4q_growth_year": -17.57,
            "roe": 7.77,
            "roe_4q": 16.509999999999998,
            "gross_profit": 347992,
            "gross_margin": 10.7,
            "gross_margin_4q_avg": 14.15,
            "net_income": 441308,
            "revenue": 3251597,
            "common_shares": 2382334,
            "book_valuer_per_share": 23.32,
            "book_valuer_per_share_4q_avg": 22.5,
            "equity": 5578337,
            "current_ratio": 138.97,
            "debt_ratio": 60.94,
            "inventory_turnover_ratio": 46.2,
            "account_receivable_turnover_ratio": 1.72,
            "reinvestment_rate": 31.06,
            "research_to_sale_ratio": 0.39,
            "price_fair": 126.88,
            "eps_avg_yearly": 3.63,
            "eps_latest_yearly": 7.36,
            "eps_growth_yearly": 70.52
        },
        "20153": {
            "year_quarter": 20153,
            "year": 2015,
            "quarter": 3,
            "eps": 1.81,
            "eps_growth_year": 201.67,
            "eps_4q": 4.93,
            "eps_4q_growth_year": 36.53,
            "roe": 7.46,
            "roe_4q": 21.26,
            "gross_profit": 478289,
            "gross_margin": 14.98,
            "gross_margin_4q_avg": 13.39,
            "net_income": 434318,
            "revenue": 3192614,
            "common_shares": 2382334,
            "book_valuer_per_share": 25.28,
            "book_valuer_per_share_4q_avg": 24.03,
            "equity": 6059410,
            "current_ratio": 151.64,
            "debt_ratio": 55.35,
            "inventory_turnover_ratio": 38.88,
            "account_receivable_turnover_ratio": 2.03,
            "reinvestment_rate": 28.95,
            "research_to_sale_ratio": 0.35,
            "price_fair": 135.63,
            "eps_avg_yearly": 3.88,
            "eps_latest_yearly": 7.24,
            "eps_growth_yearly": 74.87
        },
        "20154": {
            "year_quarter": 20154,
            "year": 2015,
            "quarter": 4,
            "eps": 0.77,
            "eps_growth_year": 57.89,
            "eps_4q": 5.22,
            "eps_4q_growth_year": 66.34,
            "roe": 3.11,
            "roe_4q": 22.12,
            "gross_profit": 525457,
            "gross_margin": 15.24,
            "gross_margin_4q_avg": 14.1,
            "net_income": 190842,
            "revenue": 3446901,
            "common_shares": 2382334,
            "book_valuer_per_share": 26.05,
            "book_valuer_per_share_4q_avg": 24.71,
            "equity": 6222830,
            "current_ratio": 147.33,
            "debt_ratio": 57.68,
            "inventory_turnover_ratio": 39.4,
            "account_receivable_turnover_ratio": 2.51,
            "reinvestment_rate": 28.46,
            "research_to_sale_ratio": 0.38,
            "price_fair": 134.4,
            "eps_avg_yearly": 3.84,
            "eps_latest_yearly": 3.08,
            "eps_growth_yearly": 57.42
        },
        "20161": {
            "year_quarter": 20161,
            "year": 2016,
            "quarter": 1,
            "eps": 1.37,
            "eps_growth_year": 69.14,
            "eps_4q": 5.77,
            "eps_4q_growth_year": 82.24,
            "roe": 5.23,
            "roe_4q": 23.57,
            "gross_profit": 636162,
            "gross_margin": 15.73,
            "gross_margin_4q_avg": 14.16,
            "net_income": 333660,
            "revenue": 4045268,
            "common_shares": 2382334,
            "book_valuer_per_share": 27.38,
            "book_valuer_per_share_4q_avg": 25.51,
            "equity": 6546477,
            "current_ratio": 141.13,
            "debt_ratio": 61.43,
            "inventory_turnover_ratio": 51.31,
            "account_receivable_turnover_ratio": 1.46,
            "reinvestment_rate": 14.1,
            "research_to_sale_ratio": 0.27,
            "price_fair": 142.89,
            "eps_avg_yearly": 4.08,
            "eps_latest_yearly": 5.48,
            "eps_growth_yearly": 90.91
        },
        "20162": {
            "year_quarter": 20162,
            "year": 2016,
            "quarter": 2,
            "eps": 1.65,
            "eps_growth_year": -10.33,
            "eps_4q": 5.59,
            "eps_4q_growth_year": 49.86,
            "roe": 6.41,
            "roe_4q": 22.21,
            "gross_profit": 577349,
            "gross_margin": 13.66,
            "gross_margin_4q_avg": 14.9,
            "net_income": 397013,
            "revenue": 4227179,
            "common_shares": 2382334,
            "book_valuer_per_share": 24.42,
            "book_valuer_per_share_4q_avg": 25.78,
            "equity": 5844140,
            "current_ratio": 134.06,
            "debt_ratio": 64.53,
            "inventory_turnover_ratio": 75.29,
            "account_receivable_turnover_ratio": 1.49,
            "reinvestment_rate": 13.28,
            "research_to_sale_ratio": 0.28,
            "price_fair": 150.41,
            "eps_avg_yearly": 4.3,
            "eps_latest_yearly": 6.6,
            "eps_growth_yearly": 71.64
        },
        "20163": {
            "year_quarter": 20163,
            "year": 2016,
            "quarter": 3,
            "eps": 1.77,
            "eps_growth_year": -2.21,
            "eps_4q": 5.56,
            "eps_4q_growth_year": 12.64,
            "roe": 7,
            "roe_4q": 21.75,
            "gross_profit": 525349,
            "gross_margin": 16.4,
            "gross_margin_4q_avg": 15.26,
            "net_income": 422238,
            "revenue": 3202405,
            "common_shares": 2382334,
            "book_valuer_per_share": 26.02,
            "book_valuer_per_share_4q_avg": 25.97,
            "equity": 6227021,
            "current_ratio": 144.36,
            "debt_ratio": 58.83,
            "inventory_turnover_ratio": 76.85,
            "account_receivable_turnover_ratio": 1.69,
            "reinvestment_rate": 12.98,
            "research_to_sale_ratio": 0.34,
            "price_fair": 162.49,
            "eps_avg_yearly": 4.64,
            "eps_latest_yearly": 7.08,
            "eps_growth_yearly": 86.12
        },
        "20164": {
            "year_quarter": 20164,
            "year": 2016,
            "quarter": 4,
            "eps": 1.73,
            "eps_growth_year": 124.37,
            "eps_4q": 6.52,
            "eps_4q_growth_year": 24.88,
            "roe": 6.72,
            "roe_4q": 25.36,
            "gross_profit": 641653,
            "gross_margin": 16.24,
            "gross_margin_4q_avg": 15.51,
            "net_income": 432437,
            "revenue": 3951999,
            "common_shares": 2382334,
            "book_valuer_per_share": 27.79,
            "book_valuer_per_share_4q_avg": 26.4,
            "equity": 6635082,
            "current_ratio": 140.48,
            "debt_ratio": 60.94,
            "inventory_turnover_ratio": 102.23,
            "account_receivable_turnover_ratio": 1.22,
            "reinvestment_rate": 17.34,
            "research_to_sale_ratio": 0.29,
            "price_fair": 171.68,
            "eps_avg_yearly": 4.91,
            "eps_latest_yearly": 6.92,
            "eps_growth_yearly": 66.96
        },
        "20171": {
            "year_quarter": 20171,
            "year": 2017,
            "quarter": 1,
            "eps": 0.78,
            "eps_growth_year": -43.07,
            "eps_4q": 5.93,
            "eps_4q_growth_year": 2.64,
            "roe": 2.93,
            "roe_4q": 23.06,
            "gross_profit": 622377,
            "gross_margin": 18.34,
            "gross_margin_4q_avg": 16.16,
            "net_income": 198212,
            "revenue": 3394034,
            "common_shares": 2382334,
            "book_valuer_per_share": 28.44,
            "book_valuer_per_share_4q_avg": 26.67,
            "equity": 6892019,
            "current_ratio": 149.78,
            "debt_ratio": 56.71,
            "inventory_turnover_ratio": 73.97,
            "account_receivable_turnover_ratio": 1.15,
            "reinvestment_rate": 14.71,
            "research_to_sale_ratio": 0.33,
            "price_fair": 170.71,
            "eps_avg_yearly": 4.88,
            "eps_latest_yearly": 3.12,
            "eps_growth_yearly": 45.51
        },
        "20172": {
            "year_quarter": 20172,
            "year": 2017,
            "quarter": 2,
            "eps": 1.55,
            "eps_growth_year": -6.06,
            "eps_4q": 5.82,
            "eps_4q_growth_year": 4.05,
            "roe": 6.14,
            "roe_4q": 22.79,
            "gross_profit": 617242,
            "gross_margin": 16.91,
            "gross_margin_4q_avg": 16.97,
            "net_income": 391992,
            "revenue": 3649232,
            "common_shares": 2382334,
            "book_valuer_per_share": 24.1,
            "book_valuer_per_share_4q_avg": 26.59,
            "equity": 5884241,
            "current_ratio": 133.55,
            "debt_ratio": 63.88,
            "inventory_turnover_ratio": 74.96,
            "account_receivable_turnover_ratio": 2.18,
            "reinvestment_rate": 14.32,
            "research_to_sale_ratio": 0.28,
            "price_fair": 172.38,
            "eps_avg_yearly": 4.93,
            "eps_latest_yearly": 6.2,
            "eps_growth_yearly": 56.99
        },
        "20173": {
            "year_quarter": 20173,
            "year": 2017,
            "quarter": 3,
            "eps": 1.76,
            "eps_growth_year": -0.56,
            "eps_4q": 5.81,
            "eps_4q_growth_year": 4.54,
            "roe": 7.39,
            "roe_4q": 23.18,
            "gross_profit": 425291,
            "gross_margin": 14.78,
            "gross_margin_4q_avg": 16.57,
            "net_income": 452472,
            "revenue": 2877875,
            "common_shares": 2382334,
            "book_valuer_per_share": 25.98,
            "book_valuer_per_share_4q_avg": 26.58,
            "equity": 6368685,
            "current_ratio": 143.91,
            "debt_ratio": 58.81,
            "inventory_turnover_ratio": 70.29,
            "account_receivable_turnover_ratio": 1.62,
            "reinvestment_rate": 14.4,
            "research_to_sale_ratio": 0.38,
            "price_fair": 174.56,
            "eps_avg_yearly": 4.99,
            "eps_latest_yearly": 7.04,
            "eps_growth_yearly": 57.62
        },
        "20174": {
            "year_quarter": 20174,
            "year": 2017,
            "quarter": 4,
            "eps": 1.02,
            "eps_growth_year": -41.15,
            "eps_4q": 5.1,
            "eps_4q_growth_year": -21.75,
            "roe": 4.61,
            "roe_4q": 21.07,
            "gross_profit": 569604,
            "gross_margin": 21.87,
            "gross_margin_4q_avg": 17.98,
            "net_income": 299088,
            "revenue": 2604777,
            "common_shares": 2382334,
            "book_valuer_per_share": 26.87,
            "book_valuer_per_share_4q_avg": 26.35,
            "equity": 6607360,
            "current_ratio": 144.04,
            "debt_ratio": 60.26,
            "inventory_turnover_ratio": 60.47,
            "account_receivable_turnover_ratio": 1.55,
            "reinvestment_rate": 13.87,
            "research_to_sale_ratio": 0.38,
            "price_fair": 175,
            "eps_avg_yearly": 5,
            "eps_latest_yearly": 4.08,
            "eps_growth_yearly": 56.05
        },
        "20181": {
            "year_quarter": 20181,
            "year": 2018,
            "quarter": 1,
            "eps": 0.79,
            "eps_growth_year": 1.28,
            "eps_4q": 5.12,
            "eps_4q_growth_year": -13.68,
            "roe": 3.25,
            "roe_4q": 21.39,
            "gross_profit": 528726,
            "gross_margin": 17.75,
            "gross_margin_4q_avg": 17.83,
            "net_income": 244941,
            "revenue": 2978810,
            "common_shares": 2382334,
            "book_valuer_per_share": 34.42,
            "book_valuer_per_share_4q_avg": 27.84,
            "equity": 8466150,
            "current_ratio": 148.95,
            "debt_ratio": 53.21,
            "inventory_turnover_ratio": 57.82,
            "account_receivable_turnover_ratio": 1.72,
            "reinvestment_rate": -15.94,
            "research_to_sale_ratio": 0.32,
            "price_fair": 175.09,
            "eps_avg_yearly": 5,
            "eps_latest_yearly": 3.16,
            "eps_growth_yearly": 55.31
        },
        "20182": {
            "year_quarter": 20182,
            "year": 2018,
            "quarter": 2,
            "eps": 1.77,
            "eps_growth_year": 14.19,
            "eps_4q": 5.34,
            "eps_4q_growth_year": -8.25,
            "roe": 5.93,
            "roe_4q": 21.18,
            "gross_profit": 443605,
            "gross_margin": 14.59,
            "gross_margin_4q_avg": 17.25,
            "net_income": 440655,
            "revenue": 3041267,
            "common_shares": 2382334,
            "book_valuer_per_share": 25.64,
            "book_valuer_per_share_4q_avg": 28.23,
            "equity": 6388417,
            "current_ratio": 131.41,
            "debt_ratio": 64.64,
            "inventory_turnover_ratio": 49.11,
            "account_receivable_turnover_ratio": 1.5,
            "reinvestment_rate": -16.08,
            "research_to_sale_ratio": 0.3,
            "price_fair": 179.46,
            "eps_avg_yearly": 5.13,
            "eps_latest_yearly": 7.08,
            "eps_growth_yearly": 70.62
        },
        "20183": {
            "year_quarter": 20183,
            "year": 2018,
            "quarter": 3,
            "eps": 3.35,
            "eps_growth_year": 90.34,
            "eps_4q": 6.93,
            "eps_4q_growth_year": 19.32,
            "roe": 11.38,
            "roe_4q": 25.17,
            "gross_profit": 922159,
            "gross_margin": 21.18,
            "gross_margin_4q_avg": 18.85,
            "net_income": 801118,
            "revenue": 4354654,
            "common_shares": 2382334,
            "book_valuer_per_share": 31.11,
            "book_valuer_per_share_4q_avg": 29.51,
            "equity": 7687044,
            "current_ratio": 131.41,
            "debt_ratio": 62.53,
            "inventory_turnover_ratio": 67.88,
            "account_receivable_turnover_ratio": 1.87,
            "reinvestment_rate": -14.83,
            "research_to_sale_ratio": 0.18,
            "price_fair": 203.53,
            "eps_avg_yearly": 5.82,
            "eps_latest_yearly": 13.4,
            "eps_growth_yearly": 106.12
        },
        "20184": {
            "year_quarter": 20184,
            "year": 2018,
            "quarter": 4,
            "eps": 3.88,
            "eps_growth_year": 280.39,
            "eps_4q": 11.27,
            "eps_4q_growth_year": 121.03,
            "roe": 10.38,
            "roe_4q": 30.94,
            "gross_profit": 1288952,
            "gross_margin": 16.62,
            "gross_margin_4q_avg": 17.54,
            "net_income": 787455,
            "revenue": 7753203,
            "common_shares": 1905867,
            "book_valuer_per_share": 38.06,
            "book_valuer_per_share_4q_avg": 32.31,
            "equity": 7486765,
            "current_ratio": 134.7,
            "debt_ratio": 64.02,
            "inventory_turnover_ratio": 153.26,
            "account_receivable_turnover_ratio": 2.29,
            "reinvestment_rate": -13.36,
            "research_to_sale_ratio": 0.12,
            "price_fair": 233.19,
            "eps_avg_yearly": 6.66,
            "eps_latest_yearly": 15.52,
            "eps_growth_yearly": 114.66
        },
        "20191": {
            "year_quarter": 20191,
            "year": 2019,
            "quarter": 1,
            "eps": 3.75,
            "eps_growth_year": 374.68,
            "eps_4q": 14.02,
            "eps_4q_growth_year": 174.12,
            "roe": 9.29,
            "roe_4q": 36.980000000000004,
            "gross_profit": 1098913,
            "gross_margin": 16.43,
            "gross_margin_4q_avg": 17.21,
            "net_income": 742314,
            "revenue": 6687700,
            "common_shares": 1905867,
            "book_valuer_per_share": 43.13,
            "book_valuer_per_share_4q_avg": 34.49,
            "equity": 8486512,
            "current_ratio": 140.71,
            "debt_ratio": 61.51,
            "inventory_turnover_ratio": 151.71,
            "account_receivable_turnover_ratio": 1.6,
            "reinvestment_rate": -12.35,
            "research_to_sale_ratio": 0.15,
            "price_fair": 258.91,
            "eps_avg_yearly": 7.4,
            "eps_latest_yearly": 15,
            "eps_growth_yearly": 97.5
        },
        "20192": {
            "year_quarter": 20192,
            "year": 2019,
            "quarter": 2,
            "eps": 3.94,
            "eps_growth_year": 122.6,
            "eps_4q": 15.75,
            "eps_4q_growth_year": 195.01,
            "roe": 9.54,
            "roe_4q": 40.59,
            "gross_profit": 1157846,
            "gross_margin": 19.91,
            "gross_margin_4q_avg": 18.54,
            "net_income": 758885,
            "revenue": 5814113,
            "common_shares": 1905867,
            "book_valuer_per_share": 37.5,
            "book_valuer_per_share_4q_avg": 37.45,
            "equity": 7417095,
            "current_ratio": 129.17,
            "debt_ratio": 66.78,
            "inventory_turnover_ratio": 130.69,
            "account_receivable_turnover_ratio": 1.81,
            "reinvestment_rate": -11.69,
            "research_to_sale_ratio": 0.16,
            "price_fair": 277.29,
            "eps_avg_yearly": 7.92,
            "eps_latest_yearly": 15.76,
            "eps_growth_yearly": 66.97
        },
        "20193": {
            "year_quarter": 20193,
            "year": 2019,
            "quarter": 3,
            "eps": 2.97,
            "eps_growth_year": -11.34,
            "eps_4q": 14.54,
            "eps_4q_growth_year": 109.74,
            "roe": 7.62,
            "roe_4q": 36.83,
            "gross_profit": 807438,
            "gross_margin": 19.03,
            "gross_margin_4q_avg": 18,
            "net_income": 580375,
            "revenue": 4242026,
            "common_shares": 1905867,
            "book_valuer_per_share": 40.27,
            "book_valuer_per_share_4q_avg": 39.74,
            "equity": 7817622,
            "current_ratio": 132.5,
            "debt_ratio": 63.66,
            "inventory_turnover_ratio": 87.6,
            "account_receivable_turnover_ratio": 1.25,
            "reinvestment_rate": -10.56,
            "research_to_sale_ratio": 0.2,
            "price_fair": 287.44,
            "eps_avg_yearly": 8.21,
            "eps_latest_yearly": 11.88,
            "eps_growth_yearly": 61.23
        },
        "20194": {
            "year_quarter": 20194,
            "year": 2019,
            "quarter": 4,
            "eps": 4.11,
            "eps_growth_year": 5.96,
            "eps_4q": 14.77,
            "eps_4q_growth_year": 31.09,
            "roe": 9.81,
            "roe_4q": 36.26,
            "gross_profit": 1287043,
            "gross_margin": 17.93,
            "gross_margin_4q_avg": 18.33,
            "net_income": 812307,
            "revenue": 7176794,
            "common_shares": 1905867,
            "book_valuer_per_share": 44.95,
            "book_valuer_per_share_4q_avg": 41.46,
            "equity": 8737813,
            "current_ratio": 137.42,
            "debt_ratio": 62.15,
            "inventory_turnover_ratio": 148.55,
            "account_receivable_turnover_ratio": 1.55,
            "reinvestment_rate": -9.59,
            "research_to_sale_ratio": 0.1,
            "price_fair": 316.66,
            "eps_avg_yearly": 9.05,
            "eps_latest_yearly": 16.44,
            "eps_growth_yearly": 85.19
        },
        "20201": {
            "year_quarter": 20201,
            "year": 2020,
            "quarter": 1,
            "eps": 3.91,
            "eps_growth_year": 4.27,
            "eps_4q": 14.93,
            "eps_4q_growth_year": 6.49,
            "roe": 9.75,
            "roe_4q": 36.72,
            "gross_profit": 1276330,
            "gross_margin": 18.64,
            "gross_margin_4q_avg": 18.88,
            "net_income": 761712,
            "revenue": 6846675,
            "common_shares": 1905867,
            "book_valuer_per_share": 35.2,
            "book_valuer_per_share_4q_avg": 39.48,
            "equity": 6892323,
            "current_ratio": 121.82,
            "debt_ratio": 70.54,
            "inventory_turnover_ratio": 133.67,
            "account_receivable_turnover_ratio": 1.34,
            "reinvestment_rate": -9.63,
            "research_to_sale_ratio": 0.15,
            "price_fair": 338.89,
            "eps_avg_yearly": 9.68,
            "eps_latest_yearly": 15.64,
            "eps_growth_yearly": 64.49
        },
        "20202": {
            "year_quarter": 20202,
            "year": 2020,
            "quarter": 2,
            "eps": 5.84,
            "eps_growth_year": 48.22,
            "eps_4q": 16.84,
            "eps_4q_growth_year": 6.87,
            "roe": 15.06,
            "roe_4q": 42.24,
            "gross_profit": 1600047,
            "gross_margin": 16.01,
            "gross_margin_4q_avg": 17.9,
            "net_income": 1117683,
            "revenue": 9994782,
            "common_shares": 1905867,
            "book_valuer_per_share": 40.74,
            "book_valuer_per_share_4q_avg": 40.29,
            "equity": 7949329,
            "current_ratio": 122.3,
            "debt_ratio": 72.56,
            "inventory_turnover_ratio": 169.48,
            "account_receivable_turnover_ratio": 1.2,
            "reinvestment_rate": -8.35,
            "research_to_sale_ratio": 0.08,
            "price_fair": 375.55,
            "eps_avg_yearly": 10.73,
            "eps_latest_yearly": 23.36,
            "eps_growth_yearly": 71.72
        },
        "20203": {
            "year_quarter": 20203,
            "year": 2020,
            "quarter": 3,
            "eps": 6.76,
            "eps_growth_year": 127.61,
            "eps_4q": 20.62,
            "eps_4q_growth_year": 41.84,
            "roe": 15.12,
            "roe_4q": 49.74,
            "gross_profit": 1850903,
            "gross_margin": 15.47,
            "gross_margin_4q_avg": 17.01,
            "net_income": 1301577,
            "revenue": 11966580,
            "common_shares": 1905867,
            "book_valuer_per_share": 47.99,
            "book_valuer_per_share_4q_avg": 42.22,
            "equity": 9264726,
            "current_ratio": 135.5,
            "debt_ratio": 64.4,
            "inventory_turnover_ratio": 189.9,
            "account_receivable_turnover_ratio": 1.1,
            "reinvestment_rate": -7.58,
            "research_to_sale_ratio": 0.08,
            "price_fair": 419.21,
            "eps_avg_yearly": 11.98,
            "eps_latest_yearly": 27.04,
            "eps_growth_yearly": 73.84
        },
        "20204": {
            "year_quarter": 20204,
            "year": 2020,
            "quarter": 4,
            "eps": 4.64,
            "eps_growth_year": 13.11,
            "eps_4q": 21.16,
            "eps_4q_growth_year": 43.26,
            "roe": 9.38,
            "roe_4q": 49.31,
            "gross_profit": 956866,
            "gross_margin": 13.61,
            "gross_margin_4q_avg": 15.93,
            "net_income": 910360,
            "revenue": 7028605,
            "common_shares": 1905867,
            "book_valuer_per_share": 52.49,
            "book_valuer_per_share_4q_avg": 44.11,
            "equity": 10151518,
            "current_ratio": 140.7,
            "debt_ratio": 62.47,
            "inventory_turnover_ratio": 116.12,
            "account_receivable_turnover_ratio": 0.8,
            "reinvestment_rate": -9,
            "research_to_sale_ratio": 0.09,
            "price_fair": 444.68,
            "eps_avg_yearly": 12.71,
            "eps_latest_yearly": 18.56,
            "eps_growth_yearly": 66.57
        },
        "20211": {
            "year_quarter": 20211,
            "year": 2021,
            "quarter": 1,
            "eps": 3.92,
            "eps_growth_year": 0.26,
            "eps_4q": 21.17,
            "eps_4q_growth_year": 41.74,
            "roe": 8.45,
            "roe_4q": 48.01,
            "gross_profit": 924417,
            "gross_margin": 15.95,
            "gross_margin_4q_avg": 15.26,
            "net_income": 754829,
            "revenue": 5794427,
            "common_shares": 1905867,
            "book_valuer_per_share": 39.61,
            "book_valuer_per_share_4q_avg": 45.21,
            "equity": 7704305,
            "current_ratio": 121.56,
            "debt_ratio": 70.16,
            "inventory_turnover_ratio": 101.38,
            "account_receivable_turnover_ratio": 1.03,
            "reinvestment_rate": -3.97,
            "research_to_sale_ratio": 0.15,
            "price_fair": 472.15,
            "eps_avg_yearly": 13.49,
            "eps_latest_yearly": 15.68,
            "eps_growth_yearly": 76.41
        },
        "20212": {
            "year_quarter": 20212,
            "year": 2021,
            "quarter": 2,
            "eps": 2.92,
            "eps_growth_year": -50,
            "eps_4q": 18.24,
            "eps_4q_growth_year": 8.36,
            "roe": 7.1,
            "roe_4q": 40.05,
            "gross_profit": 912474,
            "gross_margin": 15.23,
            "gross_margin_4q_avg": 15.07,
            "net_income": 563133,
            "revenue": 5990549,
            "common_shares": 1905867,
            "book_valuer_per_share": 41.98,
            "book_valuer_per_share_4q_avg": 45.52,
            "equity": 8160642,
            "current_ratio": 125.51,
            "debt_ratio": 67.33,
            "inventory_turnover_ratio": 108.09,
            "account_receivable_turnover_ratio": 1.5,
            "reinvestment_rate": -3.35,
            "research_to_sale_ratio": 0.12,
            "price_fair": 484.14,
            "eps_avg_yearly": 13.83,
            "eps_latest_yearly": 11.68,
            "eps_growth_yearly": 45.36
        },
        "20213": {
            "year_quarter": 20213,
            "year": 2021,
            "quarter": 3,
            "eps": 3.5,
            "eps_growth_year": -48.22,
            "eps_4q": 14.98,
            "eps_4q_growth_year": -27.35,
            "roe": 7.88,
            "roe_4q": 32.81,
            "gross_profit": 1124203,
            "gross_margin": 17.92,
            "gross_margin_4q_avg": 15.68,
            "net_income": 680482,
            "revenue": 6273639,
            "common_shares": 1905867,
            "book_valuer_per_share": 47.12,
            "book_valuer_per_share_4q_avg": 45.3,
            "equity": 9115093,
            "current_ratio": 132.96,
            "debt_ratio": 62.05,
            "inventory_turnover_ratio": 99.13,
            "account_receivable_turnover_ratio": 1.91,
            "reinvestment_rate": -3.14,
            "research_to_sale_ratio": 0.11,
            "price_fair": 499.36,
            "eps_avg_yearly": 14.27,
            "eps_latest_yearly": 14,
            "eps_growth_yearly": 46.94
        },
        "20214": {
            "year_quarter": 20214,
            "year": 2021,
            "quarter": 4,
            "eps": 4.19,
            "eps_growth_year": -9.75,
            "eps_4q": 14.53,
            "eps_4q_growth_year": -31.33,
            "roe": 8.71,
            "roe_4q": 32.14,
            "gross_profit": 1125542,
            "gross_margin": 14.91,
            "gross_margin_4q_avg": 16,
            "net_income": 822038,
            "revenue": 7547526,
            "common_shares": 1905867,
            "book_valuer_per_share": 50.41,
            "book_valuer_per_share_4q_avg": 44.78,
            "equity": 9766308,
            "current_ratio": 143.61,
            "debt_ratio": 58.88,
            "inventory_turnover_ratio": 113.68,
            "account_receivable_turnover_ratio": 2.68,
            "reinvestment_rate": -2.56,
            "research_to_sale_ratio": 0.1,
            "price_fair": 527.1,
            "eps_avg_yearly": 15.06,
            "eps_latest_yearly": 16.76,
            "eps_growth_yearly": 62.38
        },
        "20221": {
            "year_quarter": 20221,
            "year": 2022,
            "quarter": 1,
            "eps": 2.79,
            "eps_growth_year": -28.83,
            "eps_4q": 13.6,
            "eps_4q_growth_year": -35.76,
            "roe": 6.2,
            "roe_4q": 29.89,
            "gross_profit": 929489,
            "gross_margin": 16.05,
            "gross_margin_4q_avg": 16.03,
            "net_income": 542282,
            "revenue": 5792575,
            "common_shares": 1905867,
            "book_valuer_per_share": 40.19,
            "book_valuer_per_share_4q_avg": 44.93,
            "equity": 7726384,
            "current_ratio": 119.32,
            "debt_ratio": 70.61,
            "inventory_turnover_ratio": 77.58,
            "account_receivable_turnover_ratio": 2.15,
            "reinvestment_rate": 4.71,
            "research_to_sale_ratio": 0.11,
            "price_fair": 544.6,
            "eps_avg_yearly": 15.56,
            "eps_latest_yearly": 11.16,
            "eps_growth_yearly": 59.66
        },
        "20222": {
            "year_quarter": 20222,
            "year": 2022,
            "quarter": 2,
            "eps": 4.66,
            "eps_growth_year": 59.59,
            "eps_4q": 15.31,
            "eps_4q_growth_year": -16.11,
            "roe": 11.15,
            "roe_4q": 33.940000000000005,
            "gross_profit": 1529264,
            "gross_margin": 15.28,
            "gross_margin_4q_avg": 16.04,
            "net_income": 890658,
            "revenue": 10010575,
            "common_shares": 1905867,
            "book_valuer_per_share": 42.93,
            "book_valuer_per_share_4q_avg": 45.16,
            "equity": 8244021,
            "current_ratio": 122.46,
            "debt_ratio": 70.75,
            "inventory_turnover_ratio": 126.04,
            "account_receivable_turnover_ratio": 2.75,
            "reinvestment_rate": 5.18,
            "research_to_sale_ratio": 0.06,
            "price_fair": 569.89,
            "eps_avg_yearly": 16.28,
            "eps_latest_yearly": 18.64,
            "eps_growth_yearly": 45.4
        },
        "20223": {
            "year_quarter": 20223,
            "year": 2022,
            "quarter": 3,
            "eps": 8.47,
            "eps_growth_year": 142,
            "eps_4q": 20.22,
            "eps_4q_growth_year": 34.96,
            "roe": 18.12,
            "roe_4q": 44.18000000000001,
            "gross_profit": 2330286,
            "gross_margin": 16.63,
            "gross_margin_4q_avg": 15.72,
            "net_income": 1618010,
            "revenue": 14012088,
            "common_shares": 1905867,
            "book_valuer_per_share": 50.45,
            "book_valuer_per_share_4q_avg": 46,
            "equity": 9616994,
            "current_ratio": 135.06,
            "debt_ratio": 64.96,
            "inventory_turnover_ratio": 172.83,
            "account_receivable_turnover_ratio": 3.66,
            "reinvestment_rate": 5.17,
            "research_to_sale_ratio": 0.04,
            "price_fair": 614.69,
            "eps_avg_yearly": 17.56,
            "eps_latest_yearly": 33.88,
            "eps_growth_yearly": 43.53
        },
        "20224": {
            "year_quarter": 20224,
            "year": 2022,
            "quarter": 4,
            "eps": 5.36,
            "eps_growth_year": 27.79,
            "eps_4q": 21.32,
            "eps_4q_growth_year": 46.72,
            "roe": 10.39,
            "roe_4q": 45.86000000000001,
            "gross_profit": 1929685,
            "gross_margin": 10.5,
            "gross_margin_4q_avg": 14.62,
            "net_income": 1050895,
            "revenue": 18385072,
            "common_shares": 1905867,
            "book_valuer_per_share": 55.51,
            "book_valuer_per_share_4q_avg": 47.27,
            "equity": 10610348,
            "current_ratio": 132.5,
            "debt_ratio": 68.3,
            "inventory_turnover_ratio": 275.02,
            "account_receivable_turnover_ratio": 3.27,
            "reinvestment_rate": 4.95,
            "research_to_sale_ratio": 0.05,
            "price_fair": 627.64,
            "eps_avg_yearly": 17.93,
            "eps_latest_yearly": 21.44,
            "eps_growth_yearly": 30.39
        },
        "20231": {
            "year_quarter": 20231,
            "year": 2023,
            "quarter": 1,
            "eps": 6.01,
            "eps_growth_year": 115.41,
            "eps_4q": 24.5,
            "eps_4q_growth_year": 80.15,
            "roe": 11.71,
            "roe_4q": 51.37,
            "gross_profit": 1810258,
            "gross_margin": 11.63,
            "gross_margin_4q_avg": 13.51,
            "net_income": 1135958,
            "revenue": 15570981,
            "common_shares": 1905867,
            "book_valuer_per_share": 45.75,
            "book_valuer_per_share_4q_avg": 48.66,
            "equity": 8788810,
            "current_ratio": 121.54,
            "debt_ratio": 74.88,
            "inventory_turnover_ratio": 325.95,
            "account_receivable_turnover_ratio": 2.08,
            "reinvestment_rate": 4.73,
            "research_to_sale_ratio": 0.04,
            "price_fair": 647.41,
            "eps_avg_yearly": 18.5,
            "eps_latest_yearly": 24.04,
            "eps_growth_yearly": 34.26
        }
    },
    "months": {
        "2001-06": {
            "month": "2001-06",
            "price": "27.22",
            "revenue": 193550
        },
        "2001-07": {
            "month": "2001-07",
            "price": "19.32",
            "revenue": 238734
        },
        "2001-08": {
            "month": "2001-08",
            "price": "19.61",
            "revenue": 147551
        },
        "2001-09": {
            "month": "2001-09",
            "price": "17.94",
            "revenue": 226644
        },
        "2001-10": {
            "month": "2001-10",
            "price": "17.35",
            "revenue": 359736
        },
        "2001-11": {
            "month": "2001-11",
            "price": "20.26",
            "revenue": 542297
        },
        "2001-12": {
            "month": "2001-12",
            "price": "26.25",
            "revenue": 600135
        },
        "2002-01": {
            "month": "2002-01",
            "price": "29.26",
            "revenue": 333335
        },
        "2002-02": {
            "month": "2002-02",
            "price": "27.48",
            "revenue": 181563
        },
        "2002-03": {
            "month": "2002-03",
            "price": "29.54",
            "revenue": 241143
        },
        "2002-04": {
            "month": "2002-04",
            "price": "41.38",
            "revenue": 340232
        },
        "2002-05": {
            "month": "2002-05",
            "price": "36.49",
            "revenue": 526169
        },
        "2002-06": {
            "month": "2002-06",
            "price": "35.97",
            "revenue": 814490
        },
        "2002-07": {
            "month": "2002-07",
            "price": "31.53",
            "revenue": 900271
        },
        "2002-08": {
            "month": "2002-08",
            "price": "32.15",
            "revenue": 1143489
        },
        "2002-09": {
            "month": "2002-09",
            "price": "30.60",
            "revenue": 886126
        },
        "2002-10": {
            "month": "2002-10",
            "price": "28.55",
            "revenue": 825347
        },
        "2002-11": {
            "month": "2002-11",
            "price": "31.21",
            "revenue": 549433
        },
        "2002-12": {
            "month": "2002-12",
            "price": "30.99",
            "revenue": 931228
        },
        "2003-01": {
            "month": "2003-01",
            "price": "30.54",
            "revenue": 393412
        },
        "2003-02": {
            "month": "2003-02",
            "price": "28.97",
            "revenue": 410554
        },
        "2003-03": {
            "month": "2003-03",
            "price": "26.73",
            "revenue": 592999
        },
        "2003-04": {
            "month": "2003-04",
            "price": "26.20",
            "revenue": 920955
        },
        "2003-05": {
            "month": "2003-05",
            "price": "26.05",
            "revenue": 1059656
        },
        "2003-06": {
            "month": "2003-06",
            "price": "30.99",
            "revenue": 926720
        },
        "2003-07": {
            "month": "2003-07",
            "price": "33.36",
            "revenue": 900481
        },
        "2003-08": {
            "month": "2003-08",
            "price": "37.95",
            "revenue": 560852
        },
        "2003-09": {
            "month": "2003-09",
            "price": "36.59",
            "revenue": 457263
        },
        "2003-10": {
            "month": "2003-10",
            "price": "36.36",
            "revenue": 533702
        },
        "2003-11": {
            "month": "2003-11",
            "price": "39.82",
            "revenue": 408096
        },
        "2003-12": {
            "month": "2003-12",
            "price": "45.40",
            "revenue": 486901
        },
        "2004-01": {
            "month": "2004-01",
            "price": "46.04",
            "revenue": 461905
        },
        "2004-02": {
            "month": "2004-02",
            "price": "48.20",
            "revenue": 403248
        },
        "2004-03": {
            "month": "2004-03",
            "price": "48.87",
            "revenue": 418125
        },
        "2004-04": {
            "month": "2004-04",
            "price": "49.92",
            "revenue": 415255
        },
        "2004-05": {
            "month": "2004-05",
            "price": "42.24",
            "revenue": 718741
        },
        "2004-06": {
            "month": "2004-06",
            "price": "38.27",
            "revenue": 701407
        },
        "2004-07": {
            "month": "2004-07",
            "price": "34.11",
            "revenue": 944410
        },
        "2004-08": {
            "month": "2004-08",
            "price": "30.50",
            "revenue": 859620
        },
        "2004-09": {
            "month": "2004-09",
            "price": "35.30",
            "revenue": 838018
        },
        "2004-10": {
            "month": "2004-10",
            "price": "32.84",
            "revenue": 884264
        },
        "2004-11": {
            "month": "2004-11",
            "price": "29.15",
            "revenue": 1183003
        },
        "2004-12": {
            "month": "2004-12",
            "price": "29.32",
            "revenue": 1463904
        },
        "2005-01": {
            "month": "2005-01",
            "price": "29.35",
            "revenue": 1156365
        },
        "2005-02": {
            "month": "2005-02",
            "price": "31.55",
            "revenue": 1009337
        },
        "2005-03": {
            "month": "2005-03",
            "price": "34.16",
            "revenue": 859496
        },
        "2005-04": {
            "month": "2005-04",
            "price": "33.77",
            "revenue": 1382888
        },
        "2005-05": {
            "month": "2005-05",
            "price": "33.44",
            "revenue": 889598
        },
        "2005-06": {
            "month": "2005-06",
            "price": "34.31",
            "revenue": 756240
        },
        "2005-07": {
            "month": "2005-07",
            "price": "35.70",
            "revenue": 502388
        },
        "2005-08": {
            "month": "2005-08",
            "price": "32.15",
            "revenue": 400176
        },
        "2005-09": {
            "month": "2005-09",
            "price": "28.22",
            "revenue": 418372
        },
        "2005-10": {
            "month": "2005-10",
            "price": "25.92",
            "revenue": 382746
        },
        "2005-11": {
            "month": "2005-11",
            "price": "24.08",
            "revenue": 472118
        },
        "2005-12": {
            "month": "2005-12",
            "price": "26.58",
            "revenue": 486072
        },
        "2006-01": {
            "month": "2006-01",
            "price": "26.11",
            "revenue": 346593
        },
        "2006-02": {
            "month": "2006-02",
            "price": "24.35",
            "revenue": 276185
        },
        "2006-03": {
            "month": "2006-03",
            "price": "24.04",
            "revenue": 393813
        },
        "2006-04": {
            "month": "2006-04",
            "price": "25.19",
            "revenue": 459627
        },
        "2006-05": {
            "month": "2006-05",
            "price": "26.20",
            "revenue": 622582
        },
        "2006-06": {
            "month": "2006-06",
            "price": "24.50",
            "revenue": 868714
        },
        "2006-07": {
            "month": "2006-07",
            "price": "24.52",
            "revenue": 867922
        },
        "2006-08": {
            "month": "2006-08",
            "price": "21.68",
            "revenue": 882911
        },
        "2006-09": {
            "month": "2006-09",
            "price": "20.97",
            "revenue": 865778
        },
        "2006-10": {
            "month": "2006-10",
            "price": "21.93",
            "revenue": 592321
        },
        "2006-11": {
            "month": "2006-11",
            "price": "22.72",
            "revenue": 630027
        },
        "2006-12": {
            "month": "2006-12",
            "price": "23.75",
            "revenue": 592629
        },
        "2007-01": {
            "month": "2007-01",
            "price": "25.30",
            "revenue": 629371
        },
        "2007-02": {
            "month": "2007-02",
            "price": "24.91",
            "revenue": 854780
        },
        "2007-03": {
            "month": "2007-03",
            "price": "25.32",
            "revenue": 796877
        },
        "2007-04": {
            "month": "2007-04",
            "price": "28.07",
            "revenue": 1002542
        },
        "2007-05": {
            "month": "2007-05",
            "price": "29.36",
            "revenue": 815386
        },
        "2007-06": {
            "month": "2007-06",
            "price": "31.85",
            "revenue": 843934
        },
        "2007-07": {
            "month": "2007-07",
            "price": "31.87",
            "revenue": 765981
        },
        "2007-08": {
            "month": "2007-08",
            "price": "30.02",
            "revenue": 464734
        },
        "2007-09": {
            "month": "2007-09",
            "price": "29.91",
            "revenue": 485570
        },
        "2007-10": {
            "month": "2007-10",
            "price": "28.87",
            "revenue": 537142
        },
        "2007-11": {
            "month": "2007-11",
            "price": "27.81",
            "revenue": 787507
        },
        "2007-12": {
            "month": "2007-12",
            "price": "26.90",
            "revenue": 1107409
        },
        "2008-01": {
            "month": "2008-01",
            "price": "26.47",
            "revenue": 615490
        },
        "2008-02": {
            "month": "2008-02",
            "price": "26.80",
            "revenue": 323584
        },
        "2008-03": {
            "month": "2008-03",
            "price": "27.94",
            "revenue": 621013
        },
        "2008-04": {
            "month": "2008-04",
            "price": "29.16",
            "revenue": 428425
        },
        "2008-05": {
            "month": "2008-05",
            "price": "28.54",
            "revenue": 553288
        },
        "2008-06": {
            "month": "2008-06",
            "price": "27.20",
            "revenue": 666339
        },
        "2008-07": {
            "month": "2008-07",
            "price": "23.47",
            "revenue": 572755
        },
        "2008-08": {
            "month": "2008-08",
            "price": "22.19",
            "revenue": 818428
        },
        "2008-09": {
            "month": "2008-09",
            "price": "19.83",
            "revenue": 866833
        },
        "2008-10": {
            "month": "2008-10",
            "price": "15.52",
            "revenue": 831739
        },
        "2008-11": {
            "month": "2008-11",
            "price": "13.11",
            "revenue": 831597
        },
        "2008-12": {
            "month": "2008-12",
            "price": "11.37",
            "revenue": 802572
        },
        "2009-01": {
            "month": "2009-01",
            "price": "11.06",
            "revenue": 397754
        },
        "2009-02": {
            "month": "2009-02",
            "price": "11.16",
            "revenue": 288007
        },
        "2009-03": {
            "month": "2009-03",
            "price": "12.58",
            "revenue": 283953
        },
        "2009-04": {
            "month": "2009-04",
            "price": "14.26",
            "revenue": 187158
        },
        "2009-05": {
            "month": "2009-05",
            "price": "15.04",
            "revenue": 190554
        },
        "2009-06": {
            "month": "2009-06",
            "price": "15.14",
            "revenue": 252369
        },
        "2009-07": {
            "month": "2009-07",
            "price": "15.17",
            "revenue": 156551
        },
        "2009-08": {
            "month": "2009-08",
            "price": "15.21",
            "revenue": 120125
        },
        "2009-09": {
            "month": "2009-09",
            "price": "15.44",
            "revenue": 185692
        },
        "2009-10": {
            "month": "2009-10",
            "price": "17.66",
            "revenue": 182925
        },
        "2009-11": {
            "month": "2009-11",
            "price": "22.02",
            "revenue": 276324
        },
        "2009-12": {
            "month": "2009-12",
            "price": "26.58",
            "revenue": 347462
        },
        "2010-01": {
            "month": "2010-01",
            "price": "27.26",
            "revenue": 408368
        },
        "2010-02": {
            "month": "2010-02",
            "price": "29.17",
            "revenue": 323289
        },
        "2010-03": {
            "month": "2010-03",
            "price": "31.48",
            "revenue": 353734
        },
        "2010-04": {
            "month": "2010-04",
            "price": "30.64",
            "revenue": 624243
        },
        "2010-05": {
            "month": "2010-05",
            "price": "29.42",
            "revenue": 851147
        },
        "2010-06": {
            "month": "2010-06",
            "price": "30.14",
            "revenue": 873425
        },
        "2010-07": {
            "month": "2010-07",
            "price": "37.92",
            "revenue": 757585
        },
        "2010-08": {
            "month": "2010-08",
            "price": "44.06",
            "revenue": 627786
        },
        "2010-09": {
            "month": "2010-09",
            "price": "45.00",
            "revenue": 950550
        },
        "2010-10": {
            "month": "2010-10",
            "price": "39.62",
            "revenue": 888862
        },
        "2010-11": {
            "month": "2010-11",
            "price": "39.79",
            "revenue": 818311
        },
        "2010-12": {
            "month": "2010-12",
            "price": "43.01",
            "revenue": 543711
        },
        "2011-01": {
            "month": "2011-01",
            "price": "43.24",
            "revenue": 440271
        },
        "2011-02": {
            "month": "2011-02",
            "price": "42.41",
            "revenue": 540287
        },
        "2011-03": {
            "month": "2011-03",
            "price": "40.45",
            "revenue": 814912
        },
        "2011-04": {
            "month": "2011-04",
            "price": "43.43",
            "revenue": 860849
        },
        "2011-05": {
            "month": "2011-05",
            "price": "42.95",
            "revenue": 904077
        },
        "2011-06": {
            "month": "2011-06",
            "price": "42.50",
            "revenue": 722379
        },
        "2011-07": {
            "month": "2011-07",
            "price": "38.47",
            "revenue": 744181
        },
        "2011-08": {
            "month": "2011-08",
            "price": "28.86",
            "revenue": 1345907
        },
        "2011-09": {
            "month": "2011-09",
            "price": "29.20",
            "revenue": 1319638
        },
        "2011-10": {
            "month": "2011-10",
            "price": "30.72",
            "revenue": 1208143
        },
        "2011-11": {
            "month": "2011-11",
            "price": "28.04",
            "revenue": 1183228
        },
        "2011-12": {
            "month": "2011-12",
            "price": "25.60",
            "revenue": 1239799
        },
        "2012-01": {
            "month": "2012-01",
            "price": "26.33",
            "revenue": 759027
        },
        "2012-02": {
            "month": "2012-02",
            "price": "30.36",
            "revenue": 544915
        },
        "2012-03": {
            "month": "2012-03",
            "price": "32.17",
            "revenue": 514056
        },
        "2012-04": {
            "month": "2012-04",
            "price": "29.84",
            "revenue": 436428
        },
        "2012-05": {
            "month": "2012-05",
            "price": "27.14",
            "revenue": 493611
        },
        "2012-06": {
            "month": "2012-06",
            "price": "27.60",
            "revenue": 651464
        },
        "2012-07": {
            "month": "2012-07",
            "price": "26.13",
            "revenue": 543156
        },
        "2012-08": {
            "month": "2012-08",
            "price": "24.02",
            "revenue": 595130
        },
        "2012-09": {
            "month": "2012-09",
            "price": "24.51",
            "revenue": 821258
        },
        "2012-10": {
            "month": "2012-10",
            "price": "25.62",
            "revenue": 968013
        },
        "2012-11": {
            "month": "2012-11",
            "price": "24.65",
            "revenue": 801344
        },
        "2012-12": {
            "month": "2012-12",
            "price": "24.41",
            "revenue": 920218
        },
        "2013-01": {
            "month": "2013-01",
            "price": "24.68",
            "revenue": 899901
        },
        "2013-02": {
            "month": "2013-02",
            "price": "25.01",
            "revenue": 921481
        },
        "2013-03": {
            "month": "2013-03",
            "price": "27.59",
            "revenue": 1253801
        },
        "2013-04": {
            "month": "2013-04",
            "price": "28.30",
            "revenue": 1109768
        },
        "2013-05": {
            "month": "2013-05",
            "price": "30.94",
            "revenue": 1076825
        },
        "2013-06": {
            "month": "2013-06",
            "price": "29.33",
            "revenue": 1036757
        },
        "2013-07": {
            "month": "2013-07",
            "price": "29.11",
            "revenue": 813499
        },
        "2013-08": {
            "month": "2013-08",
            "price": "29.48",
            "revenue": 865026
        },
        "2013-09": {
            "month": "2013-09",
            "price": "30.84",
            "revenue": 793844
        },
        "2013-10": {
            "month": "2013-10",
            "price": "31.28",
            "revenue": 813283
        },
        "2013-11": {
            "month": "2013-11",
            "price": "32.92",
            "revenue": 716510
        },
        "2013-12": {
            "month": "2013-12",
            "price": "36.70",
            "revenue": 1143356
        },
        "2014-01": {
            "month": "2014-01",
            "price": "38.84",
            "revenue": 743591
        },
        "2014-02": {
            "month": "2014-02",
            "price": "39.19",
            "revenue": 362241
        },
        "2014-03": {
            "month": "2014-03",
            "price": "38.62",
            "revenue": 283433
        },
        "2014-04": {
            "month": "2014-04",
            "price": "35.70",
            "revenue": 388349
        },
        "2014-05": {
            "month": "2014-05",
            "price": "33.35",
            "revenue": 323282
        },
        "2014-06": {
            "month": "2014-06",
            "price": "33.42",
            "revenue": 429537
        },
        "2014-07": {
            "month": "2014-07",
            "price": "30.61",
            "revenue": 500693
        },
        "2014-08": {
            "month": "2014-08",
            "price": "29.86",
            "revenue": 439941
        },
        "2014-09": {
            "month": "2014-09",
            "price": "31.24",
            "revenue": 649105
        },
        "2014-10": {
            "month": "2014-10",
            "price": "29.05",
            "revenue": 654649
        },
        "2014-11": {
            "month": "2014-11",
            "price": "28.79",
            "revenue": 1192774
        },
        "2014-12": {
            "month": "2014-12",
            "price": "29.81",
            "revenue": 973032
        },
        "2015-01": {
            "month": "2015-01",
            "price": "30.68",
            "revenue": 905221
        },
        "2015-02": {
            "month": "2015-02",
            "price": "31.57",
            "revenue": 1018488
        },
        "2015-03": {
            "month": "2015-03",
            "price": "33.45",
            "revenue": 603803
        },
        "2015-04": {
            "month": "2015-04",
            "price": "34.60",
            "revenue": 1005142
        },
        "2015-05": {
            "month": "2015-05",
            "price": "35.20",
            "revenue": 1106602
        },
        "2015-06": {
            "month": "2015-06",
            "price": "33.72",
            "revenue": 1139304
        },
        "2015-07": {
            "month": "2015-07",
            "price": "31.35",
            "revenue": 1085206
        },
        "2015-08": {
            "month": "2015-08",
            "price": "31.27",
            "revenue": 1092426
        },
        "2015-09": {
            "month": "2015-09",
            "price": "32.63",
            "revenue": 1014982
        },
        "2015-10": {
            "month": "2015-10",
            "price": "38.30",
            "revenue": 946189
        },
        "2015-11": {
            "month": "2015-11",
            "price": "39.78",
            "revenue": 1053296
        },
        "2015-12": {
            "month": "2015-12",
            "price": "42.92",
            "revenue": 1447283
        },
        "2016-01": {
            "month": "2016-01",
            "price": "41.91",
            "revenue": 1456554
        },
        "2016-02": {
            "month": "2016-02",
            "price": "46.82",
            "revenue": 1259633
        },
        "2016-03": {
            "month": "2016-03",
            "price": "51.51",
            "revenue": 1329081
        },
        "2016-04": {
            "month": "2016-04",
            "price": "48.98",
            "revenue": 1502725
        },
        "2016-05": {
            "month": "2016-05",
            "price": "46.60",
            "revenue": 1479935
        },
        "2016-06": {
            "month": "2016-06",
            "price": "49.76",
            "revenue": 1244518
        },
        "2016-07": {
            "month": "2016-07",
            "price": "47.36",
            "revenue": 991735
        },
        "2016-08": {
            "month": "2016-08",
            "price": "49.12",
            "revenue": 1063865
        },
        "2016-09": {
            "month": "2016-09",
            "price": "49.12",
            "revenue": 1146805
        },
        "2016-10": {
            "month": "2016-10",
            "price": "47.51",
            "revenue": 919449
        },
        "2016-11": {
            "month": "2016-11",
            "price": "47.30",
            "revenue": 1351699
        },
        "2016-12": {
            "month": "2016-12",
            "price": "48.82",
            "revenue": 1680851
        },
        "2017-01": {
            "month": "2017-01",
            "price": "50.72",
            "revenue": 1488756
        },
        "2017-02": {
            "month": "2017-02",
            "price": "56.38",
            "revenue": 956482
        },
        "2017-03": {
            "month": "2017-03",
            "price": "60.42",
            "revenue": 948796
        },
        "2017-04": {
            "month": "2017-04",
            "price": "65.26",
            "revenue": 1339524
        },
        "2017-05": {
            "month": "2017-05",
            "price": "66.11",
            "revenue": 1213227
        },
        "2017-06": {
            "month": "2017-06",
            "price": "70.58",
            "revenue": 1096481
        },
        "2017-07": {
            "month": "2017-07",
            "price": "62.30",
            "revenue": 1078142
        },
        "2017-08": {
            "month": "2017-08",
            "price": "55.97",
            "revenue": 929270
        },
        "2017-09": {
            "month": "2017-09",
            "price": "53.82",
            "revenue": 870463
        },
        "2017-10": {
            "month": "2017-10",
            "price": "54.73",
            "revenue": 695549
        },
        "2017-11": {
            "month": "2017-11",
            "price": "55.42",
            "revenue": 1216053
        },
        "2017-12": {
            "month": "2017-12",
            "price": "59.10",
            "revenue": 693176
        },
        "2018-01": {
            "month": "2018-01",
            "price": "59.87",
            "revenue": 1180574
        },
        "2018-02": {
            "month": "2018-02",
            "price": "59.21",
            "revenue": 1027683
        },
        "2018-03": {
            "month": "2018-03",
            "price": "59.75",
            "revenue": 770553
        },
        "2018-04": {
            "month": "2018-04",
            "price": "64.53",
            "revenue": 1139018
        },
        "2018-05": {
            "month": "2018-05",
            "price": "64.96",
            "revenue": 973235
        },
        "2018-06": {
            "month": "2018-06",
            "price": "66.30",
            "revenue": 929014
        },
        "2018-07": {
            "month": "2018-07",
            "price": "57.55",
            "revenue": 933367
        },
        "2018-08": {
            "month": "2018-08",
            "price": "59.68",
            "revenue": 1439978
        },
        "2018-09": {
            "month": "2018-09",
            "price": "60.12",
            "revenue": 1981309
        },
        "2018-10": {
            "month": "2018-10",
            "price": "56.68",
            "revenue": 2477284
        },
        "2018-11": {
            "month": "2018-11",
            "price": "59.82",
            "revenue": 2373900
        },
        "2018-12": {
            "month": "2018-12",
            "price": "85.97",
            "revenue": 2902018
        },
        "2019-01": {
            "month": "2019-01",
            "price": "93.81",
            "revenue": 2852596
        },
        "2019-02": {
            "month": "2019-02",
            "price": "98.16",
            "revenue": 1851162
        },
        "2019-03": {
            "month": "2019-03",
            "price": "106.58",
            "revenue": 1983942
        },
        "2019-04": {
            "month": "2019-04",
            "price": "118.15",
            "revenue": 1872468
        },
        "2019-05": {
            "month": "2019-05",
            "price": "146.91",
            "revenue": 1735691
        },
        "2019-06": {
            "month": "2019-06",
            "price": "148.24",
            "revenue": 2205953
        },
        "2019-07": {
            "month": "2019-07",
            "price": "154.61",
            "revenue": 1446261
        },
        "2019-08": {
            "month": "2019-08",
            "price": "152.55",
            "revenue": 1478605
        },
        "2019-09": {
            "month": "2019-09",
            "price": "158.66",
            "revenue": 1317160
        },
        "2019-10": {
            "month": "2019-10",
            "price": "158.38",
            "revenue": 2112054
        },
        "2019-11": {
            "month": "2019-11",
            "price": "167.19",
            "revenue": 2903654
        },
        "2019-12": {
            "month": "2019-12",
            "price": "185.05",
            "revenue": 2161084
        },
        "2020-01": {
            "month": "2020-01",
            "price": "193.57",
            "revenue": 1943558
        },
        "2020-02": {
            "month": "2020-02",
            "price": "186.37",
            "revenue": 2414034
        },
        "2020-03": {
            "month": "2020-03",
            "price": "163.32",
            "revenue": 2489083
        },
        "2020-04": {
            "month": "2020-04",
            "price": "180.85",
            "revenue": 3044693
        },
        "2020-05": {
            "month": "2020-05",
            "price": "196.05",
            "revenue": 2486524
        },
        "2020-06": {
            "month": "2020-06",
            "price": "211.95",
            "revenue": 4463567
        },
        "2020-07": {
            "month": "2020-07",
            "price": "208.48",
            "revenue": 3760281
        },
        "2020-08": {
            "month": "2020-08",
            "price": "206.83",
            "revenue": 4309378
        },
        "2020-09": {
            "month": "2020-09",
            "price": "199.25",
            "revenue": 3896920
        },
        "2020-10": {
            "month": "2020-10",
            "price": "199.05",
            "revenue": 2804289
        },
        "2020-11": {
            "month": "2020-11",
            "price": "212.62",
            "revenue": 1895995
        },
        "2020-12": {
            "month": "2020-12",
            "price": "218.63",
            "revenue": 2328322
        },
        "2021-01": {
            "month": "2021-01",
            "price": "233.18",
            "revenue": 2189927
        },
        "2021-02": {
            "month": "2021-02",
            "price": "240.77",
            "revenue": 1172498
        },
        "2021-03": {
            "month": "2021-03",
            "price": "238.61",
            "revenue": 2432003
        },
        "2021-04": {
            "month": "2021-04",
            "price": "254.58",
            "revenue": 1926907
        },
        "2021-05": {
            "month": "2021-05",
            "price": "227.05",
            "revenue": 1610107
        },
        "2021-06": {
            "month": "2021-06",
            "price": "227.12",
            "revenue": 2453536
        },
        "2021-07": {
            "month": "2021-07",
            "price": "205.20",
            "revenue": 2113393
        },
        "2021-08": {
            "month": "2021-08",
            "price": "194.11",
            "revenue": 2140297
        },
        "2021-09": {
            "month": "2021-09",
            "price": "182.38",
            "revenue": 2019948
        },
        "2021-10": {
            "month": "2021-10",
            "price": "179.30",
            "revenue": 2963970
        },
        "2021-11": {
            "month": "2021-11",
            "price": "184.59",
            "revenue": 2224540
        },
        "2021-12": {
            "month": "2021-12",
            "price": "174.68",
            "revenue": 2359014
        },
        "2022-01": {
            "month": "2022-01",
            "price": "182.11",
            "revenue": 2113649
        },
        "2022-02": {
            "month": "2022-02",
            "price": "177.87",
            "revenue": 1744064
        },
        "2022-03": {
            "month": "2022-03",
            "price": "188.24",
            "revenue": 1934862
        },
        "2022-04": {
            "month": "2022-04",
            "price": "181.37",
            "revenue": 2236942
        },
        "2022-05": {
            "month": "2022-05",
            "price": "177.00",
            "revenue": 4175905
        },
        "2022-06": {
            "month": "2022-06",
            "price": "174.95",
            "revenue": 3597728
        },
        "2022-07": {
            "month": "2022-07",
            "price": "143.14",
            "revenue": 3598081
        },
        "2022-08": {
            "month": "2022-08",
            "price": "156.63",
            "revenue": 5266644
        },
        "2022-09": {
            "month": "2022-09",
            "price": "161.40",
            "revenue": 5147364
        },
        "2022-10": {
            "month": "2022-10",
            "price": "146.08",
            "revenue": 6767074
        },
        "2022-11": {
            "month": "2022-11",
            "price": "165.11",
            "revenue": 4530458
        },
        "2022-12": {
            "month": "2022-12",
            "price": "183.86",
            "revenue": 7087539
        },
        "2023-01": {
            "month": "2023-01",
            "price": "192.92",
            "revenue": 4504667
        },
        "2023-02": {
            "month": "2023-02",
            "price": "216.69",
            "revenue": 4731647
        },
        "2023-03": {
            "month": "2023-03",
            "price": "225.59",
            "revenue": 6334667
        },
        "2023-04": {
            "month": "2023-04",
            "price": "213.03",
            "revenue": 5958846
        },
        "2023-05": {
            "month": "2023-05",
            "price": "223.27",
            "revenue": 7081612
        }
    }
}
