{
    "summary": {
        "stock_name": "輔信",
        "stock_id": "2405",
        "category": "電腦及週邊設備",
        "main_business": "微電腦及其週邊設備開發製造及買賣業務等.",
        "website_url": "http://www.shuttle.com",
        "ceo": "鄭瑋勳",
        "pe_ratio": 92,
        "report_year_from": 2001,
        "report_year_to": 2023,
        "age": 22,
        "eps_negative_percentage": 61,
        "eps_growth_avg": {
            "last_all": 2.87,
            "last_2y": 42.53,
            "last_4y": 42.53,
            "last_8y": 6.9,
            "last_12y": 29.33,
            "last_16y": 9,
            "last_20y": 2.87,
            "at_2006_last_3y": -35.63,
            "at_2007_last_3y": -28.64,
            "at_2008_last_3y": -9.48,
            "at_2009_last_3y": -21.49,
            "at_2010_last_3y": 1.28,
            "at_2011_last_3y": -48.08,
            "at_2012_last_3y": 0,
            "at_2013_last_3y": 74.19,
            "at_2014_last_3y": 16.13,
            "at_2015_last_3y": 16.13,
            "at_2016_last_3y": -25.81,
            "at_2017_last_3y": -100,
            "at_2018_last_3y": null,
            "at_2019_last_3y": null,
            "at_2020_last_3y": 100,
            "at_2021_last_3y": 100,
            "at_2022_last_3y": 42.53,
            "at_2023_last_3y": 42.53,
            "at_2006_last_all": -35.63,
            "at_2007_last_all": -8.51,
            "at_2008_last_all": -6.45,
            "at_2009_last_all": -19.81,
            "at_2010_last_all": -19.81,
            "at_2011_last_all": -19.81,
            "at_2012_last_all": -4.84,
            "at_2013_last_all": 1.08,
            "at_2014_last_all": -9.03,
            "at_2015_last_all": -9.03,
            "at_2016_last_all": -9.03,
            "at_2017_last_all": -9.03,
            "at_2018_last_all": -9.03,
            "at_2019_last_all": -9.03,
            "at_2020_last_all": 0.88,
            "at_2021_last_all": 9.14,
            "at_2022_last_all": 2.87,
            "at_2023_last_all": 2.87
        },
        "latest_eps": 0.13,
        "latest_price": 11.95,
        "latest_roe": 1.23,
        "latest_gross_margin": 39.02,
        "latest_equity": 3747406,
        "latest_revenue": 423238,
        "latest_gross_profit": 165154,
        "latest_net_income": -5958,
        "latest_debt_ratio": 14.65,
        "latest_current_ratio": 555.92,
        "latest_account_receivable_turnover_ratio": 2.73,
        "latest_inventory_turnover_ratio": 0.29,
        "latest_reinvestment_rate": 168.04,
        "latest_research_to_sale_ratio": 9.64
    },
    "eps_dividends": {
        "1999": {
            "cash": 0,
            "stock": 3,
            "eps": 0
        },
        "2000": {
            "cash": 0,
            "stock": 2,
            "eps": 0
        },
        "2001": {
            "cash": 0,
            "stock": 0,
            "eps": -1.53
        },
        "2002": {
            "cash": 0,
            "stock": 0,
            "eps": 2.18
        },
        "2003": {
            "cash": 0,
            "stock": 2,
            "eps": 3.75
        },
        "2004": {
            "cash": 1,
            "stock": 3,
            "eps": 1.02
        },
        "2005": {
            "cash": 0,
            "stock": 0,
            "eps": 0.49
        },
        "2006": {
            "cash": 0,
            "stock": 0,
            "eps": 0.05
        },
        "2007": {
            "cash": 0,
            "stock": 0,
            "eps": 0.26
        },
        "2008": {
            "cash": 0,
            "stock": 0,
            "eps": 0.27
        },
        "2009": {
            "cash": 0,
            "stock": 0,
            "eps": -2.35
        },
        "2010": {
            "cash": 0,
            "stock": 0,
            "eps": -1.35
        },
        "2011": {
            "cash": 0,
            "stock": 0,
            "eps": 0.03
        },
        "2012": {
            "cash": 0,
            "stock": 0,
            "eps": 0.93
        },
        "2013": {
            "cash": 1,
            "stock": 0,
            "eps": 1.38
        },
        "2014": {
            "cash": 1,
            "stock": 0,
            "eps": -0.72
        },
        "2015": {
            "cash": 0,
            "stock": 0,
            "eps": -0.62
        },
        "2016": {
            "cash": 0,
            "stock": 0,
            "eps": -0.3
        },
        "2017": {
            "cash": 0,
            "stock": 0,
            "eps": -0.45
        },
        "2018": {
            "cash": 0,
            "stock": 0,
            "eps": -0.41
        },
        "2019": {
            "cash": 0,
            "stock": 0,
            "eps": 0.02
        },
        "2020": {
            "cash": 0,
            "stock": 0,
            "eps": 0.17
        },
        "2021": {
            "cash": 0,
            "stock": 0,
            "eps": 0.58
        },
        "2022": {
            "cash": 0,
            "stock": 0,
            "eps": 0.16
        },
        "2023": {
            "cash": 0,
            "stock": 0,
            "eps": -0.02
        }
    },
    "dividends": {
        "1999-06-28": {
            "cash": 0,
            "stock": 3
        },
        "2000-05-22": {
            "cash": 0,
            "stock": 2
        },
        "2003-03-25": {
            "cash": 0,
            "stock": 1.75
        },
        "2004-04-16": {
            "cash": 1,
            "stock": 2.5
        },
        "2005-03-28": {
            "cash": 0.26,
            "stock": 0.26
        },
        "2006-04-26": {
            "cash": 0.38,
            "stock": 0
        },
        "2008-04-23": {
            "cash": 0.2,
            "stock": 0
        },
        "2013-03-21": {
            "cash": 0.5,
            "stock": 0
        },
        "2014-08-29": {
            "cash": 0.7,
            "stock": 0
        },
        "2017-10-06": {
            "cash": 0.12,
            "stock": 0
        },
        "2023-04-12": {
            "cash": 0.2,
            "stock": 0
        }
    },
    "prices": {
        "200101": "9.03",
        "200102": "13.88",
        "200103": "15.03",
        "200104": "17.52",
        "200105": "15.13",
        "200106": "14.18",
        "200107": "8.86",
        "200108": "9.85",
        "200109": "8.03",
        "200110": "7.02",
        "200111": "10.31",
        "200112": "24.53",
        "200201": "44.43",
        "200202": "38.19",
        "200203": "37.73",
        "200204": "35.19",
        "200205": "25.80",
        "200206": "26.44",
        "200207": "24.85",
        "200208": "24.89",
        "200209": "23.18",
        "200210": "22.03",
        "200211": "25.77",
        "200212": "24.24",
        "200301": "23.95",
        "200302": "23.45",
        "200303": "27.11",
        "200304": "32.92",
        "200305": "38.72",
        "200306": "42.99",
        "200307": "55.72",
        "200308": "49.85",
        "200309": "42.59",
        "200310": "42.60",
        "200311": "41.58",
        "200312": "39.17",
        "200401": "42.07",
        "200402": "47.27",
        "200403": "53.03",
        "200404": "54.84",
        "200405": "40.41",
        "200406": "36.94",
        "200407": "32.40",
        "200408": "25.05",
        "200409": "22.32",
        "200410": "21.16",
        "200411": "21.23",
        "200412": "20.62",
        "200501": "19.47",
        "200502": "19.65",
        "200503": "19.05",
        "200504": "15.62",
        "200505": "14.57",
        "200506": "16.86",
        "200507": "16.04",
        "200508": "14.62",
        "200509": "13.74",
        "200510": "11.73",
        "200511": "11.92",
        "200512": "13.50",
        "200601": "13.31",
        "200602": "12.24",
        "200603": "11.45",
        "200604": "12.33",
        "200605": "12.40",
        "200606": "11.08",
        "200607": "10.32",
        "200608": "9.38",
        "200609": "8.30",
        "200610": "8.65",
        "200611": "11.82",
        "200612": "14.94",
        "200701": "14.29",
        "200702": "12.84",
        "200703": "13.57",
        "200704": "14.22",
        "200705": "13.32",
        "200706": "16.43",
        "200707": "19.58",
        "200708": "16.74",
        "200709": "15.85",
        "200710": "14.72",
        "200711": "11.74",
        "200712": "10.84",
        "200801": "10.66",
        "200802": "12.06",
        "200803": "12.92",
        "200804": "14.33",
        "200805": "14.91",
        "200806": "14.44",
        "200807": "11.41",
        "200808": "12.55",
        "200809": "9.60",
        "200810": "7.82",
        "200811": "7.21",
        "200812": "6.99",
        "200901": "6.58",
        "200902": "6.57",
        "200903": "7.40",
        "200904": "8.63",
        "200905": "16.46",
        "200906": "18.76",
        "200907": "20.20",
        "200908": "19.53",
        "200909": "21.53",
        "200910": "25.49",
        "200911": "25.42",
        "200912": "28.79",
        "201001": "28.90",
        "201002": "26.88",
        "201003": "26.83",
        "201004": "28.19",
        "201005": "23.75",
        "201006": "24.67",
        "201007": "24.65",
        "201008": "24.23",
        "201009": "25.33",
        "201010": "24.90",
        "201011": "21.68",
        "201012": "21.80",
        "201101": "19.51",
        "201102": "17.33",
        "201103": "17.10",
        "201104": "17.08",
        "201105": "15.48",
        "201106": "14.78",
        "201107": "14.12",
        "201108": "10.92",
        "201109": "9.82",
        "201110": "9.49",
        "201111": "9.51",
        "201112": "8.43",
        "201201": "8.17",
        "201202": "10.76",
        "201203": "11.22",
        "201204": "9.53",
        "201205": "8.85",
        "201206": "8.04",
        "201207": "8.53",
        "201208": "10.59",
        "201209": "10.77",
        "201210": "10.67",
        "201211": "9.78",
        "201212": "10.60",
        "201301": "10.38",
        "201302": "10.07",
        "201303": "10.41",
        "201304": "11.34",
        "201305": "12.77",
        "201306": "13.18",
        "201307": "13.52",
        "201308": "12.16",
        "201309": "12.24",
        "201310": "13.36",
        "201311": "11.02",
        "201312": "11.26",
        "201401": "13.76",
        "201402": "13.23",
        "201403": "12.69",
        "201404": "12.58",
        "201405": "11.57",
        "201406": "11.52",
        "201407": "10.89",
        "201408": "9.79",
        "201409": "9.40",
        "201410": "8.09",
        "201411": "8.19",
        "201412": "8.23",
        "201501": "8.81",
        "201502": "8.45",
        "201503": "8.28",
        "201504": "8.84",
        "201505": "8.29",
        "201506": "8.39",
        "201507": "8.61",
        "201508": "6.79",
        "201509": "6.88",
        "201510": "7.28",
        "201511": "7.51",
        "201512": "7.01",
        "201601": "7.26",
        "201602": "8.24",
        "201603": "9.29",
        "201604": "10.06",
        "201605": "9.07",
        "201606": "9.40",
        "201607": "9.00",
        "201608": "9.36",
        "201609": "9.70",
        "201610": "8.46",
        "201611": "7.57",
        "201612": "8.12",
        "201701": "8.63",
        "201702": "9.19",
        "201703": "9.20",
        "201704": "8.75",
        "201705": "8.13",
        "201706": "9.12",
        "201707": "10.43",
        "201708": "11.19",
        "201709": "11.33",
        "201710": "11.21",
        "201711": "17.85",
        "201712": "20.69",
        "201801": "20.65",
        "201802": "19.17",
        "201803": "18.59",
        "201804": "17.07",
        "201805": "16.68",
        "201806": "17.78",
        "201807": "14.80",
        "201808": "15.17",
        "201809": "13.69",
        "201810": "11.68",
        "201811": "11.35",
        "201812": "11.55",
        "201901": "11.80",
        "201902": "13.21",
        "201903": "13.54",
        "201904": "12.95",
        "201905": "11.41",
        "201906": "11.93",
        "201907": "12.31",
        "201908": "11.87",
        "201909": "12.24",
        "201910": "12.09",
        "201911": "12.20",
        "201912": "12.28",
        "202001": "12.12",
        "202002": "10.75",
        "202003": "7.96",
        "202004": "9.03",
        "202005": "9.78",
        "202006": "9.58",
        "202007": "9.71",
        "202008": "9.24",
        "202009": "9.25",
        "202010": "8.95",
        "202011": "9.22",
        "202012": "11.50",
        "202101": "11.94",
        "202102": "11.68",
        "202103": "12.46",
        "202104": "14.33",
        "202105": "12.51",
        "202106": "12.63",
        "202107": "12.04",
        "202108": "11.02",
        "202109": "10.54",
        "202110": "11.23",
        "202111": "12.15",
        "202112": "17.23",
        "202201": "15.98",
        "202202": "14.30",
        "202203": "14.02",
        "202204": "13.44",
        "202205": "12.77",
        "202206": "13.05",
        "202207": "12.74",
        "202208": "14.42",
        "202209": "14.00",
        "202210": "11.90",
        "202211": "12.60",
        "202212": "12.30",
        "202301": "11.78",
        "202302": "12.58",
        "202303": "12.44",
        "202304": "12.62",
        "202305": "12.38"
    },
    "quarters": {
        "20011": {
            "year_quarter": 20011,
            "year": 2001,
            "quarter": 1,
            "eps": 0.03,
            "eps_growth_year": -90.62,
            "eps_4q": -0.46,
            "eps_4q_growth_year": -123.55,
            "roe": 0.17,
            "gross_profit": 70397,
            "gross_margin": 7.33,
            "net_income": 3696,
            "revenue": 960605,
            "common_shares": 1368500,
            "equity": 2158078,
            "current_ratio": 320.04,
            "debt_ratio": 34.52,
            "inventory_turnover_ratio": 2.74,
            "account_receivable_turnover_ratio": null,
            "reinvestment_rate": null,
            "research_to_sale_ratio": null,
            "price_fair": 0,
            "eps_avg_yearly": 0,
            "eps_latest_yearly": 0,
            "eps_growth_yearly": 0
        },
        "20012": {
            "year_quarter": 20012,
            "year": 2001,
            "quarter": 2,
            "eps": 0.02,
            "eps_growth_year": -93.1,
            "eps_4q": -0.68,
            "eps_4q_growth_year": -140.46,
            "roe": 0.12,
            "gross_profit": 39303,
            "gross_margin": 5.15,
            "net_income": 2559,
            "revenue": 762600,
            "common_shares": 1368500,
            "equity": 2174121,
            "current_ratio": 392.4,
            "debt_ratio": 31.33,
            "inventory_turnover_ratio": 4.57,
            "account_receivable_turnover_ratio": null,
            "reinvestment_rate": null,
            "research_to_sale_ratio": null,
            "price_fair": 0,
            "eps_avg_yearly": 0,
            "eps_latest_yearly": 0,
            "eps_growth_yearly": 0
        },
        "20013": {
            "year_quarter": 20013,
            "year": 2001,
            "quarter": 3,
            "eps": -1.09,
            "eps_growth_year": null,
            "eps_4q": -1.58,
            "eps_4q_growth_year": -275.69,
            "roe": -6.65,
            "gross_profit": 53084,
            "gross_margin": 5.66,
            "net_income": -139868,
            "revenue": 938094,
            "common_shares": 1368500,
            "equity": 2034253,
            "current_ratio": 324.77,
            "debt_ratio": 36.03,
            "inventory_turnover_ratio": 4.62,
            "account_receivable_turnover_ratio": null,
            "reinvestment_rate": null,
            "research_to_sale_ratio": null,
            "price_fair": 0,
            "eps_avg_yearly": 0,
            "eps_latest_yearly": 0,
            "eps_growth_yearly": 0
        },
        "20014": {
            "year_quarter": 20014,
            "year": 2001,
            "quarter": 4,
            "eps": -0.49,
            "eps_growth_year": null,
            "eps_4q": -1.53,
            "eps_4q_growth_year": null,
            "roe": -3.12,
            "gross_profit": -3090,
            "gross_margin": -0.24,
            "net_income": -62422,
            "revenue": 1290716,
            "common_shares": 1368500,
            "equity": 1963327,
            "current_ratio": 186.77,
            "debt_ratio": 44.01,
            "inventory_turnover_ratio": 3.31,
            "account_receivable_turnover_ratio": null,
            "reinvestment_rate": null,
            "research_to_sale_ratio": null,
            "price_fair": 0,
            "eps_avg_yearly": 0,
            "eps_latest_yearly": 0,
            "eps_growth_yearly": 0
        },
        "20021": {
            "year_quarter": 20021,
            "year": 2002,
            "quarter": 1,
            "eps": 0.61,
            "eps_growth_year": 1933.33,
            "eps_4q": -0.96,
            "eps_4q_growth_year": null,
            "roe": 3.76,
            "gross_profit": 203419,
            "gross_margin": 15.48,
            "net_income": 77808,
            "revenue": 1314428,
            "common_shares": 1368500,
            "equity": 2176410,
            "current_ratio": 224.29,
            "debt_ratio": 36.9,
            "inventory_turnover_ratio": 3.15,
            "account_receivable_turnover_ratio": null,
            "reinvestment_rate": null,
            "research_to_sale_ratio": null,
            "price_fair": 0,
            "eps_avg_yearly": 0,
            "eps_latest_yearly": 0,
            "eps_growth_yearly": 0
        },
        "20022": {
            "year_quarter": 20022,
            "year": 2002,
            "quarter": 2,
            "eps": 0.26,
            "eps_growth_year": 1200,
            "eps_4q": -0.68,
            "eps_4q_growth_year": null,
            "roe": 1.58,
            "gross_profit": 149751,
            "gross_margin": 14.48,
            "net_income": 34553,
            "revenue": 1034148,
            "common_shares": 1368500,
            "equity": 2191915,
            "current_ratio": 231.48,
            "debt_ratio": 30.79,
            "inventory_turnover_ratio": 6.11,
            "account_receivable_turnover_ratio": null,
            "reinvestment_rate": null,
            "research_to_sale_ratio": null,
            "price_fair": 3.12,
            "eps_avg_yearly": 1.04,
            "eps_latest_yearly": 1.04,
            "eps_growth_yearly": -229.51
        },
        "20023": {
            "year_quarter": 20023,
            "year": 2002,
            "quarter": 3,
            "eps": 0.61,
            "eps_growth_year": null,
            "eps_4q": 0.98,
            "eps_4q_growth_year": null,
            "roe": 3.68,
            "gross_profit": 178156,
            "gross_margin": 13.34,
            "net_income": 81946,
            "revenue": 1335233,
            "common_shares": 1368500,
            "equity": 2265806,
            "current_ratio": 191.66,
            "debt_ratio": 36.54,
            "inventory_turnover_ratio": 6.63,
            "account_receivable_turnover_ratio": null,
            "reinvestment_rate": null,
            "research_to_sale_ratio": null,
            "price_fair": 60.9,
            "eps_avg_yearly": 1.74,
            "eps_latest_yearly": 2.44,
            "eps_growth_yearly": 154.48
        },
        "20024": {
            "year_quarter": 20024,
            "year": 2002,
            "quarter": 4,
            "eps": 0.7,
            "eps_growth_year": null,
            "eps_4q": 2.15,
            "eps_4q_growth_year": null,
            "roe": 4.05,
            "gross_profit": 251824,
            "gross_margin": 16.33,
            "net_income": 93641,
            "revenue": 1541780,
            "common_shares": 1368500,
            "equity": 2357482,
            "current_ratio": 156.03,
            "debt_ratio": 41.21,
            "inventory_turnover_ratio": 2.65,
            "account_receivable_turnover_ratio": null,
            "reinvestment_rate": 167.99,
            "research_to_sale_ratio": null,
            "price_fair": 73.27,
            "eps_avg_yearly": 2.09,
            "eps_latest_yearly": 2.8,
            "eps_growth_yearly": 122.66
        },
        "20031": {
            "year_quarter": 20031,
            "year": 2003,
            "quarter": 1,
            "eps": 1.55,
            "eps_growth_year": 154.1,
            "eps_4q": 3.08,
            "eps_4q_growth_year": null,
            "roe": 8.64,
            "gross_profit": 370453,
            "gross_margin": 22.59,
            "net_income": 212355,
            "revenue": 1639977,
            "common_shares": 1368500,
            "equity": 2558587,
            "current_ratio": 182.34,
            "debt_ratio": 36.45,
            "inventory_turnover_ratio": 2.45,
            "account_receivable_turnover_ratio": null,
            "reinvestment_rate": 101.69,
            "research_to_sale_ratio": null,
            "price_fair": 109.2,
            "eps_avg_yearly": 3.12,
            "eps_latest_yearly": 6.2,
            "eps_growth_yearly": 213.42
        },
        "20032": {
            "year_quarter": 20032,
            "year": 2003,
            "quarter": 2,
            "eps": 1.05,
            "eps_growth_year": 303.85,
            "eps_4q": 3.87,
            "eps_4q_growth_year": null,
            "roe": 5.49,
            "gross_profit": 313226,
            "gross_margin": 19.38,
            "net_income": 144310,
            "revenue": 1615857,
            "common_shares": 1368500,
            "equity": 2696803,
            "current_ratio": 206.41,
            "debt_ratio": 32.87,
            "inventory_turnover_ratio": 5.16,
            "account_receivable_turnover_ratio": null,
            "reinvestment_rate": 65.25,
            "research_to_sale_ratio": null,
            "price_fair": 116.76,
            "eps_avg_yearly": 3.34,
            "eps_latest_yearly": 4.2,
            "eps_growth_yearly": 144.93
        },
        "20033": {
            "year_quarter": 20033,
            "year": 2003,
            "quarter": 3,
            "eps": 0.81,
            "eps_growth_year": 32.79,
            "eps_4q": 3.58,
            "eps_4q_growth_year": 265.06,
            "roe": 4.87,
            "gross_profit": 289968,
            "gross_margin": 17.41,
            "net_income": 131491,
            "revenue": 1665213,
            "common_shares": 1625988,
            "equity": 2699961,
            "current_ratio": 192.25,
            "debt_ratio": 41.49,
            "inventory_turnover_ratio": 4.83,
            "account_receivable_turnover_ratio": null,
            "reinvestment_rate": 58.39,
            "research_to_sale_ratio": null,
            "price_fair": 116.2,
            "eps_avg_yearly": 3.32,
            "eps_latest_yearly": 3.24,
            "eps_growth_yearly": 105.54
        },
        "20034": {
            "year_quarter": 20034,
            "year": 2003,
            "quarter": 4,
            "eps": 0.34,
            "eps_growth_year": -51.43,
            "eps_4q": 3.38,
            "eps_4q_growth_year": 56.83,
            "roe": 2.03,
            "gross_profit": 218702,
            "gross_margin": 11.16,
            "net_income": 54671,
            "revenue": 1960574,
            "common_shares": 1646104,
            "equity": 2677687,
            "current_ratio": 206.16,
            "debt_ratio": 42.06,
            "inventory_turnover_ratio": 2.5,
            "account_receivable_turnover_ratio": null,
            "reinvestment_rate": 33.83,
            "research_to_sale_ratio": null,
            "price_fair": 106.4,
            "eps_avg_yearly": 3.04,
            "eps_latest_yearly": 1.36,
            "eps_growth_yearly": 57.3
        },
        "20041": {
            "year_quarter": 20041,
            "year": 2004,
            "quarter": 1,
            "eps": 1,
            "eps_growth_year": -35.48,
            "eps_4q": 3.1,
            "eps_4q_growth_year": 0.53,
            "roe": 5.71,
            "gross_profit": 260733,
            "gross_margin": 14.75,
            "net_income": 157356,
            "revenue": 1767534,
            "common_shares": 1646104,
            "equity": 2833009,
            "current_ratio": 193.26,
            "debt_ratio": 38.29,
            "inventory_turnover_ratio": 1.99,
            "account_receivable_turnover_ratio": null,
            "reinvestment_rate": 37.77,
            "research_to_sale_ratio": null,
            "price_fair": 110.6,
            "eps_avg_yearly": 3.16,
            "eps_latest_yearly": 4,
            "eps_growth_yearly": 147.2
        },
        "20042": {
            "year_quarter": 20042,
            "year": 2004,
            "quarter": 2,
            "eps": 0.16,
            "eps_growth_year": -84.76,
            "eps_4q": 2.33,
            "eps_4q_growth_year": -39.73,
            "roe": 0.88,
            "gross_profit": 155317,
            "gross_margin": 8.94,
            "net_income": 25283,
            "revenue": 1737485,
            "common_shares": 1716511,
            "equity": 2893548,
            "current_ratio": 156.14,
            "debt_ratio": 43.15,
            "inventory_turnover_ratio": 3.38,
            "account_receivable_turnover_ratio": null,
            "reinvestment_rate": -17.68,
            "research_to_sale_ratio": null,
            "price_fair": 100.8,
            "eps_avg_yearly": 2.88,
            "eps_latest_yearly": 0.64,
            "eps_growth_yearly": 93.51
        },
        "20043": {
            "year_quarter": 20043,
            "year": 2004,
            "quarter": 3,
            "eps": 0.22,
            "eps_growth_year": -72.84,
            "eps_4q": 1.36,
            "eps_4q_growth_year": -62.02,
            "roe": 1.57,
            "gross_profit": 158434,
            "gross_margin": 9.29,
            "net_income": 45747,
            "revenue": 1705274,
            "common_shares": 2179369,
            "equity": 2934335,
            "current_ratio": 162.95,
            "debt_ratio": 36.68,
            "inventory_turnover_ratio": 3.88,
            "account_receivable_turnover_ratio": null,
            "reinvestment_rate": -18.74,
            "research_to_sale_ratio": null,
            "price_fair": 93.8,
            "eps_avg_yearly": 2.68,
            "eps_latest_yearly": 0.88,
            "eps_growth_yearly": 99.16
        },
        "20044": {
            "year_quarter": 20044,
            "year": 2004,
            "quarter": 4,
            "eps": -0.36,
            "eps_growth_year": -205.88,
            "eps_4q": 0.73,
            "eps_4q_growth_year": -78.38,
            "roe": -2.62,
            "gross_profit": 120715,
            "gross_margin": 7.45,
            "net_income": -75977,
            "revenue": 1620517,
            "common_shares": 2179369,
            "equity": 2859198,
            "current_ratio": 176.63,
            "debt_ratio": 37.76,
            "inventory_turnover_ratio": 2.54,
            "account_receivable_turnover_ratio": null,
            "reinvestment_rate": -19.86,
            "research_to_sale_ratio": null,
            "price_fair": 93.8,
            "eps_avg_yearly": 2.68,
            "eps_latest_yearly": 0.88,
            "eps_growth_yearly": 99.16
        },
        "20051": {
            "year_quarter": 20051,
            "year": 2005,
            "quarter": 1,
            "eps": 0.11,
            "eps_growth_year": -89,
            "eps_4q": 0.09,
            "eps_4q_growth_year": -97.2,
            "roe": 0.82,
            "gross_profit": 119715,
            "gross_margin": 11.6,
            "net_income": 23523,
            "revenue": 1032365,
            "common_shares": 2179369,
            "equity": 2885469,
            "current_ratio": 171.54,
            "debt_ratio": 31.9,
            "inventory_turnover_ratio": 1.35,
            "account_receivable_turnover_ratio": null,
            "reinvestment_rate": -4.59,
            "research_to_sale_ratio": null,
            "price_fair": 93.8,
            "eps_avg_yearly": 2.68,
            "eps_latest_yearly": 0.88,
            "eps_growth_yearly": 99.16
        },
        "20052": {
            "year_quarter": 20052,
            "year": 2005,
            "quarter": 2,
            "eps": 0.11,
            "eps_growth_year": -31.25,
            "eps_4q": 0.08,
            "eps_4q_growth_year": -96.7,
            "roe": 0.8,
            "gross_profit": 127000,
            "gross_margin": 13.26,
            "net_income": 22388,
            "revenue": 957517,
            "common_shares": 2179369,
            "equity": 2739774,
            "current_ratio": 195.45,
            "debt_ratio": 27.06,
            "inventory_turnover_ratio": 1.93,
            "account_receivable_turnover_ratio": null,
            "reinvestment_rate": 4.77,
            "research_to_sale_ratio": null,
            "price_fair": 86.67,
            "eps_avg_yearly": 2.48,
            "eps_latest_yearly": 0.44,
            "eps_growth_yearly": 90.15
        },
        "20053": {
            "year_quarter": 20053,
            "year": 2005,
            "quarter": 3,
            "eps": 0.15,
            "eps_growth_year": -31.82,
            "eps_4q": 0.01,
            "eps_4q_growth_year": -99.42,
            "roe": 1.16,
            "gross_profit": 151892,
            "gross_margin": 17.42,
            "net_income": 31747,
            "revenue": 871809,
            "common_shares": 2237583,
            "equity": 2712552,
            "current_ratio": 210.36,
            "debt_ratio": 24.24,
            "inventory_turnover_ratio": 2.05,
            "account_receivable_turnover_ratio": null,
            "reinvestment_rate": 3.98,
            "research_to_sale_ratio": null,
            "price_fair": 81.2,
            "eps_avg_yearly": 2.32,
            "eps_latest_yearly": 0.6,
            "eps_growth_yearly": 94.75
        },
        "20054": {
            "year_quarter": 20054,
            "year": 2005,
            "quarter": 4,
            "eps": 0.12,
            "eps_growth_year": null,
            "eps_4q": 0.5,
            "eps_4q_growth_year": -32.07,
            "roe": 0.92,
            "gross_profit": 131537,
            "gross_margin": 14.81,
            "net_income": 24792,
            "revenue": 887994,
            "common_shares": 2237583,
            "equity": 2682474,
            "current_ratio": 271.99,
            "debt_ratio": 23.54,
            "inventory_turnover_ratio": 1.46,
            "account_receivable_turnover_ratio": null,
            "reinvestment_rate": 7.45,
            "research_to_sale_ratio": null,
            "price_fair": 76.25,
            "eps_avg_yearly": 2.18,
            "eps_latest_yearly": 0.48,
            "eps_growth_yearly": 81.31
        },
        "20061": {
            "year_quarter": 20061,
            "year": 2006,
            "quarter": 1,
            "eps": 0.12,
            "eps_growth_year": 9.09,
            "eps_4q": 0.5,
            "eps_4q_growth_year": 479.2,
            "roe": 0.92,
            "gross_profit": 96966,
            "gross_margin": 16.68,
            "net_income": 24721,
            "revenue": 581279,
            "common_shares": 2237583,
            "equity": 2703218,
            "current_ratio": 258.51,
            "debt_ratio": 18.09,
            "inventory_turnover_ratio": 1.03,
            "account_receivable_turnover_ratio": null,
            "reinvestment_rate": 3.08,
            "research_to_sale_ratio": null,
            "price_fair": 72,
            "eps_avg_yearly": 2.06,
            "eps_latest_yearly": 0.48,
            "eps_growth_yearly": 75.5
        },
        "20062": {
            "year_quarter": 20062,
            "year": 2006,
            "quarter": 2,
            "eps": -0.07,
            "eps_growth_year": -163.64,
            "eps_4q": 0.3,
            "eps_4q_growth_year": 290.55,
            "roe": -0.53,
            "gross_profit": 22358,
            "gross_margin": 8.32,
            "net_income": -13930,
            "revenue": 268686,
            "common_shares": 2237583,
            "equity": 2592193,
            "current_ratio": 257.52,
            "debt_ratio": 17.23,
            "inventory_turnover_ratio": 1.24,
            "account_receivable_turnover_ratio": null,
            "reinvestment_rate": 3.94,
            "research_to_sale_ratio": null,
            "price_fair": 74.74,
            "eps_avg_yearly": 2.14,
            "eps_latest_yearly": 0.48,
            "eps_growth_yearly": 98.97
        },
        "20063": {
            "year_quarter": 20063,
            "year": 2006,
            "quarter": 3,
            "eps": 0.02,
            "eps_growth_year": -86.67,
            "eps_4q": 0.21,
            "eps_4q_growth_year": 2544.54,
            "roe": 0.14,
            "gross_profit": 55275,
            "gross_margin": 16.77,
            "net_income": 3745,
            "revenue": 329659,
            "common_shares": 2237583,
            "equity": 2593765,
            "current_ratio": 268.5,
            "debt_ratio": 16.1,
            "inventory_turnover_ratio": 1.66,
            "account_receivable_turnover_ratio": null,
            "reinvestment_rate": 10.41,
            "research_to_sale_ratio": null,
            "price_fair": 73.85,
            "eps_avg_yearly": 2.11,
            "eps_latest_yearly": 0.48,
            "eps_growth_yearly": 62.34
        },
        "20064": {
            "year_quarter": 20064,
            "year": 2006,
            "quarter": 4,
            "eps": -0.02,
            "eps_growth_year": -116.67,
            "eps_4q": 0.05,
            "eps_4q_growth_year": -89.92,
            "roe": -0.15,
            "gross_profit": 94184,
            "gross_margin": 21.8,
            "net_income": -3789,
            "revenue": 431996,
            "common_shares": 2171583,
            "equity": 2630206,
            "current_ratio": 358.61,
            "debt_ratio": 16.46,
            "inventory_turnover_ratio": 1.2,
            "account_receivable_turnover_ratio": null,
            "reinvestment_rate": 13.11,
            "research_to_sale_ratio": null,
            "price_fair": 71.65,
            "eps_avg_yearly": 2.05,
            "eps_latest_yearly": 0.48,
            "eps_growth_yearly": 62.64
        },
        "20071": {
            "year_quarter": 20071,
            "year": 2007,
            "quarter": 1,
            "eps": 0.01,
            "eps_growth_year": -91.67,
            "eps_4q": -0.09,
            "eps_4q_growth_year": -117.98,
            "roe": 0.05,
            "gross_profit": 75434,
            "gross_margin": 18.1,
            "net_income": 1391,
            "revenue": 416859,
            "common_shares": 2171583,
            "equity": 2635439,
            "current_ratio": 283.76,
            "debt_ratio": 14.58,
            "inventory_turnover_ratio": 1.2,
            "account_receivable_turnover_ratio": null,
            "reinvestment_rate": 16.56,
            "research_to_sale_ratio": null,
            "price_fair": 49.51,
            "eps_avg_yearly": 1.63,
            "eps_latest_yearly": 0.48,
            "eps_growth_yearly": 20.34
        },
        "20072": {
            "year_quarter": 20072,
            "year": 2007,
            "quarter": 2,
            "eps": 0.01,
            "eps_growth_year": null,
            "eps_4q": 0.02,
            "eps_4q_growth_year": -94.2,
            "roe": 0.09,
            "gross_profit": 64902,
            "gross_margin": 18.14,
            "net_income": 2441,
            "revenue": 357848,
            "common_shares": 2171583,
            "equity": 2650197,
            "current_ratio": 324.38,
            "debt_ratio": 12.51,
            "inventory_turnover_ratio": 1.52,
            "account_receivable_turnover_ratio": null,
            "reinvestment_rate": 19.5,
            "research_to_sale_ratio": null,
            "price_fair": 42.56,
            "eps_avg_yearly": 1.22,
            "eps_latest_yearly": 0.04,
            "eps_growth_yearly": 33.24
        },
        "20073": {
            "year_quarter": 20073,
            "year": 2007,
            "quarter": 3,
            "eps": 0.13,
            "eps_growth_year": 550,
            "eps_4q": 0.13,
            "eps_4q_growth_year": -38,
            "roe": 0.98,
            "gross_profit": 91996,
            "gross_margin": 22,
            "net_income": 25964,
            "revenue": 418089,
            "common_shares": 2171583,
            "equity": 2674334,
            "current_ratio": 268.05,
            "debt_ratio": 15.83,
            "inventory_turnover_ratio": 1.3,
            "account_receivable_turnover_ratio": null,
            "reinvestment_rate": 2.89,
            "research_to_sale_ratio": null,
            "price_fair": 33.04,
            "eps_avg_yearly": 0.94,
            "eps_latest_yearly": 0.52,
            "eps_growth_yearly": 522.38
        },
        "20074": {
            "year_quarter": 20074,
            "year": 2007,
            "quarter": 4,
            "eps": 0.11,
            "eps_growth_year": null,
            "eps_4q": 0.26,
            "eps_4q_growth_year": 425.53,
            "roe": 0.8,
            "gross_profit": 145124,
            "gross_margin": 27.03,
            "net_income": 21472,
            "revenue": 536819,
            "common_shares": 2171583,
            "equity": 2671665,
            "current_ratio": 395.78,
            "debt_ratio": 15.62,
            "inventory_turnover_ratio": 1.21,
            "account_receivable_turnover_ratio": null,
            "reinvestment_rate": -3.59,
            "research_to_sale_ratio": null,
            "price_fair": 29.82,
            "eps_avg_yearly": 0.85,
            "eps_latest_yearly": 0.44,
            "eps_growth_yearly": 539.44
        },
        "20081": {
            "year_quarter": 20081,
            "year": 2008,
            "quarter": 1,
            "eps": 0.18,
            "eps_growth_year": 1700,
            "eps_4q": 0.44,
            "eps_4q_growth_year": null,
            "roe": 1.32,
            "gross_profit": 179467,
            "gross_margin": 36.8,
            "net_income": 34891,
            "revenue": 487668,
            "common_shares": 2171583,
            "equity": 2630489,
            "current_ratio": 375,
            "debt_ratio": 15.94,
            "inventory_turnover_ratio": 0.74,
            "account_receivable_turnover_ratio": null,
            "reinvestment_rate": 27.97,
            "research_to_sale_ratio": null,
            "price_fair": 18.34,
            "eps_avg_yearly": 0.52,
            "eps_latest_yearly": 0.72,
            "eps_growth_yearly": 487.25
        },
        "20082": {
            "year_quarter": 20082,
            "year": 2008,
            "quarter": 2,
            "eps": 0.02,
            "eps_growth_year": 100,
            "eps_4q": 0.39,
            "eps_4q_growth_year": 2129.57,
            "roe": 0.17,
            "gross_profit": 153821,
            "gross_margin": 30.97,
            "net_income": 4398,
            "revenue": 496741,
            "common_shares": 2171583,
            "equity": 2563026,
            "current_ratio": 351.82,
            "debt_ratio": 16.77,
            "inventory_turnover_ratio": 0.69,
            "account_receivable_turnover_ratio": null,
            "reinvestment_rate": 24.98,
            "research_to_sale_ratio": null,
            "price_fair": 16.38,
            "eps_avg_yearly": 0.47,
            "eps_latest_yearly": 0.08,
            "eps_growth_yearly": 485.29
        },
        "20083": {
            "year_quarter": 20083,
            "year": 2008,
            "quarter": 3,
            "eps": 0.03,
            "eps_growth_year": -76.92,
            "eps_4q": 0.29,
            "eps_4q_growth_year": 125.59,
            "roe": 0.27,
            "gross_profit": 124446,
            "gross_margin": 27.36,
            "net_income": 6774,
            "revenue": 454896,
            "common_shares": 2121583,
            "equity": 2535718,
            "current_ratio": 376.23,
            "debt_ratio": 15.75,
            "inventory_turnover_ratio": 0.59,
            "account_receivable_turnover_ratio": null,
            "reinvestment_rate": 18.56,
            "research_to_sale_ratio": null,
            "price_fair": 13.72,
            "eps_avg_yearly": 0.39,
            "eps_latest_yearly": 0.12,
            "eps_growth_yearly": 490.29
        },
        "20084": {
            "year_quarter": 20084,
            "year": 2008,
            "quarter": 4,
            "eps": 0.04,
            "eps_growth_year": -63.64,
            "eps_4q": 0.32,
            "eps_4q_growth_year": 22.53,
            "roe": 0.26,
            "gross_profit": 144447,
            "gross_margin": 33.4,
            "net_income": 6538,
            "revenue": 432515,
            "common_shares": 2021583,
            "equity": 2503046,
            "current_ratio": 539.26,
            "debt_ratio": 10.83,
            "inventory_turnover_ratio": 0.5,
            "account_receivable_turnover_ratio": 3.85,
            "reinvestment_rate": -8.24,
            "research_to_sale_ratio": null,
            "price_fair": 12.98,
            "eps_avg_yearly": 0.37,
            "eps_latest_yearly": 0.16,
            "eps_growth_yearly": 457.84
        },
        "20091": {
            "year_quarter": 20091,
            "year": 2009,
            "quarter": 1,
            "eps": -0.03,
            "eps_growth_year": -116.67,
            "eps_4q": 0.05,
            "eps_4q_growth_year": -87.45,
            "roe": -0.26,
            "gross_profit": 103593,
            "gross_margin": 26.56,
            "net_income": -6607,
            "revenue": 389999,
            "common_shares": 2021583,
            "equity": 2525167,
            "current_ratio": 703.98,
            "debt_ratio": 8.29,
            "inventory_turnover_ratio": 0.59,
            "account_receivable_turnover_ratio": 1.88,
            "reinvestment_rate": 7.63,
            "research_to_sale_ratio": null,
            "price_fair": 12.98,
            "eps_avg_yearly": 0.37,
            "eps_latest_yearly": 0.16,
            "eps_growth_yearly": 457.84
        },
        "20092": {
            "year_quarter": 20092,
            "year": 2009,
            "quarter": 2,
            "eps": -0.49,
            "eps_growth_year": -2550,
            "eps_4q": -0.43,
            "eps_4q_growth_year": -209.75,
            "roe": -3.78,
            "gross_profit": 110961,
            "gross_margin": 25.3,
            "net_income": -94201,
            "revenue": 438545,
            "common_shares": 2021583,
            "equity": 2463287,
            "current_ratio": 657.38,
            "debt_ratio": 9.01,
            "inventory_turnover_ratio": 0.86,
            "account_receivable_turnover_ratio": 2.37,
            "reinvestment_rate": -38.55,
            "research_to_sale_ratio": null,
            "price_fair": 12.74,
            "eps_avg_yearly": 0.36,
            "eps_latest_yearly": 0.16,
            "eps_growth_yearly": 503.62
        },
        "20093": {
            "year_quarter": 20093,
            "year": 2009,
            "quarter": 3,
            "eps": -0.52,
            "eps_growth_year": -1833.33,
            "eps_4q": -0.95,
            "eps_4q_growth_year": -425.01,
            "roe": -4.04,
            "gross_profit": 98527,
            "gross_margin": 23.6,
            "net_income": -99937,
            "revenue": 417444,
            "common_shares": 2021583,
            "equity": 2489300,
            "current_ratio": 588.79,
            "debt_ratio": 9.94,
            "inventory_turnover_ratio": 1.02,
            "account_receivable_turnover_ratio": 2.15,
            "reinvestment_rate": null,
            "research_to_sale_ratio": null,
            "price_fair": 11.82,
            "eps_avg_yearly": 0.34,
            "eps_latest_yearly": 0.16,
            "eps_growth_yearly": 543.42
        },
        "20094": {
            "year_quarter": 20094,
            "year": 2009,
            "quarter": 4,
            "eps": -1.31,
            "eps_growth_year": -3375,
            "eps_4q": -1.54,
            "eps_4q_growth_year": -577.06,
            "roe": -8.37,
            "gross_profit": 82298,
            "gross_margin": 16.66,
            "net_income": -255295,
            "revenue": 494013,
            "common_shares": 3021583,
            "equity": 3610137,
            "current_ratio": 637.35,
            "debt_ratio": 11.31,
            "inventory_turnover_ratio": 1.57,
            "account_receivable_turnover_ratio": 5.13,
            "reinvestment_rate": null,
            "research_to_sale_ratio": null,
            "price_fair": 11.2,
            "eps_avg_yearly": 0.32,
            "eps_latest_yearly": 0.16,
            "eps_growth_yearly": 621.35
        },
        "20101": {
            "year_quarter": 20101,
            "year": 2010,
            "quarter": 1,
            "eps": -0.4,
            "eps_growth_year": null,
            "eps_4q": -1.88,
            "eps_4q_growth_year": -3533.82,
            "roe": -3.37,
            "gross_profit": 93987,
            "gross_margin": 12.8,
            "net_income": -120412,
            "revenue": 734025,
            "common_shares": 3021583,
            "equity": 3537766,
            "current_ratio": 282.57,
            "debt_ratio": 26.32,
            "inventory_turnover_ratio": 1.03,
            "account_receivable_turnover_ratio": 1.71,
            "reinvestment_rate": null,
            "research_to_sale_ratio": 8.76,
            "price_fair": 10.4,
            "eps_avg_yearly": 0.3,
            "eps_latest_yearly": 0.16,
            "eps_growth_yearly": 710.11
        },
        "20102": {
            "year_quarter": 20102,
            "year": 2010,
            "quarter": 2,
            "eps": -0.16,
            "eps_growth_year": null,
            "eps_4q": -1.45,
            "eps_4q_growth_year": null,
            "roe": -1.51,
            "gross_profit": 225321,
            "gross_margin": 13.39,
            "net_income": -57746,
            "revenue": 1682861,
            "common_shares": 3021583,
            "equity": 4093863,
            "current_ratio": 224.35,
            "debt_ratio": 36.24,
            "inventory_turnover_ratio": 1.14,
            "account_receivable_turnover_ratio": 1.05,
            "reinvestment_rate": null,
            "research_to_sale_ratio": 5.39,
            "price_fair": 10.4,
            "eps_avg_yearly": 0.3,
            "eps_latest_yearly": 0.16,
            "eps_growth_yearly": 710.11
        },
        "20103": {
            "year_quarter": 20103,
            "year": 2010,
            "quarter": 3,
            "eps": 0.25,
            "eps_growth_year": null,
            "eps_4q": -0.98,
            "eps_4q_growth_year": null,
            "roe": 2.16,
            "gross_profit": 407643,
            "gross_margin": 12.92,
            "net_income": 89546,
            "revenue": 3154046,
            "common_shares": 3521583,
            "equity": 4194957,
            "current_ratio": 216.51,
            "debt_ratio": 37.73,
            "inventory_turnover_ratio": 1.81,
            "account_receivable_turnover_ratio": 1.35,
            "reinvestment_rate": null,
            "research_to_sale_ratio": 2.57,
            "price_fair": 10.4,
            "eps_avg_yearly": 0.3,
            "eps_latest_yearly": 0.16,
            "eps_growth_yearly": 710.11
        },
        "20104": {
            "year_quarter": 20104,
            "year": 2010,
            "quarter": 4,
            "eps": -1.04,
            "eps_growth_year": null,
            "eps_4q": -1.3,
            "eps_4q_growth_year": null,
            "roe": -9.17,
            "gross_profit": 134710,
            "gross_margin": 6.77,
            "net_income": -367840,
            "revenue": 1988392,
            "common_shares": 3521583,
            "equity": 3829944,
            "current_ratio": 218.6,
            "debt_ratio": 36.54,
            "inventory_turnover_ratio": 1.53,
            "account_receivable_turnover_ratio": 0.81,
            "reinvestment_rate": null,
            "research_to_sale_ratio": 8.29,
            "price_fair": 10.4,
            "eps_avg_yearly": 0.3,
            "eps_latest_yearly": 0.16,
            "eps_growth_yearly": 710.11
        },
        "20111": {
            "year_quarter": 20111,
            "year": 2011,
            "quarter": 1,
            "eps": -0.08,
            "eps_growth_year": null,
            "eps_4q": -1.03,
            "eps_4q_growth_year": null,
            "roe": -0.71,
            "gross_profit": 257059,
            "gross_margin": 15.01,
            "net_income": -26952,
            "revenue": 1712573,
            "common_shares": 3521583,
            "equity": 3756816,
            "current_ratio": 214.56,
            "debt_ratio": 36.61,
            "inventory_turnover_ratio": 1.15,
            "account_receivable_turnover_ratio": 0.65,
            "reinvestment_rate": null,
            "research_to_sale_ratio": 5.18,
            "price_fair": 10.4,
            "eps_avg_yearly": 0.3,
            "eps_latest_yearly": 0.16,
            "eps_growth_yearly": 710.11
        },
        "20112": {
            "year_quarter": 20112,
            "year": 2011,
            "quarter": 2,
            "eps": 0.09,
            "eps_growth_year": null,
            "eps_4q": -0.78,
            "eps_4q_growth_year": null,
            "roe": 0.83,
            "gross_profit": 279068,
            "gross_margin": 10.38,
            "net_income": 31194,
            "revenue": 2687980,
            "common_shares": 3521583,
            "equity": 3785109,
            "current_ratio": 195.79,
            "debt_ratio": 41.66,
            "inventory_turnover_ratio": 1.59,
            "account_receivable_turnover_ratio": 0.86,
            "reinvestment_rate": null,
            "research_to_sale_ratio": 2.07,
            "price_fair": 11.9,
            "eps_avg_yearly": 0.34,
            "eps_latest_yearly": 0.16,
            "eps_growth_yearly": 828.46
        },
        "20113": {
            "year_quarter": 20113,
            "year": 2011,
            "quarter": 3,
            "eps": 0.15,
            "eps_growth_year": -41.78,
            "eps_4q": -0.88,
            "eps_4q_growth_year": null,
            "roe": 1.37,
            "gross_profit": 336038,
            "gross_margin": 11.1,
            "net_income": 52131,
            "revenue": 3027520,
            "common_shares": 3521583,
            "equity": 3803806,
            "current_ratio": 172.75,
            "debt_ratio": 48.01,
            "inventory_turnover_ratio": 1.78,
            "account_receivable_turnover_ratio": 1.01,
            "reinvestment_rate": null,
            "research_to_sale_ratio": 3.37,
            "price_fair": 12.37,
            "eps_avg_yearly": 0.35,
            "eps_latest_yearly": 0.6,
            "eps_growth_yearly": 72.91
        },
        "20114": {
            "year_quarter": 20114,
            "year": 2011,
            "quarter": 4,
            "eps": -0.13,
            "eps_growth_year": null,
            "eps_4q": 0.03,
            "eps_4q_growth_year": null,
            "roe": -1.51,
            "gross_profit": 344556,
            "gross_margin": 14.46,
            "net_income": -56174,
            "revenue": 2383386,
            "common_shares": 3521583,
            "equity": 3622777,
            "current_ratio": 186.03,
            "debt_ratio": 43.1,
            "inventory_turnover_ratio": 1.55,
            "account_receivable_turnover_ratio": 1.06,
            "reinvestment_rate": null,
            "research_to_sale_ratio": 4.24,
            "price_fair": 11.76,
            "eps_avg_yearly": 0.34,
            "eps_latest_yearly": 0.6,
            "eps_growth_yearly": 99.8
        },
        "20121": {
            "year_quarter": 20121,
            "year": 2012,
            "quarter": 1,
            "eps": 0.1,
            "eps_growth_year": null,
            "eps_4q": 0.21,
            "eps_4q_growth_year": null,
            "roe": 0.86,
            "gross_profit": 351471,
            "gross_margin": 14.04,
            "net_income": 30946,
            "revenue": 2503111,
            "common_shares": 3401313,
            "equity": 3606712,
            "current_ratio": 178.37,
            "debt_ratio": 44.96,
            "inventory_turnover_ratio": 1.95,
            "account_receivable_turnover_ratio": 1.09,
            "reinvestment_rate": null,
            "research_to_sale_ratio": 3.02,
            "price_fair": 8.4,
            "eps_avg_yearly": 0.24,
            "eps_latest_yearly": 0.6,
            "eps_growth_yearly": 61.11
        },
        "20122": {
            "year_quarter": 20122,
            "year": 2012,
            "quarter": 2,
            "eps": 0.16,
            "eps_growth_year": 83.96,
            "eps_4q": 0.28,
            "eps_4q_growth_year": null,
            "roe": 1.76,
            "gross_profit": 370359,
            "gross_margin": 10.72,
            "net_income": 64197,
            "revenue": 3454131,
            "common_shares": 3401313,
            "equity": 3669289,
            "current_ratio": 161.34,
            "debt_ratio": 51.4,
            "inventory_turnover_ratio": 2.23,
            "account_receivable_turnover_ratio": 1.29,
            "reinvestment_rate": null,
            "research_to_sale_ratio": 2.38,
            "price_fair": 13.3,
            "eps_avg_yearly": 0.38,
            "eps_latest_yearly": 0.64,
            "eps_growth_yearly": 210
        },
        "20123": {
            "year_quarter": 20123,
            "year": 2012,
            "quarter": 3,
            "eps": 0.5,
            "eps_growth_year": 239.65,
            "eps_4q": 0.63,
            "eps_4q_growth_year": null,
            "roe": 4.49,
            "gross_profit": 647786,
            "gross_margin": 13.46,
            "net_income": 167930,
            "revenue": 4812632,
            "common_shares": 3401313,
            "equity": 3806957,
            "current_ratio": 149.94,
            "debt_ratio": 57.13,
            "inventory_turnover_ratio": 2.54,
            "account_receivable_turnover_ratio": 1.33,
            "reinvestment_rate": null,
            "research_to_sale_ratio": 2.42,
            "price_fair": 29.75,
            "eps_avg_yearly": 0.85,
            "eps_latest_yearly": 2,
            "eps_growth_yearly": 372.5
        },
        "20124": {
            "year_quarter": 20124,
            "year": 2012,
            "quarter": 4,
            "eps": 0.17,
            "eps_growth_year": null,
            "eps_4q": 0.94,
            "eps_4q_growth_year": 2725.95,
            "roe": 1.24,
            "gross_profit": 412704,
            "gross_margin": 12.13,
            "net_income": 47375,
            "revenue": 3402812,
            "common_shares": 3401313,
            "equity": 3832323,
            "current_ratio": 186.07,
            "debt_ratio": 47.45,
            "inventory_turnover_ratio": 2.05,
            "account_receivable_turnover_ratio": 0.87,
            "reinvestment_rate": null,
            "research_to_sale_ratio": 2.11,
            "price_fair": 34.3,
            "eps_avg_yearly": 0.98,
            "eps_latest_yearly": 0.68,
            "eps_growth_yearly": 273.17
        },
        "20131": {
            "year_quarter": 20131,
            "year": 2013,
            "quarter": 1,
            "eps": 0.07,
            "eps_growth_year": -30,
            "eps_4q": 0.91,
            "eps_4q_growth_year": 327.22,
            "roe": 0.61,
            "gross_profit": 368780,
            "gross_margin": 11.94,
            "net_income": 23819,
            "revenue": 3089707,
            "common_shares": 3401313,
            "equity": 3918897,
            "current_ratio": 191.16,
            "debt_ratio": 45.84,
            "inventory_turnover_ratio": 2.19,
            "account_receivable_turnover_ratio": 0.88,
            "reinvestment_rate": null,
            "research_to_sale_ratio": 2.98,
            "price_fair": 29.4,
            "eps_avg_yearly": 0.84,
            "eps_latest_yearly": 0.28,
            "eps_growth_yearly": 171.47
        },
        "20132": {
            "year_quarter": 20132,
            "year": 2013,
            "quarter": 2,
            "eps": 0.51,
            "eps_growth_year": 212.99,
            "eps_4q": 1.26,
            "eps_4q_growth_year": 343.28,
            "roe": 4.41,
            "gross_profit": 559864,
            "gross_margin": 13.9,
            "net_income": 173131,
            "revenue": 4029011,
            "common_shares": 3401313,
            "equity": 3930438,
            "current_ratio": 164.29,
            "debt_ratio": 54.94,
            "inventory_turnover_ratio": 2.73,
            "account_receivable_turnover_ratio": 0.98,
            "reinvestment_rate": null,
            "research_to_sale_ratio": 2.8,
            "price_fair": 36.4,
            "eps_avg_yearly": 1.04,
            "eps_latest_yearly": 2.04,
            "eps_growth_yearly": 561.94
        },
        "20133": {
            "year_quarter": 20133,
            "year": 2013,
            "quarter": 3,
            "eps": 0.43,
            "eps_growth_year": -14.48,
            "eps_4q": 1.15,
            "eps_4q_growth_year": 81.08,
            "roe": 3.63,
            "gross_profit": 573221,
            "gross_margin": 11.72,
            "net_income": 146340,
            "revenue": 4891405,
            "common_shares": 3521313,
            "equity": 4125404,
            "current_ratio": 162.37,
            "debt_ratio": 56.42,
            "inventory_turnover_ratio": 3.25,
            "account_receivable_turnover_ratio": 1.01,
            "reinvestment_rate": null,
            "research_to_sale_ratio": 2.79,
            "price_fair": 39.8,
            "eps_avg_yearly": 1.14,
            "eps_latest_yearly": 1.72,
            "eps_growth_yearly": 472.7
        },
        "20134": {
            "year_quarter": 20134,
            "year": 2013,
            "quarter": 4,
            "eps": 0.37,
            "eps_growth_year": 118.3,
            "eps_4q": 1.37,
            "eps_4q_growth_year": 45.98,
            "roe": 2.62,
            "gross_profit": 479483,
            "gross_margin": 11.09,
            "net_income": 109670,
            "revenue": 4322709,
            "common_shares": 3503603,
            "equity": 4257190,
            "current_ratio": 174.95,
            "debt_ratio": 52.28,
            "inventory_turnover_ratio": 3.52,
            "account_receivable_turnover_ratio": 0.88,
            "reinvestment_rate": -121.64,
            "research_to_sale_ratio": 2.5,
            "price_fair": 41.3,
            "eps_avg_yearly": 1.18,
            "eps_latest_yearly": 1.48,
            "eps_growth_yearly": 406.64
        },
        "20141": {
            "year_quarter": 20141,
            "year": 2014,
            "quarter": 1,
            "eps": -0.34,
            "eps_growth_year": -585.71,
            "eps_4q": 0.96,
            "eps_4q_growth_year": 5.75,
            "roe": -2.63,
            "gross_profit": 353427,
            "gross_margin": 16.62,
            "net_income": -112880,
            "revenue": 2126062,
            "common_shares": 3491703,
            "equity": 4331798,
            "current_ratio": 204.69,
            "debt_ratio": 44.34,
            "inventory_turnover_ratio": 1.79,
            "account_receivable_turnover_ratio": 0.48,
            "reinvestment_rate": -335.74,
            "research_to_sale_ratio": 3.66,
            "price_fair": 41.3,
            "eps_avg_yearly": 1.18,
            "eps_latest_yearly": 1.48,
            "eps_growth_yearly": 406.64
        },
        "20142": {
            "year_quarter": 20142,
            "year": 2014,
            "quarter": 2,
            "eps": -0.09,
            "eps_growth_year": -117.65,
            "eps_4q": 0.37,
            "eps_4q_growth_year": -70.85,
            "roe": -0.8,
            "gross_profit": 219007,
            "gross_margin": 11.68,
            "net_income": -33104,
            "revenue": 1875582,
            "common_shares": 3489593,
            "equity": 3985042,
            "current_ratio": 233.25,
            "debt_ratio": 38.46,
            "inventory_turnover_ratio": 1.7,
            "account_receivable_turnover_ratio": 0.65,
            "reinvestment_rate": -301.12,
            "research_to_sale_ratio": 4.61,
            "price_fair": 41.3,
            "eps_avg_yearly": 1.18,
            "eps_latest_yearly": 1.48,
            "eps_growth_yearly": 406.64
        },
        "20143": {
            "year_quarter": 20143,
            "year": 2014,
            "quarter": 3,
            "eps": -0.25,
            "eps_growth_year": -158.14,
            "eps_4q": -0.31,
            "eps_4q_growth_year": -127.11,
            "roe": -2.45,
            "gross_profit": 176379,
            "gross_margin": 11.81,
            "net_income": -96160,
            "revenue": 1493579,
            "common_shares": 3489593,
            "equity": 3864285,
            "current_ratio": 260.25,
            "debt_ratio": 34.09,
            "inventory_turnover_ratio": 1.69,
            "account_receivable_turnover_ratio": 0.88,
            "reinvestment_rate": -755.08,
            "research_to_sale_ratio": 5.44,
            "price_fair": 41.3,
            "eps_avg_yearly": 1.18,
            "eps_latest_yearly": 1.48,
            "eps_growth_yearly": 406.64
        },
        "20144": {
            "year_quarter": 20144,
            "year": 2014,
            "quarter": 4,
            "eps": -0.04,
            "eps_growth_year": -109.72,
            "eps_4q": -0.73,
            "eps_4q_growth_year": -153.33,
            "roe": -0.35,
            "gross_profit": 161258,
            "gross_margin": 12.67,
            "net_income": -13574,
            "revenue": 1272572,
            "common_shares": 3484733,
            "equity": 3963734,
            "current_ratio": 274.57,
            "debt_ratio": 32.86,
            "inventory_turnover_ratio": 1.52,
            "account_receivable_turnover_ratio": 0.82,
            "reinvestment_rate": -76.68,
            "research_to_sale_ratio": 5.36,
            "price_fair": 41.3,
            "eps_avg_yearly": 1.18,
            "eps_latest_yearly": 1.48,
            "eps_growth_yearly": 406.64
        },
        "20151": {
            "year_quarter": 20151,
            "year": 2015,
            "quarter": 1,
            "eps": -0.25,
            "eps_growth_year": null,
            "eps_4q": -0.64,
            "eps_4q_growth_year": -166.35,
            "roe": -2.25,
            "gross_profit": 153943,
            "gross_margin": 13.15,
            "net_income": -87315,
            "revenue": 1170346,
            "common_shares": 3484733,
            "equity": 3811240,
            "current_ratio": 304.57,
            "debt_ratio": 29.37,
            "inventory_turnover_ratio": 1.4,
            "account_receivable_turnover_ratio": 0.83,
            "reinvestment_rate": -234.33,
            "research_to_sale_ratio": 6.72,
            "price_fair": 41.3,
            "eps_avg_yearly": 1.18,
            "eps_latest_yearly": 1.48,
            "eps_growth_yearly": 406.64
        },
        "20152": {
            "year_quarter": 20152,
            "year": 2015,
            "quarter": 2,
            "eps": -0.23,
            "eps_growth_year": null,
            "eps_4q": -0.78,
            "eps_4q_growth_year": -311.91,
            "roe": -2.12,
            "gross_profit": 137138,
            "gross_margin": 11.19,
            "net_income": -79250,
            "revenue": 1226019,
            "common_shares": 3483613,
            "equity": 3682719,
            "current_ratio": 289.59,
            "debt_ratio": 30.74,
            "inventory_turnover_ratio": 1.48,
            "account_receivable_turnover_ratio": 1.01,
            "reinvestment_rate": -300.62,
            "research_to_sale_ratio": 7.05,
            "price_fair": 41.3,
            "eps_avg_yearly": 1.18,
            "eps_latest_yearly": 1.48,
            "eps_growth_yearly": 406.64
        },
        "20153": {
            "year_quarter": 20153,
            "year": 2015,
            "quarter": 3,
            "eps": -0.1,
            "eps_growth_year": null,
            "eps_4q": -0.62,
            "eps_4q_growth_year": null,
            "roe": -0.93,
            "gross_profit": 185489,
            "gross_margin": 12.57,
            "net_income": -34862,
            "revenue": 1475586,
            "common_shares": 3483413,
            "equity": 3824524,
            "current_ratio": 321.52,
            "debt_ratio": 27.85,
            "inventory_turnover_ratio": 1.9,
            "account_receivable_turnover_ratio": 1.16,
            "reinvestment_rate": -469.11,
            "research_to_sale_ratio": 5.52,
            "price_fair": 44.2,
            "eps_avg_yearly": 1.26,
            "eps_latest_yearly": 1.48,
            "eps_growth_yearly": 426.63
        },
        "20154": {
            "year_quarter": 20154,
            "year": 2015,
            "quarter": 4,
            "eps": -0.04,
            "eps_growth_year": null,
            "eps_4q": -0.63,
            "eps_4q_growth_year": null,
            "roe": -0.41,
            "gross_profit": 208052,
            "gross_margin": 18.01,
            "net_income": -15633,
            "revenue": 1155215,
            "common_shares": 3483333,
            "equity": 3832141,
            "current_ratio": 456.25,
            "debt_ratio": 19.86,
            "inventory_turnover_ratio": 1.66,
            "account_receivable_turnover_ratio": 0.97,
            "reinvestment_rate": -534.69,
            "research_to_sale_ratio": 6.28,
            "price_fair": 44.2,
            "eps_avg_yearly": 1.26,
            "eps_latest_yearly": 1.48,
            "eps_growth_yearly": 426.63
        },
        "20161": {
            "year_quarter": 20161,
            "year": 2016,
            "quarter": 1,
            "eps": -0.17,
            "eps_growth_year": null,
            "eps_4q": -0.54,
            "eps_4q_growth_year": null,
            "roe": -1.58,
            "gross_profit": 162153,
            "gross_margin": 18.27,
            "net_income": -59540,
            "revenue": 887522,
            "common_shares": 3482273,
            "equity": 3691600,
            "current_ratio": 411.37,
            "debt_ratio": 21.84,
            "inventory_turnover_ratio": 1.36,
            "account_receivable_turnover_ratio": 0.97,
            "reinvestment_rate": -202.45,
            "research_to_sale_ratio": 8.25,
            "price_fair": 44.2,
            "eps_avg_yearly": 1.26,
            "eps_latest_yearly": 1.48,
            "eps_growth_yearly": 426.63
        },
        "20162": {
            "year_quarter": 20162,
            "year": 2016,
            "quarter": 2,
            "eps": -0.03,
            "eps_growth_year": null,
            "eps_4q": -0.34,
            "eps_4q_growth_year": null,
            "roe": -0.26,
            "gross_profit": 213180,
            "gross_margin": 20.19,
            "net_income": -9557,
            "revenue": 1056055,
            "common_shares": 3482273,
            "equity": 3678562,
            "current_ratio": 313.08,
            "debt_ratio": 28.68,
            "inventory_turnover_ratio": 1.34,
            "account_receivable_turnover_ratio": 1.13,
            "reinvestment_rate": -281.34,
            "research_to_sale_ratio": 7.33,
            "price_fair": 47.83,
            "eps_avg_yearly": 1.37,
            "eps_latest_yearly": 1.48,
            "eps_growth_yearly": 457.74
        },
        "20163": {
            "year_quarter": 20163,
            "year": 2016,
            "quarter": 3,
            "eps": 0.12,
            "eps_growth_year": null,
            "eps_4q": -0.12,
            "eps_4q_growth_year": null,
            "roe": 1.16,
            "gross_profit": 245196,
            "gross_margin": 17.21,
            "net_income": 42254,
            "revenue": 1424948,
            "common_shares": 3482273,
            "equity": 3633532,
            "current_ratio": 324.72,
            "debt_ratio": 27.84,
            "inventory_turnover_ratio": 1.93,
            "account_receivable_turnover_ratio": 0.99,
            "reinvestment_rate": -1085.9,
            "research_to_sale_ratio": 4.68,
            "price_fair": 43.4,
            "eps_avg_yearly": 1.24,
            "eps_latest_yearly": 1.48,
            "eps_growth_yearly": 379.29
        },
        "20164": {
            "year_quarter": 20164,
            "year": 2016,
            "quarter": 4,
            "eps": -0.22,
            "eps_growth_year": null,
            "eps_4q": -0.29,
            "eps_4q_growth_year": null,
            "roe": -1.97,
            "gross_profit": 200312,
            "gross_margin": 24.42,
            "net_income": -72446,
            "revenue": 820290,
            "common_shares": 3482273,
            "equity": 3731852,
            "current_ratio": 354.16,
            "debt_ratio": 25.58,
            "inventory_turnover_ratio": 1.06,
            "account_receivable_turnover_ratio": 0.5,
            "reinvestment_rate": null,
            "research_to_sale_ratio": 6.84,
            "price_fair": 48.3,
            "eps_avg_yearly": 1.38,
            "eps_latest_yearly": 1.48,
            "eps_growth_yearly": 540.11
        },
        "20171": {
            "year_quarter": 20171,
            "year": 2017,
            "quarter": 1,
            "eps": -0.24,
            "eps_growth_year": null,
            "eps_4q": -0.37,
            "eps_4q_growth_year": null,
            "roe": -2.26,
            "gross_profit": 109704,
            "gross_margin": 11.34,
            "net_income": -80595,
            "revenue": 967367,
            "common_shares": 3454273,
            "equity": 3406130,
            "current_ratio": 326.92,
            "debt_ratio": 27.2,
            "inventory_turnover_ratio": 1.35,
            "account_receivable_turnover_ratio": 0.72,
            "reinvestment_rate": null,
            "research_to_sale_ratio": 7.01,
            "price_fair": 61.13,
            "eps_avg_yearly": 1.75,
            "eps_latest_yearly": 1.48,
            "eps_growth_yearly": 798.58
        },
        "20172": {
            "year_quarter": 20172,
            "year": 2017,
            "quarter": 2,
            "eps": 0.15,
            "eps_growth_year": null,
            "eps_4q": -0.2,
            "eps_4q_growth_year": null,
            "roe": 1.4,
            "gross_profit": 146452,
            "gross_margin": 10.47,
            "net_income": 47791,
            "revenue": 1398204,
            "common_shares": 3454273,
            "equity": 3425236,
            "current_ratio": 260.49,
            "debt_ratio": 34.13,
            "inventory_turnover_ratio": 1.97,
            "account_receivable_turnover_ratio": 1.02,
            "reinvestment_rate": null,
            "research_to_sale_ratio": 4.28,
            "price_fair": 4.8,
            "eps_avg_yearly": 1.6,
            "eps_latest_yearly": 1.48,
            "eps_growth_yearly": -59.28
        },
        "20173": {
            "year_quarter": 20173,
            "year": 2017,
            "quarter": 3,
            "eps": -0.07,
            "eps_growth_year": -158.33,
            "eps_4q": -0.39,
            "eps_4q_growth_year": null,
            "roe": -0.64,
            "gross_profit": 150171,
            "gross_margin": 11.98,
            "net_income": -21873,
            "revenue": 1253544,
            "common_shares": 3454273,
            "equity": 3384594,
            "current_ratio": 303.4,
            "debt_ratio": 28.8,
            "inventory_turnover_ratio": 1.74,
            "account_receivable_turnover_ratio": 0.81,
            "reinvestment_rate": null,
            "research_to_sale_ratio": 4.53,
            "price_fair": 4.44,
            "eps_avg_yearly": 1.48,
            "eps_latest_yearly": 1.48,
            "eps_growth_yearly": -55.81
        },
        "20174": {
            "year_quarter": 20174,
            "year": 2017,
            "quarter": 4,
            "eps": -0.29,
            "eps_growth_year": null,
            "eps_4q": -0.45,
            "eps_4q_growth_year": null,
            "roe": -2.83,
            "gross_profit": 157850,
            "gross_margin": 13.82,
            "net_income": -95777,
            "revenue": 1142029,
            "common_shares": 3394273,
            "equity": 3395347,
            "current_ratio": 332.12,
            "debt_ratio": 26.31,
            "inventory_turnover_ratio": 1.69,
            "account_receivable_turnover_ratio": 0.81,
            "reinvestment_rate": null,
            "research_to_sale_ratio": 8.83,
            "price_fair": 0,
            "eps_avg_yearly": 0,
            "eps_latest_yearly": 0,
            "eps_growth_yearly": 0
        },
        "20181": {
            "year_quarter": 20181,
            "year": 2018,
            "quarter": 1,
            "eps": 0.01,
            "eps_growth_year": null,
            "eps_4q": -0.19,
            "eps_4q_growth_year": null,
            "roe": 0.14,
            "gross_profit": 151971,
            "gross_margin": 13.29,
            "net_income": 4868,
            "revenue": 1143645,
            "common_shares": 3394273,
            "equity": 3365228,
            "current_ratio": 296.95,
            "debt_ratio": 29.39,
            "inventory_turnover_ratio": 1.59,
            "account_receivable_turnover_ratio": 0.84,
            "reinvestment_rate": null,
            "research_to_sale_ratio": 4.12,
            "price_fair": 0,
            "eps_avg_yearly": 0,
            "eps_latest_yearly": 0,
            "eps_growth_yearly": 0
        },
        "20182": {
            "year_quarter": 20182,
            "year": 2018,
            "quarter": 2,
            "eps": -0.1,
            "eps_growth_year": -166.67,
            "eps_4q": -0.43,
            "eps_4q_growth_year": null,
            "roe": -0.97,
            "gross_profit": 145456,
            "gross_margin": 11.56,
            "net_income": -33211,
            "revenue": 1257891,
            "common_shares": 3434273,
            "equity": 3454301,
            "current_ratio": 333.39,
            "debt_ratio": 25.9,
            "inventory_turnover_ratio": 1.46,
            "account_receivable_turnover_ratio": 0.8,
            "reinvestment_rate": null,
            "research_to_sale_ratio": 4.36,
            "price_fair": 0,
            "eps_avg_yearly": 0,
            "eps_latest_yearly": 0,
            "eps_growth_yearly": 0
        },
        "20183": {
            "year_quarter": 20183,
            "year": 2018,
            "quarter": 3,
            "eps": -0.06,
            "eps_growth_year": null,
            "eps_4q": -0.42,
            "eps_4q_growth_year": null,
            "roe": -0.56,
            "gross_profit": 140159,
            "gross_margin": 13.8,
            "net_income": -19206,
            "revenue": 1015817,
            "common_shares": 3434273,
            "equity": 3419816,
            "current_ratio": 412.3,
            "debt_ratio": 20.86,
            "inventory_turnover_ratio": 1.08,
            "account_receivable_turnover_ratio": 0.63,
            "reinvestment_rate": null,
            "research_to_sale_ratio": 5.27,
            "price_fair": 0,
            "eps_avg_yearly": 0,
            "eps_latest_yearly": 0,
            "eps_growth_yearly": 0
        },
        "20184": {
            "year_quarter": 20184,
            "year": 2018,
            "quarter": 4,
            "eps": -0.26,
            "eps_growth_year": null,
            "eps_4q": -0.4,
            "eps_4q_growth_year": null,
            "roe": -2.62,
            "gross_profit": 178146,
            "gross_margin": 22.63,
            "net_income": -88283,
            "revenue": 787177,
            "common_shares": 3434273,
            "equity": 3331818,
            "current_ratio": 448.66,
            "debt_ratio": 18.67,
            "inventory_turnover_ratio": 0.7,
            "account_receivable_turnover_ratio": 0.74,
            "reinvestment_rate": null,
            "research_to_sale_ratio": 9.53,
            "price_fair": 0,
            "eps_avg_yearly": 0,
            "eps_latest_yearly": 0,
            "eps_growth_yearly": 0
        },
        "20191": {
            "year_quarter": 20191,
            "year": 2019,
            "quarter": 1,
            "eps": -0.07,
            "eps_growth_year": -800,
            "eps_4q": -0.49,
            "eps_4q_growth_year": null,
            "roe": -0.75,
            "gross_profit": 154635,
            "gross_margin": 19.6,
            "net_income": -24774,
            "revenue": 788816,
            "common_shares": 3434273,
            "equity": 3300269,
            "current_ratio": 431.9,
            "debt_ratio": 20.24,
            "inventory_turnover_ratio": 0.76,
            "account_receivable_turnover_ratio": 1.15,
            "reinvestment_rate": null,
            "research_to_sale_ratio": 7.68,
            "price_fair": 0,
            "eps_avg_yearly": 0,
            "eps_latest_yearly": 0,
            "eps_growth_yearly": 0
        },
        "20192": {
            "year_quarter": 20192,
            "year": 2019,
            "quarter": 2,
            "eps": -0.06,
            "eps_growth_year": null,
            "eps_4q": -0.45,
            "eps_4q_growth_year": null,
            "roe": -0.66,
            "gross_profit": 144458,
            "gross_margin": 17.47,
            "net_income": -21594,
            "revenue": 826988,
            "common_shares": 3434273,
            "equity": 3286166,
            "current_ratio": 467.21,
            "debt_ratio": 18.34,
            "inventory_turnover_ratio": 1.04,
            "account_receivable_turnover_ratio": 1.03,
            "reinvestment_rate": null,
            "research_to_sale_ratio": 7.31,
            "price_fair": 0,
            "eps_avg_yearly": 0,
            "eps_latest_yearly": 0,
            "eps_growth_yearly": 0
        },
        "20193": {
            "year_quarter": 20193,
            "year": 2019,
            "quarter": 3,
            "eps": 0.11,
            "eps_growth_year": null,
            "eps_4q": -0.29,
            "eps_4q_growth_year": null,
            "roe": 1.13,
            "gross_profit": 209148,
            "gross_margin": 24.52,
            "net_income": 37301,
            "revenue": 853013,
            "common_shares": 3434273,
            "equity": 3321446,
            "current_ratio": 387.97,
            "debt_ratio": 21.96,
            "inventory_turnover_ratio": 1,
            "account_receivable_turnover_ratio": 0.95,
            "reinvestment_rate": null,
            "research_to_sale_ratio": 6.33,
            "price_fair": 0,
            "eps_avg_yearly": 0,
            "eps_latest_yearly": 0,
            "eps_growth_yearly": 0
        },
        "20194": {
            "year_quarter": 20194,
            "year": 2019,
            "quarter": 4,
            "eps": 0.04,
            "eps_growth_year": null,
            "eps_4q": 0.01,
            "eps_4q_growth_year": null,
            "roe": 0.5,
            "gross_profit": 215385,
            "gross_margin": 30.5,
            "net_income": 16963,
            "revenue": 706273,
            "common_shares": 3434273,
            "equity": 3421583,
            "current_ratio": 356.28,
            "debt_ratio": 22.4,
            "inventory_turnover_ratio": 0.72,
            "account_receivable_turnover_ratio": 0.79,
            "reinvestment_rate": null,
            "research_to_sale_ratio": 7.8,
            "price_fair": 0.48,
            "eps_avg_yearly": 0.16,
            "eps_latest_yearly": 0.16,
            "eps_growth_yearly": -254.55
        },
        "20201": {
            "year_quarter": 20201,
            "year": 2020,
            "quarter": 1,
            "eps": -0.13,
            "eps_growth_year": null,
            "eps_4q": -0.04,
            "eps_4q_growth_year": null,
            "roe": -1.21,
            "gross_profit": 177720,
            "gross_margin": 36.65,
            "net_income": -41205,
            "revenue": 484894,
            "common_shares": 3434273,
            "equity": 3373541,
            "current_ratio": 434.16,
            "debt_ratio": 18.47,
            "inventory_turnover_ratio": 0.48,
            "account_receivable_turnover_ratio": 0.6,
            "reinvestment_rate": null,
            "research_to_sale_ratio": 11.41,
            "price_fair": 0.48,
            "eps_avg_yearly": 0.16,
            "eps_latest_yearly": 0.16,
            "eps_growth_yearly": -254.55
        },
        "20202": {
            "year_quarter": 20202,
            "year": 2020,
            "quarter": 2,
            "eps": 0.05,
            "eps_growth_year": null,
            "eps_4q": 0.07,
            "eps_4q_growth_year": null,
            "roe": 0.51,
            "gross_profit": 147484,
            "gross_margin": 36.84,
            "net_income": 16953,
            "revenue": 400317,
            "common_shares": 3434273,
            "equity": 3332054,
            "current_ratio": 541.3,
            "debt_ratio": 14.77,
            "inventory_turnover_ratio": 0.41,
            "account_receivable_turnover_ratio": 0.65,
            "reinvestment_rate": null,
            "research_to_sale_ratio": 11.34,
            "price_fair": 0.48,
            "eps_avg_yearly": 0.16,
            "eps_latest_yearly": 0.16,
            "eps_growth_yearly": -254.55
        },
        "20203": {
            "year_quarter": 20203,
            "year": 2020,
            "quarter": 3,
            "eps": 0.02,
            "eps_growth_year": -81.82,
            "eps_4q": -0.02,
            "eps_4q_growth_year": null,
            "roe": 0.19,
            "gross_profit": 146837,
            "gross_margin": 37.87,
            "net_income": 6231,
            "revenue": 387699,
            "common_shares": 3434273,
            "equity": 3308404,
            "current_ratio": 602.98,
            "debt_ratio": 13.42,
            "inventory_turnover_ratio": 0.4,
            "account_receivable_turnover_ratio": 0.8,
            "reinvestment_rate": null,
            "research_to_sale_ratio": 12.25,
            "price_fair": 0.36,
            "eps_avg_yearly": 0.12,
            "eps_latest_yearly": 0.08,
            "eps_growth_yearly": -247.27
        },
        "20204": {
            "year_quarter": 20204,
            "year": 2020,
            "quarter": 4,
            "eps": 0.23,
            "eps_growth_year": 508.6,
            "eps_4q": 0.17,
            "eps_4q_growth_year": 1349.45,
            "roe": 2.39,
            "gross_profit": 178727,
            "gross_margin": 37.91,
            "net_income": 80126,
            "revenue": 471466,
            "common_shares": 3434273,
            "equity": 3398052,
            "current_ratio": 610.44,
            "debt_ratio": 13.17,
            "inventory_turnover_ratio": 0.54,
            "account_receivable_turnover_ratio": 1.28,
            "reinvestment_rate": null,
            "research_to_sale_ratio": 9.17,
            "price_fair": 13.53,
            "eps_avg_yearly": 0.39,
            "eps_latest_yearly": 0.92,
            "eps_growth_yearly": 1235.15
        },
        "20211": {
            "year_quarter": 20211,
            "year": 2021,
            "quarter": 1,
            "eps": 0.01,
            "eps_growth_year": null,
            "eps_4q": 0.3,
            "eps_4q_growth_year": null,
            "roe": 0.06,
            "gross_profit": 161594,
            "gross_margin": 41,
            "net_income": 2008,
            "revenue": 394165,
            "common_shares": 3434273,
            "equity": 3399475,
            "current_ratio": 583.57,
            "debt_ratio": 13.62,
            "inventory_turnover_ratio": 0.45,
            "account_receivable_turnover_ratio": 1.86,
            "reinvestment_rate": null,
            "research_to_sale_ratio": 11.56,
            "price_fair": 10.5,
            "eps_avg_yearly": 0.3,
            "eps_latest_yearly": 0.04,
            "eps_growth_yearly": 830.71
        },
        "20212": {
            "year_quarter": 20212,
            "year": 2021,
            "quarter": 2,
            "eps": 0.01,
            "eps_growth_year": -80,
            "eps_4q": 0.26,
            "eps_4q_growth_year": 281.34,
            "roe": 0.1,
            "gross_profit": 175856,
            "gross_margin": 40.09,
            "net_income": 3345,
            "revenue": 438640,
            "common_shares": 3434273,
            "equity": 3376725,
            "current_ratio": 514.13,
            "debt_ratio": 15.32,
            "inventory_turnover_ratio": 0.48,
            "account_receivable_turnover_ratio": 2.16,
            "reinvestment_rate": null,
            "research_to_sale_ratio": 10.37,
            "price_fair": 8.68,
            "eps_avg_yearly": 0.25,
            "eps_latest_yearly": 0.04,
            "eps_growth_yearly": 664.57
        },
        "20213": {
            "year_quarter": 20213,
            "year": 2021,
            "quarter": 3,
            "eps": 0.05,
            "eps_growth_year": 150,
            "eps_4q": 0.29,
            "eps_4q_growth_year": null,
            "roe": 0.5,
            "gross_profit": 189060,
            "gross_margin": 38.8,
            "net_income": 16822,
            "revenue": 487330,
            "common_shares": 3434273,
            "equity": 3380514,
            "current_ratio": 539.47,
            "debt_ratio": 15,
            "inventory_turnover_ratio": 0.52,
            "account_receivable_turnover_ratio": 2.18,
            "reinvestment_rate": null,
            "research_to_sale_ratio": 9.04,
            "price_fair": 8.4,
            "eps_avg_yearly": 0.24,
            "eps_latest_yearly": 0.2,
            "eps_growth_yearly": 820.47
        },
        "20214": {
            "year_quarter": 20214,
            "year": 2021,
            "quarter": 4,
            "eps": 0.51,
            "eps_growth_year": 117.71,
            "eps_4q": 0.57,
            "eps_4q_growth_year": 232.78,
            "roe": 4.96,
            "gross_profit": 192136,
            "gross_margin": 36.8,
            "net_income": 173919,
            "revenue": 522067,
            "common_shares": 3434273,
            "equity": 3625494,
            "current_ratio": 381.33,
            "debt_ratio": 21.16,
            "inventory_turnover_ratio": 0.53,
            "account_receivable_turnover_ratio": 2.44,
            "reinvestment_rate": 410.47,
            "research_to_sale_ratio": 10.35,
            "price_fair": 17.4,
            "eps_avg_yearly": 0.5,
            "eps_latest_yearly": 2.04,
            "eps_growth_yearly": 1228.98
        },
        "20221": {
            "year_quarter": 20221,
            "year": 2022,
            "quarter": 1,
            "eps": 0.01,
            "eps_growth_year": 0,
            "eps_4q": 0.58,
            "eps_4q_growth_year": 90.01,
            "roe": 0.13,
            "gross_profit": 168627,
            "gross_margin": 39.96,
            "net_income": 4572,
            "revenue": 421989,
            "common_shares": 3434273,
            "equity": 3635837,
            "current_ratio": 430.58,
            "debt_ratio": 18.89,
            "inventory_turnover_ratio": 0.37,
            "account_receivable_turnover_ratio": 2.21,
            "reinvestment_rate": 429.44,
            "research_to_sale_ratio": 9.6,
            "price_fair": 15.4,
            "eps_avg_yearly": 0.44,
            "eps_latest_yearly": 0.04,
            "eps_growth_yearly": 1026.34
        },
        "20222": {
            "year_quarter": 20222,
            "year": 2022,
            "quarter": 2,
            "eps": 0.11,
            "eps_growth_year": 1000,
            "eps_4q": 0.68,
            "eps_4q_growth_year": 158.66,
            "roe": 1.04,
            "gross_profit": 204150,
            "gross_margin": 41.12,
            "net_income": 38036,
            "revenue": 496451,
            "common_shares": 3434273,
            "equity": 3659892,
            "current_ratio": 419.17,
            "debt_ratio": 19.22,
            "inventory_turnover_ratio": 0.38,
            "account_receivable_turnover_ratio": 2.77,
            "reinvestment_rate": 281.99,
            "research_to_sale_ratio": 8.45,
            "price_fair": 15.4,
            "eps_avg_yearly": 0.44,
            "eps_latest_yearly": 0.44,
            "eps_growth_yearly": 1356.74
        },
        "20223": {
            "year_quarter": 20223,
            "year": 2022,
            "quarter": 3,
            "eps": 0.11,
            "eps_growth_year": 120,
            "eps_4q": 0.74,
            "eps_4q_growth_year": 153.12,
            "roe": 1.06,
            "gross_profit": 164595,
            "gross_margin": 39.81,
            "net_income": 39015,
            "revenue": 413440,
            "common_shares": 3434273,
            "equity": 3717324,
            "current_ratio": 427.91,
            "debt_ratio": 18.69,
            "inventory_turnover_ratio": 0.29,
            "account_receivable_turnover_ratio": 2.35,
            "reinvestment_rate": 220.55,
            "research_to_sale_ratio": 10.65,
            "price_fair": 15.4,
            "eps_avg_yearly": 0.44,
            "eps_latest_yearly": 0.44,
            "eps_growth_yearly": 1221.07
        },
        "20224": {
            "year_quarter": 20224,
            "year": 2022,
            "quarter": 4,
            "eps": -0.07,
            "eps_growth_year": -114.54,
            "eps_4q": 0.16,
            "eps_4q_growth_year": -71.83,
            "roe": -0.69,
            "gross_profit": 161220,
            "gross_margin": 40.01,
            "net_income": -25594,
            "revenue": 402970,
            "common_shares": 3434273,
            "equity": 3711961,
            "current_ratio": 473.04,
            "debt_ratio": 16.9,
            "inventory_turnover_ratio": 0.26,
            "account_receivable_turnover_ratio": 2.5,
            "reinvestment_rate": 176.62,
            "research_to_sale_ratio": 10.53,
            "price_fair": 15.4,
            "eps_avg_yearly": 0.44,
            "eps_latest_yearly": 0.44,
            "eps_growth_yearly": 1221.07
        },
        "20231": {
            "year_quarter": 20231,
            "year": 2023,
            "quarter": 1,
            "eps": -0.02,
            "eps_growth_year": -300,
            "eps_4q": 0.13,
            "eps_4q_growth_year": -77.74,
            "roe": -0.16,
            "gross_profit": 165154,
            "gross_margin": 39.02,
            "net_income": -5958,
            "revenue": 423238,
            "common_shares": 3434273,
            "equity": 3747406,
            "current_ratio": 555.92,
            "debt_ratio": 14.65,
            "inventory_turnover_ratio": 0.29,
            "account_receivable_turnover_ratio": 2.73,
            "reinvestment_rate": 168.04,
            "research_to_sale_ratio": 9.64,
            "price_fair": 15.4,
            "eps_avg_yearly": 0.44,
            "eps_latest_yearly": 0.44,
            "eps_growth_yearly": 1221.07
        }
    },
    "months": {
        "2001-06": {
            "month": "2001-06",
            "price": "14.18",
            "revenue": 225799
        },
        "2001-07": {
            "month": "2001-07",
            "price": "8.86",
            "revenue": 308504
        },
        "2001-08": {
            "month": "2001-08",
            "price": "9.85",
            "revenue": 359593
        },
        "2001-09": {
            "month": "2001-09",
            "price": "8.03",
            "revenue": 269998
        },
        "2001-10": {
            "month": "2001-10",
            "price": "7.02",
            "revenue": 356623
        },
        "2001-11": {
            "month": "2001-11",
            "price": "10.31",
            "revenue": 454005
        },
        "2001-12": {
            "month": "2001-12",
            "price": "24.53",
            "revenue": 484044
        },
        "2002-01": {
            "month": "2002-01",
            "price": "44.43",
            "revenue": 522779
        },
        "2002-02": {
            "month": "2002-02",
            "price": "38.19",
            "revenue": 384069
        },
        "2002-03": {
            "month": "2002-03",
            "price": "37.73",
            "revenue": 424919
        },
        "2002-04": {
            "month": "2002-04",
            "price": "35.19",
            "revenue": 312752
        },
        "2002-05": {
            "month": "2002-05",
            "price": "25.80",
            "revenue": 310083
        },
        "2002-06": {
            "month": "2002-06",
            "price": "26.44",
            "revenue": 412859
        },
        "2002-07": {
            "month": "2002-07",
            "price": "24.85",
            "revenue": 415449
        },
        "2002-08": {
            "month": "2002-08",
            "price": "24.89",
            "revenue": 429964
        },
        "2002-09": {
            "month": "2002-09",
            "price": "23.18",
            "revenue": 485426
        },
        "2002-10": {
            "month": "2002-10",
            "price": "22.03",
            "revenue": 489947
        },
        "2002-11": {
            "month": "2002-11",
            "price": "25.77",
            "revenue": 538269
        },
        "2002-12": {
            "month": "2002-12",
            "price": "24.24",
            "revenue": 507214
        },
        "2003-01": {
            "month": "2003-01",
            "price": "23.95",
            "revenue": 566075
        },
        "2003-02": {
            "month": "2003-02",
            "price": "23.45",
            "revenue": 509101
        },
        "2003-03": {
            "month": "2003-03",
            "price": "27.11",
            "revenue": 571283
        },
        "2003-04": {
            "month": "2003-04",
            "price": "32.92",
            "revenue": 535784
        },
        "2003-05": {
            "month": "2003-05",
            "price": "38.72",
            "revenue": 539204
        },
        "2003-06": {
            "month": "2003-06",
            "price": "42.99",
            "revenue": 539260
        },
        "2003-07": {
            "month": "2003-07",
            "price": "55.72",
            "revenue": 551691
        },
        "2003-08": {
            "month": "2003-08",
            "price": "49.85",
            "revenue": 520224
        },
        "2003-09": {
            "month": "2003-09",
            "price": "42.59",
            "revenue": 588275
        },
        "2003-10": {
            "month": "2003-10",
            "price": "42.60",
            "revenue": 594711
        },
        "2003-11": {
            "month": "2003-11",
            "price": "41.58",
            "revenue": 666047
        },
        "2003-12": {
            "month": "2003-12",
            "price": "39.17",
            "revenue": 726523
        },
        "2004-01": {
            "month": "2004-01",
            "price": "42.07",
            "revenue": 608683
        },
        "2004-02": {
            "month": "2004-02",
            "price": "47.27",
            "revenue": 553678
        },
        "2004-03": {
            "month": "2004-03",
            "price": "53.03",
            "revenue": 606010
        },
        "2004-04": {
            "month": "2004-04",
            "price": "54.84",
            "revenue": 537848
        },
        "2004-05": {
            "month": "2004-05",
            "price": "40.41",
            "revenue": 611084
        },
        "2004-06": {
            "month": "2004-06",
            "price": "36.94",
            "revenue": 584852
        },
        "2004-07": {
            "month": "2004-07",
            "price": "32.40",
            "revenue": 569646
        },
        "2004-08": {
            "month": "2004-08",
            "price": "25.05",
            "revenue": 546757
        },
        "2004-09": {
            "month": "2004-09",
            "price": "22.32",
            "revenue": 588871
        },
        "2004-10": {
            "month": "2004-10",
            "price": "21.16",
            "revenue": 594031
        },
        "2004-11": {
            "month": "2004-11",
            "price": "21.23",
            "revenue": 608589
        },
        "2004-12": {
            "month": "2004-12",
            "price": "20.62",
            "revenue": 525755
        },
        "2005-01": {
            "month": "2005-01",
            "price": "19.47",
            "revenue": 348328
        },
        "2005-02": {
            "month": "2005-02",
            "price": "19.65",
            "revenue": 312407
        },
        "2005-03": {
            "month": "2005-03",
            "price": "19.05",
            "revenue": 337686
        },
        "2005-04": {
            "month": "2005-04",
            "price": "15.62",
            "revenue": 340562
        },
        "2005-05": {
            "month": "2005-05",
            "price": "14.57",
            "revenue": 369356
        },
        "2005-06": {
            "month": "2005-06",
            "price": "16.86",
            "revenue": 314640
        },
        "2005-07": {
            "month": "2005-07",
            "price": "16.04",
            "revenue": 320404
        },
        "2005-08": {
            "month": "2005-08",
            "price": "14.62",
            "revenue": 304010
        },
        "2005-09": {
            "month": "2005-09",
            "price": "13.74",
            "revenue": 303221
        },
        "2005-10": {
            "month": "2005-10",
            "price": "11.73",
            "revenue": 303079
        },
        "2005-11": {
            "month": "2005-11",
            "price": "11.92",
            "revenue": 313603
        },
        "2005-12": {
            "month": "2005-12",
            "price": "13.50",
            "revenue": 279770
        },
        "2006-01": {
            "month": "2006-01",
            "price": "13.31",
            "revenue": 215575
        },
        "2006-02": {
            "month": "2006-02",
            "price": "12.24",
            "revenue": 174126
        },
        "2006-03": {
            "month": "2006-03",
            "price": "11.45",
            "revenue": 191872
        },
        "2006-04": {
            "month": "2006-04",
            "price": "12.33",
            "revenue": 88113
        },
        "2006-05": {
            "month": "2006-05",
            "price": "12.40",
            "revenue": 91493
        },
        "2006-06": {
            "month": "2006-06",
            "price": "11.08",
            "revenue": 88786
        },
        "2006-07": {
            "month": "2006-07",
            "price": "10.32",
            "revenue": 92044
        },
        "2006-08": {
            "month": "2006-08",
            "price": "9.38",
            "revenue": 107534
        },
        "2006-09": {
            "month": "2006-09",
            "price": "8.30",
            "revenue": 128356
        },
        "2006-10": {
            "month": "2006-10",
            "price": "8.65",
            "revenue": 124886
        },
        "2006-11": {
            "month": "2006-11",
            "price": "11.82",
            "revenue": 136485
        },
        "2006-12": {
            "month": "2006-12",
            "price": "14.94",
            "revenue": 172375
        },
        "2007-01": {
            "month": "2007-01",
            "price": "14.29",
            "revenue": 144908
        },
        "2007-02": {
            "month": "2007-02",
            "price": "12.84",
            "revenue": 117555
        },
        "2007-03": {
            "month": "2007-03",
            "price": "13.57",
            "revenue": 154395
        },
        "2007-04": {
            "month": "2007-04",
            "price": "14.22",
            "revenue": 120080
        },
        "2007-05": {
            "month": "2007-05",
            "price": "13.32",
            "revenue": 120861
        },
        "2007-06": {
            "month": "2007-06",
            "price": "16.43",
            "revenue": 116906
        },
        "2007-07": {
            "month": "2007-07",
            "price": "19.58",
            "revenue": 146582
        },
        "2007-08": {
            "month": "2007-08",
            "price": "16.74",
            "revenue": 136756
        },
        "2007-09": {
            "month": "2007-09",
            "price": "15.85",
            "revenue": 134068
        },
        "2007-10": {
            "month": "2007-10",
            "price": "14.72",
            "revenue": 161324
        },
        "2007-11": {
            "month": "2007-11",
            "price": "11.74",
            "revenue": 197662
        },
        "2007-12": {
            "month": "2007-12",
            "price": "10.84",
            "revenue": 178517
        },
        "2008-01": {
            "month": "2008-01",
            "price": "10.66",
            "revenue": 144235
        },
        "2008-02": {
            "month": "2008-02",
            "price": "12.06",
            "revenue": 141838
        },
        "2008-03": {
            "month": "2008-03",
            "price": "12.92",
            "revenue": 184733
        },
        "2008-04": {
            "month": "2008-04",
            "price": "14.33",
            "revenue": 138706
        },
        "2008-05": {
            "month": "2008-05",
            "price": "14.91",
            "revenue": 146811
        },
        "2008-06": {
            "month": "2008-06",
            "price": "14.44",
            "revenue": 121770
        },
        "2008-07": {
            "month": "2008-07",
            "price": "11.41",
            "revenue": 127761
        },
        "2008-08": {
            "month": "2008-08",
            "price": "12.55",
            "revenue": 126580
        },
        "2008-09": {
            "month": "2008-09",
            "price": "9.60",
            "revenue": 134598
        },
        "2008-10": {
            "month": "2008-10",
            "price": "7.82",
            "revenue": 130849
        },
        "2008-11": {
            "month": "2008-11",
            "price": "7.21",
            "revenue": 104260
        },
        "2008-12": {
            "month": "2008-12",
            "price": "6.99",
            "revenue": 91360
        },
        "2009-01": {
            "month": "2009-01",
            "price": "6.58",
            "revenue": 62998
        },
        "2009-02": {
            "month": "2009-02",
            "price": "6.57",
            "revenue": 74660
        },
        "2009-03": {
            "month": "2009-03",
            "price": "7.40",
            "revenue": 87675
        },
        "2009-04": {
            "month": "2009-04",
            "price": "8.63",
            "revenue": 89292
        },
        "2009-05": {
            "month": "2009-05",
            "price": "16.46",
            "revenue": 82321
        },
        "2009-06": {
            "month": "2009-06",
            "price": "18.76",
            "revenue": 76209
        },
        "2009-07": {
            "month": "2009-07",
            "price": "20.20",
            "revenue": 77378
        },
        "2009-08": {
            "month": "2009-08",
            "price": "19.53",
            "revenue": 81583
        },
        "2009-09": {
            "month": "2009-09",
            "price": "21.53",
            "revenue": 103074
        },
        "2009-10": {
            "month": "2009-10",
            "price": "25.49",
            "revenue": 107665
        },
        "2009-11": {
            "month": "2009-11",
            "price": "25.42",
            "revenue": 103951
        },
        "2009-12": {
            "month": "2009-12",
            "price": "28.79",
            "revenue": 117641
        },
        "2010-01": {
            "month": "2010-01",
            "price": "28.90",
            "revenue": 190195
        },
        "2010-02": {
            "month": "2010-02",
            "price": "26.88",
            "revenue": 136131
        },
        "2010-03": {
            "month": "2010-03",
            "price": "26.83",
            "revenue": 210384
        },
        "2010-04": {
            "month": "2010-04",
            "price": "28.19",
            "revenue": 566443
        },
        "2010-05": {
            "month": "2010-05",
            "price": "23.75",
            "revenue": 675891
        },
        "2010-06": {
            "month": "2010-06",
            "price": "24.67",
            "revenue": 607246
        },
        "2010-07": {
            "month": "2010-07",
            "price": "24.65",
            "revenue": 668811
        },
        "2010-08": {
            "month": "2010-08",
            "price": "24.23",
            "revenue": 1164841
        },
        "2010-09": {
            "month": "2010-09",
            "price": "25.33",
            "revenue": 1105624
        },
        "2010-10": {
            "month": "2010-10",
            "price": "24.90",
            "revenue": 733629
        },
        "2010-11": {
            "month": "2010-11",
            "price": "21.68",
            "revenue": 798951
        },
        "2010-12": {
            "month": "2010-12",
            "price": "21.80",
            "revenue": 645516
        },
        "2011-01": {
            "month": "2011-01",
            "price": "19.51",
            "revenue": 444199
        },
        "2011-02": {
            "month": "2011-02",
            "price": "17.33",
            "revenue": 403805
        },
        "2011-03": {
            "month": "2011-03",
            "price": "17.10",
            "revenue": 859921
        },
        "2011-04": {
            "month": "2011-04",
            "price": "17.08",
            "revenue": 929212
        },
        "2011-05": {
            "month": "2011-05",
            "price": "15.48",
            "revenue": 1002221
        },
        "2011-06": {
            "month": "2011-06",
            "price": "14.78",
            "revenue": 817438
        },
        "2011-07": {
            "month": "2011-07",
            "price": "14.12",
            "revenue": 831752
        },
        "2011-08": {
            "month": "2011-08",
            "price": "10.92",
            "revenue": 1111703
        },
        "2011-09": {
            "month": "2011-09",
            "price": "9.82",
            "revenue": 1041868
        },
        "2011-10": {
            "month": "2011-10",
            "price": "9.49",
            "revenue": 1018238
        },
        "2011-11": {
            "month": "2011-11",
            "price": "9.51",
            "revenue": 742097
        },
        "2011-12": {
            "month": "2011-12",
            "price": "8.43",
            "revenue": 658109
        },
        "2012-01": {
            "month": "2012-01",
            "price": "8.17",
            "revenue": 687399
        },
        "2012-02": {
            "month": "2012-02",
            "price": "10.76",
            "revenue": 860767
        },
        "2012-03": {
            "month": "2012-03",
            "price": "11.22",
            "revenue": 996075
        },
        "2012-04": {
            "month": "2012-04",
            "price": "9.53",
            "revenue": 918395
        },
        "2012-05": {
            "month": "2012-05",
            "price": "8.85",
            "revenue": 1132700
        },
        "2012-06": {
            "month": "2012-06",
            "price": "8.04",
            "revenue": 1349587
        },
        "2012-07": {
            "month": "2012-07",
            "price": "8.53",
            "revenue": 1311644
        },
        "2012-08": {
            "month": "2012-08",
            "price": "10.59",
            "revenue": 1593466
        },
        "2012-09": {
            "month": "2012-09",
            "price": "10.77",
            "revenue": 1926964
        },
        "2012-10": {
            "month": "2012-10",
            "price": "10.67",
            "revenue": 1437323
        },
        "2012-11": {
            "month": "2012-11",
            "price": "9.78",
            "revenue": 1050714
        },
        "2012-12": {
            "month": "2012-12",
            "price": "10.60",
            "revenue": 893888
        },
        "2013-01": {
            "month": "2013-01",
            "price": "10.38",
            "revenue": 1008739
        },
        "2013-02": {
            "month": "2013-02",
            "price": "10.07",
            "revenue": 861458
        },
        "2013-03": {
            "month": "2013-03",
            "price": "10.41",
            "revenue": 1250042
        },
        "2013-04": {
            "month": "2013-04",
            "price": "11.34",
            "revenue": 1420512
        },
        "2013-05": {
            "month": "2013-05",
            "price": "12.77",
            "revenue": 1300465
        },
        "2013-06": {
            "month": "2013-06",
            "price": "13.18",
            "revenue": 1278521
        },
        "2013-07": {
            "month": "2013-07",
            "price": "13.52",
            "revenue": 1407565
        },
        "2013-08": {
            "month": "2013-08",
            "price": "12.16",
            "revenue": 1507020
        },
        "2013-09": {
            "month": "2013-09",
            "price": "12.24",
            "revenue": 1977961
        },
        "2013-10": {
            "month": "2013-10",
            "price": "13.36",
            "revenue": 1350652
        },
        "2013-11": {
            "month": "2013-11",
            "price": "11.02",
            "revenue": 1387916
        },
        "2013-12": {
            "month": "2013-12",
            "price": "11.26",
            "revenue": 1579704
        },
        "2014-01": {
            "month": "2014-01",
            "price": "13.76",
            "revenue": 882815
        },
        "2014-02": {
            "month": "2014-02",
            "price": "13.23",
            "revenue": 668107
        },
        "2014-03": {
            "month": "2014-03",
            "price": "12.69",
            "revenue": 582250
        },
        "2014-04": {
            "month": "2014-04",
            "price": "12.58",
            "revenue": 617082
        },
        "2014-05": {
            "month": "2014-05",
            "price": "11.57",
            "revenue": 825957
        },
        "2014-06": {
            "month": "2014-06",
            "price": "11.52",
            "revenue": 425186
        },
        "2014-07": {
            "month": "2014-07",
            "price": "10.89",
            "revenue": 359174
        },
        "2014-08": {
            "month": "2014-08",
            "price": "9.79",
            "revenue": 495497
        },
        "2014-09": {
            "month": "2014-09",
            "price": "9.40",
            "revenue": 639218
        },
        "2014-10": {
            "month": "2014-10",
            "price": "8.09",
            "revenue": 538620
        },
        "2014-11": {
            "month": "2014-11",
            "price": "8.19",
            "revenue": 353523
        },
        "2014-12": {
            "month": "2014-12",
            "price": "8.23",
            "revenue": 379962
        },
        "2015-01": {
            "month": "2015-01",
            "price": "8.81",
            "revenue": 430481
        },
        "2015-02": {
            "month": "2015-02",
            "price": "8.45",
            "revenue": 349734
        },
        "2015-03": {
            "month": "2015-03",
            "price": "8.28",
            "revenue": 390120
        },
        "2015-04": {
            "month": "2015-04",
            "price": "8.84",
            "revenue": 410983
        },
        "2015-05": {
            "month": "2015-05",
            "price": "8.29",
            "revenue": 408725
        },
        "2015-06": {
            "month": "2015-06",
            "price": "8.39",
            "revenue": 406444
        },
        "2015-07": {
            "month": "2015-07",
            "price": "8.61",
            "revenue": 531319
        },
        "2015-08": {
            "month": "2015-08",
            "price": "6.79",
            "revenue": 334155
        },
        "2015-09": {
            "month": "2015-09",
            "price": "6.88",
            "revenue": 610274
        },
        "2015-10": {
            "month": "2015-10",
            "price": "7.28",
            "revenue": 486556
        },
        "2015-11": {
            "month": "2015-11",
            "price": "7.51",
            "revenue": 331440
        },
        "2015-12": {
            "month": "2015-12",
            "price": "7.01",
            "revenue": 337049
        },
        "2016-01": {
            "month": "2016-01",
            "price": "7.26",
            "revenue": 318116
        },
        "2016-02": {
            "month": "2016-02",
            "price": "8.24",
            "revenue": 247451
        },
        "2016-03": {
            "month": "2016-03",
            "price": "9.29",
            "revenue": 321955
        },
        "2016-04": {
            "month": "2016-04",
            "price": "10.06",
            "revenue": 335780
        },
        "2016-05": {
            "month": "2016-05",
            "price": "9.07",
            "revenue": 387939
        },
        "2016-06": {
            "month": "2016-06",
            "price": "9.40",
            "revenue": 332254
        },
        "2016-07": {
            "month": "2016-07",
            "price": "9.00",
            "revenue": 595505
        },
        "2016-08": {
            "month": "2016-08",
            "price": "9.36",
            "revenue": 415417
        },
        "2016-09": {
            "month": "2016-09",
            "price": "9.70",
            "revenue": 414086
        },
        "2016-10": {
            "month": "2016-10",
            "price": "8.46",
            "revenue": 220194
        },
        "2016-11": {
            "month": "2016-11",
            "price": "7.57",
            "revenue": 361162
        },
        "2016-12": {
            "month": "2016-12",
            "price": "8.12",
            "revenue": 238967
        },
        "2017-01": {
            "month": "2017-01",
            "price": "8.63",
            "revenue": 310316
        },
        "2017-02": {
            "month": "2017-02",
            "price": "9.19",
            "revenue": 337370
        },
        "2017-03": {
            "month": "2017-03",
            "price": "9.20",
            "revenue": 319669
        },
        "2017-04": {
            "month": "2017-04",
            "price": "8.75",
            "revenue": 230109
        },
        "2017-05": {
            "month": "2017-05",
            "price": "8.13",
            "revenue": 553522
        },
        "2017-06": {
            "month": "2017-06",
            "price": "9.12",
            "revenue": 614563
        },
        "2017-07": {
            "month": "2017-07",
            "price": "10.43",
            "revenue": 410905
        },
        "2017-08": {
            "month": "2017-08",
            "price": "11.19",
            "revenue": 411300
        },
        "2017-09": {
            "month": "2017-09",
            "price": "11.33",
            "revenue": 431350
        },
        "2017-10": {
            "month": "2017-10",
            "price": "11.21",
            "revenue": 405348
        },
        "2017-11": {
            "month": "2017-11",
            "price": "17.85",
            "revenue": 408821
        },
        "2017-12": {
            "month": "2017-12",
            "price": "20.69",
            "revenue": 327875
        },
        "2018-01": {
            "month": "2018-01",
            "price": "20.65",
            "revenue": 343739
        },
        "2018-02": {
            "month": "2018-02",
            "price": "19.17",
            "revenue": 285290
        },
        "2018-03": {
            "month": "2018-03",
            "price": "18.59",
            "revenue": 514617
        },
        "2018-04": {
            "month": "2018-04",
            "price": "17.07",
            "revenue": 355345
        },
        "2018-05": {
            "month": "2018-05",
            "price": "16.68",
            "revenue": 592261
        },
        "2018-06": {
            "month": "2018-06",
            "price": "17.78",
            "revenue": 310285
        },
        "2018-07": {
            "month": "2018-07",
            "price": "14.80",
            "revenue": 368057
        },
        "2018-08": {
            "month": "2018-08",
            "price": "15.17",
            "revenue": 361304
        },
        "2018-09": {
            "month": "2018-09",
            "price": "13.69",
            "revenue": 287687
        },
        "2018-10": {
            "month": "2018-10",
            "price": "11.68",
            "revenue": 271652
        },
        "2018-11": {
            "month": "2018-11",
            "price": "11.35",
            "revenue": 309460
        },
        "2018-12": {
            "month": "2018-12",
            "price": "11.55",
            "revenue": 204793
        },
        "2019-01": {
            "month": "2019-01",
            "price": "11.80",
            "revenue": 254483
        },
        "2019-02": {
            "month": "2019-02",
            "price": "13.21",
            "revenue": 234203
        },
        "2019-03": {
            "month": "2019-03",
            "price": "13.54",
            "revenue": 300171
        },
        "2019-04": {
            "month": "2019-04",
            "price": "12.95",
            "revenue": 386333
        },
        "2019-05": {
            "month": "2019-05",
            "price": "11.41",
            "revenue": 236100
        },
        "2019-06": {
            "month": "2019-06",
            "price": "11.93",
            "revenue": 204555
        },
        "2019-07": {
            "month": "2019-07",
            "price": "12.31",
            "revenue": 265545
        },
        "2019-08": {
            "month": "2019-08",
            "price": "11.87",
            "revenue": 293386
        },
        "2019-09": {
            "month": "2019-09",
            "price": "12.24",
            "revenue": 294082
        },
        "2019-10": {
            "month": "2019-10",
            "price": "12.09",
            "revenue": 252579
        },
        "2019-11": {
            "month": "2019-11",
            "price": "12.20",
            "revenue": 242495
        },
        "2019-12": {
            "month": "2019-12",
            "price": "12.28",
            "revenue": 215226
        },
        "2020-01": {
            "month": "2020-01",
            "price": "12.12",
            "revenue": 175589
        },
        "2020-02": {
            "month": "2020-02",
            "price": "10.75",
            "revenue": 157398
        },
        "2020-03": {
            "month": "2020-03",
            "price": "7.96",
            "revenue": 151907
        },
        "2020-04": {
            "month": "2020-04",
            "price": "9.03",
            "revenue": 137182
        },
        "2020-05": {
            "month": "2020-05",
            "price": "9.78",
            "revenue": 119696
        },
        "2020-06": {
            "month": "2020-06",
            "price": "9.58",
            "revenue": 143439
        },
        "2020-07": {
            "month": "2020-07",
            "price": "9.71",
            "revenue": 126733
        },
        "2020-08": {
            "month": "2020-08",
            "price": "9.24",
            "revenue": 107054
        },
        "2020-09": {
            "month": "2020-09",
            "price": "9.25",
            "revenue": 153911
        },
        "2020-10": {
            "month": "2020-10",
            "price": "8.95",
            "revenue": 131751
        },
        "2020-11": {
            "month": "2020-11",
            "price": "9.22",
            "revenue": 136962
        },
        "2020-12": {
            "month": "2020-12",
            "price": "11.50",
            "revenue": 190855
        },
        "2021-01": {
            "month": "2021-01",
            "price": "11.94",
            "revenue": 127524
        },
        "2021-02": {
            "month": "2021-02",
            "price": "11.68",
            "revenue": 121019
        },
        "2021-03": {
            "month": "2021-03",
            "price": "12.46",
            "revenue": 145621
        },
        "2021-04": {
            "month": "2021-04",
            "price": "14.33",
            "revenue": 134823
        },
        "2021-05": {
            "month": "2021-05",
            "price": "12.51",
            "revenue": 151504
        },
        "2021-06": {
            "month": "2021-06",
            "price": "12.63",
            "revenue": 152312
        },
        "2021-07": {
            "month": "2021-07",
            "price": "12.04",
            "revenue": 153578
        },
        "2021-08": {
            "month": "2021-08",
            "price": "11.02",
            "revenue": 141691
        },
        "2021-09": {
            "month": "2021-09",
            "price": "10.54",
            "revenue": 192446
        },
        "2021-10": {
            "month": "2021-10",
            "price": "11.23",
            "revenue": 200622
        },
        "2021-11": {
            "month": "2021-11",
            "price": "12.15",
            "revenue": 194855
        },
        "2021-12": {
            "month": "2021-12",
            "price": "17.23",
            "revenue": 126205
        },
        "2022-01": {
            "month": "2022-01",
            "price": "15.98",
            "revenue": 135664
        },
        "2022-02": {
            "month": "2022-02",
            "price": "14.30",
            "revenue": 157053
        },
        "2022-03": {
            "month": "2022-03",
            "price": "14.02",
            "revenue": 129272
        },
        "2022-04": {
            "month": "2022-04",
            "price": "13.44",
            "revenue": 170906
        },
        "2022-05": {
            "month": "2022-05",
            "price": "12.77",
            "revenue": 155162
        },
        "2022-06": {
            "month": "2022-06",
            "price": "13.05",
            "revenue": 170383
        },
        "2022-07": {
            "month": "2022-07",
            "price": "12.74",
            "revenue": 145978
        },
        "2022-08": {
            "month": "2022-08",
            "price": "14.42",
            "revenue": 118183
        },
        "2022-09": {
            "month": "2022-09",
            "price": "14.00",
            "revenue": 149320
        },
        "2022-10": {
            "month": "2022-10",
            "price": "11.90",
            "revenue": 147478
        },
        "2022-11": {
            "month": "2022-11",
            "price": "12.60",
            "revenue": 132847
        },
        "2022-12": {
            "month": "2022-12",
            "price": "12.30",
            "revenue": 122604
        },
        "2023-01": {
            "month": "2023-01",
            "price": "11.78",
            "revenue": 147189
        },
        "2023-02": {
            "month": "2023-02",
            "price": "12.58",
            "revenue": 124037
        },
        "2023-03": {
            "month": "2023-03",
            "price": "12.44",
            "revenue": 152013
        },
        "2023-04": {
            "month": "2023-04",
            "price": "12.62",
            "revenue": 134358
        }
    }
}
