{
    "summary": {
        "stock_name": "國碩",
        "stock_id": "2406",
        "category": "光電",
        "main_business": "導電銲帶之研發、製造及銷售<br>太陽能電廠工程服務",
        "website_url": "http://www.gigastorage.com.tw/index.aspx",
        "ceo": "陳繼明",
        "pe_ratio": -30,
        "report_year_from": 2001,
        "report_year_to": 2023,
        "age": 22,
        "eps_negative_percentage": 76,
        "eps_growth_avg": {
            "last_all": -74.78,
            "last_2y": -100,
            "last_4y": -100,
            "last_8y": -100,
            "last_12y": -71.63,
            "last_16y": -71.63,
            "last_20y": -74.78,
            "at_2006_last_3y": -100,
            "at_2007_last_3y": -100,
            "at_2008_last_3y": null,
            "at_2009_last_3y": null,
            "at_2010_last_3y": 100,
            "at_2011_last_3y": 9.32,
            "at_2012_last_3y": -24.34,
            "at_2013_last_3y": -43.26,
            "at_2014_last_3y": -91.01,
            "at_2015_last_3y": -97.22,
            "at_2016_last_3y": -100,
            "at_2017_last_3y": -100,
            "at_2018_last_3y": -100,
            "at_2019_last_3y": -100,
            "at_2020_last_3y": -100,
            "at_2021_last_3y": -100,
            "at_2022_last_3y": -100,
            "at_2023_last_3y": -100,
            "at_2006_last_all": -100,
            "at_2007_last_all": -100,
            "at_2008_last_all": -100,
            "at_2009_last_all": -100,
            "at_2010_last_all": 0,
            "at_2011_last_all": -27.12,
            "at_2012_last_all": -43.26,
            "at_2013_last_all": -54.61,
            "at_2014_last_all": -54.61,
            "at_2015_last_all": -62.17,
            "at_2016_last_all": -62.17,
            "at_2017_last_all": -67.58,
            "at_2018_last_all": -67.58,
            "at_2019_last_all": -67.58,
            "at_2020_last_all": -71.63,
            "at_2021_last_all": -71.63,
            "at_2022_last_all": -74.78,
            "at_2023_last_all": -74.78
        },
        "latest_eps": -0.6,
        "latest_price": 18.1,
        "latest_roe": -8.61,
        "latest_gross_margin": -1.93,
        "latest_equity": 9766828,
        "latest_revenue": 1098314,
        "latest_gross_profit": -21248,
        "latest_net_income": -254150,
        "latest_debt_ratio": 29.54,
        "latest_current_ratio": 270.45,
        "latest_account_receivable_turnover_ratio": 0.93,
        "latest_inventory_turnover_ratio": 1.02,
        "latest_reinvestment_rate": null,
        "latest_research_to_sale_ratio": 6.06
    },
    "eps_dividends": {
        "1999": {
            "cash": 0,
            "stock": 1,
            "eps": 0
        },
        "2000": {
            "cash": 0,
            "stock": 3,
            "eps": 0
        },
        "2001": {
            "cash": 0,
            "stock": 1,
            "eps": -2.55
        },
        "2002": {
            "cash": 0,
            "stock": 0,
            "eps": -2.38
        },
        "2003": {
            "cash": 0,
            "stock": 0,
            "eps": 0.79
        },
        "2004": {
            "cash": 0,
            "stock": 0,
            "eps": -0.32
        },
        "2005": {
            "cash": 0,
            "stock": 0,
            "eps": -2.16
        },
        "2006": {
            "cash": 0,
            "stock": 0,
            "eps": -1.22
        },
        "2007": {
            "cash": 0,
            "stock": 0,
            "eps": -4.59
        },
        "2008": {
            "cash": 0,
            "stock": 0,
            "eps": -0.53
        },
        "2009": {
            "cash": 0,
            "stock": 0,
            "eps": 1.51
        },
        "2010": {
            "cash": 1,
            "stock": 1,
            "eps": 3.22
        },
        "2011": {
            "cash": 3,
            "stock": 1,
            "eps": 0.6
        },
        "2012": {
            "cash": 0,
            "stock": 0,
            "eps": 0.05
        },
        "2013": {
            "cash": 0,
            "stock": 0,
            "eps": -2.42
        },
        "2014": {
            "cash": 0,
            "stock": 0,
            "eps": 0.05
        },
        "2015": {
            "cash": 0,
            "stock": 0,
            "eps": -0.02
        },
        "2016": {
            "cash": 0,
            "stock": 0,
            "eps": 0.11
        },
        "2017": {
            "cash": 0,
            "stock": 0,
            "eps": -7.77
        },
        "2018": {
            "cash": 0,
            "stock": 0,
            "eps": -4.22
        },
        "2019": {
            "cash": 0,
            "stock": 0,
            "eps": 0.3
        },
        "2020": {
            "cash": 0,
            "stock": 0,
            "eps": -2.69
        },
        "2021": {
            "cash": 0,
            "stock": 0,
            "eps": 0.08
        },
        "2022": {
            "cash": 0,
            "stock": 0,
            "eps": -0.44
        },
        "2023": {
            "cash": 0,
            "stock": 0,
            "eps": -0.14
        }
    },
    "dividends": {
        "1999-03-22": {
            "cash": 0,
            "stock": 1
        },
        "2000-03-02": {
            "cash": 0,
            "stock": 3
        },
        "2001-05-14": {
            "cash": 0,
            "stock": 1
        },
        "2004-03-26": {
            "cash": 0,
            "stock": 0.46
        },
        "2010-04-30": {
            "cash": 0.5,
            "stock": 0.5
        },
        "2011-01-01": {
            "cash": 0.5,
            "stock": 0
        },
        "2011-04-29": {
            "cash": 1.5,
            "stock": 1
        }
    },
    "prices": {
        "200101": "15.55",
        "200102": "26.99",
        "200103": "32.70",
        "200104": "30.48",
        "200105": "24.21",
        "200106": "28.72",
        "200107": "24.54",
        "200108": "18.32",
        "200109": "12.70",
        "200110": "12.04",
        "200111": "14.10",
        "200112": "16.16",
        "200201": "17.42",
        "200202": "16.41",
        "200203": "17.90",
        "200204": "19.62",
        "200205": "15.13",
        "200206": "13.75",
        "200207": "11.60",
        "200208": "10.97",
        "200209": "9.83",
        "200210": "9.66",
        "200211": "10.33",
        "200212": "9.24",
        "200301": "9.47",
        "200302": "8.63",
        "200303": "8.22",
        "200304": "7.71",
        "200305": "8.44",
        "200306": "14.53",
        "200307": "16.72",
        "200308": "15.85",
        "200309": "16.25",
        "200310": "17.63",
        "200311": "19.13",
        "200312": "17.77",
        "200401": "17.34",
        "200402": "18.74",
        "200403": "20.13",
        "200404": "23.64",
        "200405": "18.63",
        "200406": "16.73",
        "200407": "14.78",
        "200408": "13.26",
        "200409": "14.31",
        "200410": "13.19",
        "200411": "11.40",
        "200412": "11.34",
        "200501": "10.95",
        "200502": "10.39",
        "200503": "9.97",
        "200504": "7.45",
        "200505": "8.65",
        "200506": "9.65",
        "200507": "9.67",
        "200508": "7.94",
        "200509": "6.90",
        "200510": "5.86",
        "200511": "5.30",
        "200512": "6.13",
        "200601": "6.26",
        "200602": "5.53",
        "200603": "4.92",
        "200604": "5.37",
        "200605": "6.16",
        "200606": "5.90",
        "200607": "5.17",
        "200608": "5.20",
        "200609": "4.97",
        "200610": "5.15",
        "200611": "5.59",
        "200612": "7.33",
        "200701": "7.20",
        "200702": "6.34",
        "200703": "6.61",
        "200704": "9.39",
        "200705": "11.21",
        "200706": "11.98",
        "200707": "14.79",
        "200708": "12.50",
        "200709": "11.31",
        "200710": "10.45",
        "200711": "8.34",
        "200712": "7.52",
        "200801": "6.48",
        "200802": "6.73",
        "200803": "8.70",
        "200804": "8.52",
        "200805": "9.43",
        "200806": "9.29",
        "200807": "7.10",
        "200808": "6.59",
        "200809": "4.16",
        "200810": "3.24",
        "200811": "2.34",
        "200812": "2.67",
        "200901": "2.65",
        "200902": "2.80",
        "200903": "3.50",
        "200904": "5.36",
        "200905": "6.72",
        "200906": "7.02",
        "200907": "7.47",
        "200908": "7.77",
        "200909": "9.65",
        "200910": "21.82",
        "200911": "26.04",
        "200912": "33.13",
        "201001": "32.31",
        "201002": "28.86",
        "201003": "36.93",
        "201004": "43.76",
        "201005": "40.19",
        "201006": "35.85",
        "201007": "39.67",
        "201008": "45.79",
        "201009": "51.23",
        "201010": "47.89",
        "201011": "47.63",
        "201012": "47.71",
        "201101": "46.22",
        "201102": "53.49",
        "201103": "52.60",
        "201104": "49.29",
        "201105": "41.67",
        "201106": "37.67",
        "201107": "38.09",
        "201108": "31.43",
        "201109": "22.65",
        "201110": "20.86",
        "201111": "17.42",
        "201112": "15.15",
        "201201": "17.12",
        "201202": "26.10",
        "201203": "26.39",
        "201204": "22.73",
        "201205": "23.67",
        "201206": "24.16",
        "201207": "23.73",
        "201208": "23.93",
        "201209": "23.18",
        "201210": "19.65",
        "201211": "16.30",
        "201212": "17.87",
        "201301": "20.27",
        "201302": "22.40",
        "201303": "22.85",
        "201304": "21.34",
        "201305": "22.33",
        "201306": "20.97",
        "201307": "19.32",
        "201308": "17.96",
        "201309": "18.92",
        "201310": "22.28",
        "201311": "24.61",
        "201312": "28.90",
        "201401": "36.80",
        "201402": "37.99",
        "201403": "42.97",
        "201404": "38.05",
        "201405": "35.94",
        "201406": "37.81",
        "201407": "34.14",
        "201408": "28.02",
        "201409": "28.96",
        "201410": "27.57",
        "201411": "24.84",
        "201412": "24.16",
        "201501": "25.48",
        "201502": "25.70",
        "201503": "26.43",
        "201504": "28.11",
        "201505": "23.46",
        "201506": "22.90",
        "201507": "22.64",
        "201508": "17.39",
        "201509": "18.33",
        "201510": "23.55",
        "201511": "28.10",
        "201512": "36.80",
        "201601": "32.09",
        "201602": "32.14",
        "201603": "30.49",
        "201604": "25.87",
        "201605": "24.80",
        "201606": "24.66",
        "201607": "24.04",
        "201608": "21.51",
        "201609": "22.26",
        "201610": "23.12",
        "201611": "21.00",
        "201612": "22.87",
        "201701": "23.69",
        "201702": "24.70",
        "201703": "23.24",
        "201704": "22.39",
        "201705": "20.22",
        "201706": "19.75",
        "201707": "16.98",
        "201708": "16.10",
        "201709": "17.95",
        "201710": "19.54",
        "201711": "17.93",
        "201712": "16.10",
        "201801": "16.25",
        "201802": "14.91",
        "201803": "15.27",
        "201804": "13.34",
        "201805": "12.68",
        "201806": "11.90",
        "201807": "9.51",
        "201808": "8.61",
        "201809": "10.31",
        "201810": "8.06",
        "201811": "7.83",
        "201812": "7.59",
        "201901": "7.63",
        "201902": "8.05",
        "201903": "7.62",
        "201904": "6.23",
        "201905": "7.68",
        "201906": "8.65",
        "201907": "8.43",
        "201908": "8.29",
        "201909": "8.33",
        "201910": "7.48",
        "201911": "7.14",
        "201912": "12.16",
        "202001": "12.63",
        "202002": "12.44",
        "202003": "10.08",
        "202004": "9.52",
        "202005": "9.80",
        "202006": "9.10",
        "202007": "8.86",
        "202008": "10.07",
        "202009": "15.63",
        "202010": "23.79",
        "202011": "23.63",
        "202012": "22.33",
        "202101": "20.09",
        "202102": "19.32",
        "202103": "20.52",
        "202104": "20.97",
        "202105": "18.06",
        "202106": "20.14",
        "202107": "24.61",
        "202108": "23.68",
        "202109": "22.81",
        "202110": "24.08",
        "202111": "23.68",
        "202112": "31.71",
        "202201": "28.23",
        "202202": "25.17",
        "202203": "25.55",
        "202204": "24.57",
        "202205": "21.34",
        "202206": "22.05",
        "202207": "21.43",
        "202208": "21.89",
        "202209": "20.17",
        "202210": "17.13",
        "202211": "17.86",
        "202212": "19.45",
        "202301": "18.83",
        "202302": "19.74",
        "202303": "19.90",
        "202304": "19.66",
        "202305": "18.55"
    },
    "quarters": {
        "20011": {
            "year_quarter": 20011,
            "year": 2001,
            "quarter": 1,
            "eps": -0.76,
            "eps_growth_year": -154.68,
            "eps_4q": -2.44,
            "eps_4q_growth_year": -158.52,
            "roe": -3.58,
            "gross_profit": -87602,
            "gross_margin": -42.95,
            "net_income": -173295,
            "revenue": 203953,
            "common_shares": 2290978,
            "equity": 4752762,
            "current_ratio": 357.31,
            "debt_ratio": 22.24,
            "inventory_turnover_ratio": 1.49,
            "account_receivable_turnover_ratio": null,
            "reinvestment_rate": null,
            "research_to_sale_ratio": null,
            "price_fair": 0,
            "eps_avg_yearly": 0,
            "eps_latest_yearly": 0,
            "eps_growth_yearly": 0
        },
        "20012": {
            "year_quarter": 20012,
            "year": 2001,
            "quarter": 2,
            "eps": -1.37,
            "eps_growth_year": -905.88,
            "eps_4q": -3.94,
            "eps_4q_growth_year": -264.16,
            "roe": -6.84,
            "gross_profit": 11238,
            "gross_margin": 3.27,
            "net_income": -314234,
            "revenue": 344084,
            "common_shares": 2290978,
            "equity": 4438528,
            "current_ratio": 248.77,
            "debt_ratio": 25.16,
            "inventory_turnover_ratio": 1.84,
            "account_receivable_turnover_ratio": null,
            "reinvestment_rate": null,
            "research_to_sale_ratio": null,
            "price_fair": 0,
            "eps_avg_yearly": 0,
            "eps_latest_yearly": 0,
            "eps_growth_yearly": 0
        },
        "20013": {
            "year_quarter": 20013,
            "year": 2001,
            "quarter": 3,
            "eps": 0.11,
            "eps_growth_year": -75,
            "eps_4q": -3.71,
            "eps_4q_growth_year": -243.87,
            "roe": 0.64,
            "gross_profit": 87431,
            "gross_margin": 14.34,
            "net_income": 28483,
            "revenue": 609550,
            "common_shares": 2520076,
            "equity": 4425143,
            "current_ratio": 194.08,
            "debt_ratio": 28.45,
            "inventory_turnover_ratio": 1.94,
            "account_receivable_turnover_ratio": null,
            "reinvestment_rate": null,
            "research_to_sale_ratio": null,
            "price_fair": 0,
            "eps_avg_yearly": 0,
            "eps_latest_yearly": 0,
            "eps_growth_yearly": 0
        },
        "20014": {
            "year_quarter": 20014,
            "year": 2001,
            "quarter": 4,
            "eps": -0.53,
            "eps_growth_year": null,
            "eps_4q": -2.35,
            "eps_4q_growth_year": null,
            "roe": -3.07,
            "gross_profit": -11752,
            "gross_margin": -2.56,
            "net_income": -133917,
            "revenue": 459576,
            "common_shares": 2520076,
            "equity": 4285475,
            "current_ratio": 218.3,
            "debt_ratio": 28.72,
            "inventory_turnover_ratio": 1.34,
            "account_receivable_turnover_ratio": null,
            "reinvestment_rate": null,
            "research_to_sale_ratio": null,
            "price_fair": 0,
            "eps_avg_yearly": 0,
            "eps_latest_yearly": 0,
            "eps_growth_yearly": 0
        },
        "20021": {
            "year_quarter": 20021,
            "year": 2002,
            "quarter": 1,
            "eps": -0.46,
            "eps_growth_year": null,
            "eps_4q": -2.12,
            "eps_4q_growth_year": null,
            "roe": -2.74,
            "gross_profit": -12910,
            "gross_margin": -3.5,
            "net_income": -116057,
            "revenue": 369150,
            "common_shares": 2520076,
            "equity": 4178196,
            "current_ratio": 222.79,
            "debt_ratio": 27.38,
            "inventory_turnover_ratio": 1.14,
            "account_receivable_turnover_ratio": null,
            "reinvestment_rate": null,
            "research_to_sale_ratio": null,
            "price_fair": 0,
            "eps_avg_yearly": 0,
            "eps_latest_yearly": 0,
            "eps_growth_yearly": 0
        },
        "20022": {
            "year_quarter": 20022,
            "year": 2002,
            "quarter": 2,
            "eps": -0.67,
            "eps_growth_year": null,
            "eps_4q": -1.54,
            "eps_4q_growth_year": null,
            "roe": -4.11,
            "gross_profit": 14601,
            "gross_margin": 3.8,
            "net_income": -167772,
            "revenue": 384610,
            "common_shares": 2520076,
            "equity": 3995204,
            "current_ratio": 184.11,
            "debt_ratio": 27.9,
            "inventory_turnover_ratio": 1.11,
            "account_receivable_turnover_ratio": null,
            "reinvestment_rate": null,
            "research_to_sale_ratio": null,
            "price_fair": 0,
            "eps_avg_yearly": 0,
            "eps_latest_yearly": 0,
            "eps_growth_yearly": 0
        },
        "20023": {
            "year_quarter": 20023,
            "year": 2002,
            "quarter": 3,
            "eps": -0.5,
            "eps_growth_year": -554.55,
            "eps_4q": -2.16,
            "eps_4q_growth_year": null,
            "roe": -3.22,
            "gross_profit": -39121,
            "gross_margin": -10.45,
            "net_income": -126182,
            "revenue": 374261,
            "common_shares": 2520076,
            "equity": 3837687,
            "current_ratio": 161.31,
            "debt_ratio": 32.29,
            "inventory_turnover_ratio": 1.02,
            "account_receivable_turnover_ratio": null,
            "reinvestment_rate": null,
            "research_to_sale_ratio": null,
            "price_fair": 0,
            "eps_avg_yearly": 0,
            "eps_latest_yearly": 0,
            "eps_growth_yearly": 0
        },
        "20024": {
            "year_quarter": 20024,
            "year": 2002,
            "quarter": 4,
            "eps": -0.75,
            "eps_growth_year": null,
            "eps_4q": -2.38,
            "eps_4q_growth_year": null,
            "roe": -5.05,
            "gross_profit": -71518,
            "gross_margin": -11.4,
            "net_income": -189351,
            "revenue": 627352,
            "common_shares": 2520076,
            "equity": 3654940,
            "current_ratio": 143.15,
            "debt_ratio": 33.44,
            "inventory_turnover_ratio": 1.91,
            "account_receivable_turnover_ratio": null,
            "reinvestment_rate": null,
            "research_to_sale_ratio": null,
            "price_fair": 0,
            "eps_avg_yearly": 0,
            "eps_latest_yearly": 0,
            "eps_growth_yearly": 0
        },
        "20031": {
            "year_quarter": 20031,
            "year": 2003,
            "quarter": 1,
            "eps": -0.38,
            "eps_growth_year": null,
            "eps_4q": -2.31,
            "eps_4q_growth_year": null,
            "roe": -2.64,
            "gross_profit": 19438,
            "gross_margin": 4.11,
            "net_income": -95106,
            "revenue": 472884,
            "common_shares": 2520076,
            "equity": 3538219,
            "current_ratio": 138.17,
            "debt_ratio": 33.13,
            "inventory_turnover_ratio": 1.86,
            "account_receivable_turnover_ratio": null,
            "reinvestment_rate": null,
            "research_to_sale_ratio": null,
            "price_fair": 0,
            "eps_avg_yearly": 0,
            "eps_latest_yearly": 0,
            "eps_growth_yearly": 0
        },
        "20032": {
            "year_quarter": 20032,
            "year": 2003,
            "quarter": 2,
            "eps": 0.26,
            "eps_growth_year": null,
            "eps_4q": -1.37,
            "eps_4q_growth_year": null,
            "roe": 1.82,
            "gross_profit": 165034,
            "gross_margin": 28.08,
            "net_income": 65428,
            "revenue": 587625,
            "common_shares": 2520076,
            "equity": 3632939,
            "current_ratio": 142.94,
            "debt_ratio": 27.82,
            "inventory_turnover_ratio": 2.31,
            "account_receivable_turnover_ratio": null,
            "reinvestment_rate": null,
            "research_to_sale_ratio": null,
            "price_fair": 0,
            "eps_avg_yearly": 0,
            "eps_latest_yearly": 0,
            "eps_growth_yearly": 0
        },
        "20033": {
            "year_quarter": 20033,
            "year": 2003,
            "quarter": 3,
            "eps": 0.52,
            "eps_growth_year": null,
            "eps_4q": -0.35,
            "eps_4q_growth_year": null,
            "roe": 3.52,
            "gross_profit": 219046,
            "gross_margin": 33.91,
            "net_income": 130312,
            "revenue": 646057,
            "common_shares": 2520076,
            "equity": 3778615,
            "current_ratio": 232.6,
            "debt_ratio": 34.32,
            "inventory_turnover_ratio": 2.2,
            "account_receivable_turnover_ratio": null,
            "reinvestment_rate": null,
            "research_to_sale_ratio": null,
            "price_fair": 72.8,
            "eps_avg_yearly": 2.08,
            "eps_latest_yearly": 2.08,
            "eps_growth_yearly": 400
        },
        "20034": {
            "year_quarter": 20034,
            "year": 2003,
            "quarter": 4,
            "eps": 0.39,
            "eps_growth_year": null,
            "eps_4q": 0.79,
            "eps_4q_growth_year": null,
            "roe": 2.52,
            "gross_profit": 226138,
            "gross_margin": 31.51,
            "net_income": 98912,
            "revenue": 717645,
            "common_shares": 2520076,
            "equity": 4059801,
            "current_ratio": 256.63,
            "debt_ratio": 29.87,
            "inventory_turnover_ratio": 2.29,
            "account_receivable_turnover_ratio": null,
            "reinvestment_rate": null,
            "research_to_sale_ratio": null,
            "price_fair": 63.7,
            "eps_avg_yearly": 1.82,
            "eps_latest_yearly": 1.56,
            "eps_growth_yearly": 150
        },
        "20041": {
            "year_quarter": 20041,
            "year": 2004,
            "quarter": 1,
            "eps": 1.35,
            "eps_growth_year": null,
            "eps_4q": 2.46,
            "eps_4q_growth_year": null,
            "roe": 8.32,
            "gross_profit": 213706,
            "gross_margin": 31.68,
            "net_income": 358527,
            "revenue": 674573,
            "common_shares": 2638078,
            "equity": 4557010,
            "current_ratio": 514.81,
            "debt_ratio": 33.54,
            "inventory_turnover_ratio": 2.06,
            "account_receivable_turnover_ratio": null,
            "reinvestment_rate": null,
            "research_to_sale_ratio": null,
            "price_fair": 105.47,
            "eps_avg_yearly": 3.01,
            "eps_latest_yearly": 5.4,
            "eps_growth_yearly": 428.21
        },
        "20042": {
            "year_quarter": 20042,
            "year": 2004,
            "quarter": 2,
            "eps": 0.04,
            "eps_growth_year": -84.62,
            "eps_4q": 2.52,
            "eps_4q_growth_year": null,
            "roe": 0.21,
            "gross_profit": 119091,
            "gross_margin": 20.45,
            "net_income": 9492,
            "revenue": 582397,
            "common_shares": 2717107,
            "equity": 4669068,
            "current_ratio": 194.28,
            "debt_ratio": 33.72,
            "inventory_turnover_ratio": 1.71,
            "account_receivable_turnover_ratio": null,
            "reinvestment_rate": null,
            "research_to_sale_ratio": null,
            "price_fair": 80.5,
            "eps_avg_yearly": 2.3,
            "eps_latest_yearly": 0.16,
            "eps_growth_yearly": 224.12
        },
        "20043": {
            "year_quarter": 20043,
            "year": 2004,
            "quarter": 3,
            "eps": -0.26,
            "eps_growth_year": -150,
            "eps_4q": 1.35,
            "eps_4q_growth_year": null,
            "roe": -1.59,
            "gross_profit": 33813,
            "gross_margin": 7.52,
            "net_income": -73612,
            "revenue": 449505,
            "common_shares": 2923479,
            "equity": 4591119,
            "current_ratio": 166.15,
            "debt_ratio": 35.51,
            "inventory_turnover_ratio": 1.04,
            "account_receivable_turnover_ratio": null,
            "reinvestment_rate": null,
            "research_to_sale_ratio": null,
            "price_fair": 80.5,
            "eps_avg_yearly": 2.3,
            "eps_latest_yearly": 0.16,
            "eps_growth_yearly": 224.12
        },
        "20044": {
            "year_quarter": 20044,
            "year": 2004,
            "quarter": 4,
            "eps": -1.45,
            "eps_growth_year": -471.79,
            "eps_4q": -0.43,
            "eps_4q_growth_year": -154.65,
            "roe": -9.52,
            "gross_profit": -58258,
            "gross_margin": -16.63,
            "net_income": -417256,
            "revenue": 350353,
            "common_shares": 2924612,
            "equity": 4173889,
            "current_ratio": 156.65,
            "debt_ratio": 37.85,
            "inventory_turnover_ratio": 0.85,
            "account_receivable_turnover_ratio": null,
            "reinvestment_rate": null,
            "research_to_sale_ratio": null,
            "price_fair": 80.5,
            "eps_avg_yearly": 2.3,
            "eps_latest_yearly": 0.16,
            "eps_growth_yearly": 224.12
        },
        "20051": {
            "year_quarter": 20051,
            "year": 2005,
            "quarter": 1,
            "eps": -0.57,
            "eps_growth_year": -142.22,
            "eps_4q": -2.21,
            "eps_4q_growth_year": -189.88,
            "roe": -4.09,
            "gross_profit": -47758,
            "gross_margin": -13.05,
            "net_income": -167246,
            "revenue": 366057,
            "common_shares": 2924612,
            "equity": 4005719,
            "current_ratio": 173.38,
            "debt_ratio": 37.67,
            "inventory_turnover_ratio": 0.85,
            "account_receivable_turnover_ratio": null,
            "reinvestment_rate": null,
            "research_to_sale_ratio": null,
            "price_fair": 80.5,
            "eps_avg_yearly": 2.3,
            "eps_latest_yearly": 0.16,
            "eps_growth_yearly": 224.12
        },
        "20052": {
            "year_quarter": 20052,
            "year": 2005,
            "quarter": 2,
            "eps": -0.52,
            "eps_growth_year": -1400,
            "eps_4q": -2.77,
            "eps_4q_growth_year": -209.88,
            "roe": -3.83,
            "gross_profit": -61073,
            "gross_margin": -12.75,
            "net_income": -150655,
            "revenue": 479156,
            "common_shares": 2924612,
            "equity": 3858763,
            "current_ratio": 210.02,
            "debt_ratio": 36.92,
            "inventory_turnover_ratio": 1.17,
            "account_receivable_turnover_ratio": null,
            "reinvestment_rate": null,
            "research_to_sale_ratio": null,
            "price_fair": 80.5,
            "eps_avg_yearly": 2.3,
            "eps_latest_yearly": 0.16,
            "eps_growth_yearly": 224.12
        },
        "20053": {
            "year_quarter": 20053,
            "year": 2005,
            "quarter": 3,
            "eps": -0.38,
            "eps_growth_year": null,
            "eps_4q": -2.9,
            "eps_4q_growth_year": -315.31,
            "roe": -2.94,
            "gross_profit": -35131,
            "gross_margin": -7.55,
            "net_income": -112038,
            "revenue": 465146,
            "common_shares": 2924612,
            "equity": 3758972,
            "current_ratio": 200.01,
            "debt_ratio": 35.97,
            "inventory_turnover_ratio": 1.13,
            "account_receivable_turnover_ratio": null,
            "reinvestment_rate": null,
            "research_to_sale_ratio": null,
            "price_fair": 80.5,
            "eps_avg_yearly": 2.3,
            "eps_latest_yearly": 0.16,
            "eps_growth_yearly": 224.12
        },
        "20054": {
            "year_quarter": 20054,
            "year": 2005,
            "quarter": 4,
            "eps": -0.69,
            "eps_growth_year": null,
            "eps_4q": -2.16,
            "eps_4q_growth_year": null,
            "roe": -5.5,
            "gross_profit": -73806,
            "gross_margin": -17.42,
            "net_income": -201065,
            "revenue": 423642,
            "common_shares": 2943204,
            "equity": 3557772,
            "current_ratio": 183.54,
            "debt_ratio": 35.99,
            "inventory_turnover_ratio": 1.09,
            "account_receivable_turnover_ratio": null,
            "reinvestment_rate": null,
            "research_to_sale_ratio": null,
            "price_fair": 80.5,
            "eps_avg_yearly": 2.3,
            "eps_latest_yearly": 0.16,
            "eps_growth_yearly": 224.12
        },
        "20061": {
            "year_quarter": 20061,
            "year": 2006,
            "quarter": 1,
            "eps": -0.55,
            "eps_growth_year": null,
            "eps_4q": -2.12,
            "eps_4q_growth_year": null,
            "roe": -4.67,
            "gross_profit": -58233,
            "gross_margin": -13.25,
            "net_income": -162354,
            "revenue": 439437,
            "common_shares": 2943204,
            "equity": 3396559,
            "current_ratio": 214.98,
            "debt_ratio": 31.01,
            "inventory_turnover_ratio": 1.24,
            "account_receivable_turnover_ratio": null,
            "reinvestment_rate": null,
            "research_to_sale_ratio": null,
            "price_fair": 80.5,
            "eps_avg_yearly": 2.3,
            "eps_latest_yearly": 0.16,
            "eps_growth_yearly": 224.12
        },
        "20062": {
            "year_quarter": 20062,
            "year": 2006,
            "quarter": 2,
            "eps": -0.28,
            "eps_growth_year": null,
            "eps_4q": -1.9,
            "eps_4q_growth_year": null,
            "roe": -2.46,
            "gross_profit": 6210,
            "gross_margin": 0.96,
            "net_income": -82503,
            "revenue": 646637,
            "common_shares": 2943204,
            "equity": 3309829,
            "current_ratio": 212.63,
            "debt_ratio": 31.9,
            "inventory_turnover_ratio": 2.25,
            "account_receivable_turnover_ratio": null,
            "reinvestment_rate": null,
            "research_to_sale_ratio": null,
            "price_fair": 80.5,
            "eps_avg_yearly": 2.3,
            "eps_latest_yearly": 0.16,
            "eps_growth_yearly": 224.12
        },
        "20063": {
            "year_quarter": 20063,
            "year": 2006,
            "quarter": 3,
            "eps": -0.11,
            "eps_growth_year": null,
            "eps_4q": -1.62,
            "eps_4q_growth_year": null,
            "roe": -0.97,
            "gross_profit": 22157,
            "gross_margin": 3.98,
            "net_income": -31979,
            "revenue": 557309,
            "common_shares": 2943204,
            "equity": 3275204,
            "current_ratio": 237.51,
            "debt_ratio": 30.33,
            "inventory_turnover_ratio": 2.38,
            "account_receivable_turnover_ratio": null,
            "reinvestment_rate": null,
            "research_to_sale_ratio": null,
            "price_fair": 80.5,
            "eps_avg_yearly": 2.3,
            "eps_latest_yearly": 0.16,
            "eps_growth_yearly": 224.12
        },
        "20064": {
            "year_quarter": 20064,
            "year": 2006,
            "quarter": 4,
            "eps": -0.28,
            "eps_growth_year": null,
            "eps_4q": -1.22,
            "eps_4q_growth_year": null,
            "roe": -2.59,
            "gross_profit": 17078,
            "gross_margin": 2.96,
            "net_income": -83476,
            "revenue": 577304,
            "common_shares": 2943204,
            "equity": 3178032,
            "current_ratio": 237.6,
            "debt_ratio": 30.96,
            "inventory_turnover_ratio": 2.69,
            "account_receivable_turnover_ratio": null,
            "reinvestment_rate": null,
            "research_to_sale_ratio": null,
            "price_fair": 80.5,
            "eps_avg_yearly": 2.3,
            "eps_latest_yearly": 0.16,
            "eps_growth_yearly": 224.12
        },
        "20071": {
            "year_quarter": 20071,
            "year": 2007,
            "quarter": 1,
            "eps": -0.2,
            "eps_growth_year": null,
            "eps_4q": -0.88,
            "eps_4q_growth_year": null,
            "roe": -1.86,
            "gross_profit": 21867,
            "gross_margin": 4.69,
            "net_income": -58499,
            "revenue": 466296,
            "common_shares": 2943204,
            "equity": 3103176,
            "current_ratio": 240.65,
            "debt_ratio": 30.65,
            "inventory_turnover_ratio": 2.36,
            "account_receivable_turnover_ratio": null,
            "reinvestment_rate": null,
            "research_to_sale_ratio": null,
            "price_fair": 80.5,
            "eps_avg_yearly": 2.3,
            "eps_latest_yearly": 0.16,
            "eps_growth_yearly": 224.12
        },
        "20072": {
            "year_quarter": 20072,
            "year": 2007,
            "quarter": 2,
            "eps": -0.33,
            "eps_growth_year": null,
            "eps_4q": -0.92,
            "eps_4q_growth_year": null,
            "roe": -3.13,
            "gross_profit": 27618,
            "gross_margin": 5.84,
            "net_income": -96977,
            "revenue": 472947,
            "common_shares": 2943204,
            "equity": 3091352,
            "current_ratio": 208.44,
            "debt_ratio": 31.22,
            "inventory_turnover_ratio": 2.61,
            "account_receivable_turnover_ratio": null,
            "reinvestment_rate": null,
            "research_to_sale_ratio": null,
            "price_fair": 80.5,
            "eps_avg_yearly": 2.3,
            "eps_latest_yearly": 0.16,
            "eps_growth_yearly": 224.12
        },
        "20073": {
            "year_quarter": 20073,
            "year": 2007,
            "quarter": 3,
            "eps": -3.42,
            "eps_growth_year": null,
            "eps_4q": -4.2,
            "eps_4q_growth_year": null,
            "roe": -38.15,
            "gross_profit": -3212,
            "gross_margin": -0.68,
            "net_income": -996974,
            "revenue": 475657,
            "common_shares": 2943204,
            "equity": 2135851,
            "current_ratio": 122.5,
            "debt_ratio": 51.42,
            "inventory_turnover_ratio": 3.65,
            "account_receivable_turnover_ratio": null,
            "reinvestment_rate": null,
            "research_to_sale_ratio": null,
            "price_fair": 83.07,
            "eps_avg_yearly": 2.37,
            "eps_latest_yearly": 0.16,
            "eps_growth_yearly": 165.49
        },
        "20074": {
            "year_quarter": 20074,
            "year": 2007,
            "quarter": 4,
            "eps": -0.64,
            "eps_growth_year": null,
            "eps_4q": -4.58,
            "eps_4q_growth_year": null,
            "roe": -9.18,
            "gross_profit": 17767,
            "gross_margin": 4.47,
            "net_income": -187752,
            "revenue": 397199,
            "common_shares": 2948904,
            "equity": 1956777,
            "current_ratio": 91.9,
            "debt_ratio": 52.81,
            "inventory_turnover_ratio": 2.87,
            "account_receivable_turnover_ratio": null,
            "reinvestment_rate": null,
            "research_to_sale_ratio": null,
            "price_fair": 97.3,
            "eps_avg_yearly": 2.78,
            "eps_latest_yearly": 0.16,
            "eps_growth_yearly": 298.23
        },
        "20081": {
            "year_quarter": 20081,
            "year": 2008,
            "quarter": 1,
            "eps": 0,
            "eps_growth_year": null,
            "eps_4q": -4.34,
            "eps_4q_growth_year": null,
            "roe": 0.07,
            "gross_profit": 47881,
            "gross_margin": 10.13,
            "net_income": 1413,
            "revenue": 472622,
            "common_shares": 2948904,
            "equity": 1934953,
            "current_ratio": 100.1,
            "debt_ratio": 50.8,
            "inventory_turnover_ratio": 2.76,
            "account_receivable_turnover_ratio": null,
            "reinvestment_rate": null,
            "research_to_sale_ratio": null,
            "price_fair": 0.48,
            "eps_avg_yearly": 0.16,
            "eps_latest_yearly": 0.16,
            "eps_growth_yearly": -388.15
        },
        "20082": {
            "year_quarter": 20082,
            "year": 2008,
            "quarter": 2,
            "eps": -0.16,
            "eps_growth_year": null,
            "eps_4q": -4.17,
            "eps_4q_growth_year": null,
            "roe": -2.45,
            "gross_profit": 58024,
            "gross_margin": 12.03,
            "net_income": -46734,
            "revenue": 482172,
            "common_shares": 2948904,
            "equity": 1885362,
            "current_ratio": 109.32,
            "debt_ratio": 47.8,
            "inventory_turnover_ratio": 2.42,
            "account_receivable_turnover_ratio": null,
            "reinvestment_rate": null,
            "research_to_sale_ratio": null,
            "price_fair": 0,
            "eps_avg_yearly": 0,
            "eps_latest_yearly": 0,
            "eps_growth_yearly": 0
        },
        "20083": {
            "year_quarter": 20083,
            "year": 2008,
            "quarter": 3,
            "eps": -0.09,
            "eps_growth_year": null,
            "eps_4q": -0.88,
            "eps_4q_growth_year": null,
            "roe": -1.48,
            "gross_profit": 59014,
            "gross_margin": 10.97,
            "net_income": -27898,
            "revenue": 537736,
            "common_shares": 2948904,
            "equity": 1873041,
            "current_ratio": 118.31,
            "debt_ratio": 48.69,
            "inventory_turnover_ratio": 2.49,
            "account_receivable_turnover_ratio": null,
            "reinvestment_rate": null,
            "research_to_sale_ratio": null,
            "price_fair": 0,
            "eps_avg_yearly": 0,
            "eps_latest_yearly": 0,
            "eps_growth_yearly": 0
        },
        "20084": {
            "year_quarter": 20084,
            "year": 2008,
            "quarter": 4,
            "eps": -0.28,
            "eps_growth_year": null,
            "eps_4q": -0.53,
            "eps_4q_growth_year": null,
            "roe": -4.57,
            "gross_profit": 57218,
            "gross_margin": 13.31,
            "net_income": -83580,
            "revenue": 429882,
            "common_shares": 2948904,
            "equity": 1783514,
            "current_ratio": 109.12,
            "debt_ratio": 50.08,
            "inventory_turnover_ratio": 1.8,
            "account_receivable_turnover_ratio": 1.76,
            "reinvestment_rate": null,
            "research_to_sale_ratio": null,
            "price_fair": 0,
            "eps_avg_yearly": 0,
            "eps_latest_yearly": 0,
            "eps_growth_yearly": 0
        },
        "20091": {
            "year_quarter": 20091,
            "year": 2009,
            "quarter": 1,
            "eps": 0.09,
            "eps_growth_year": null,
            "eps_4q": -0.43,
            "eps_4q_growth_year": null,
            "roe": 1.54,
            "gross_profit": 97704,
            "gross_margin": 21.7,
            "net_income": 27755,
            "revenue": 450206,
            "common_shares": 2948904,
            "equity": 1816296,
            "current_ratio": 118.33,
            "debt_ratio": 48.25,
            "inventory_turnover_ratio": 1.6,
            "account_receivable_turnover_ratio": 0.91,
            "reinvestment_rate": null,
            "research_to_sale_ratio": null,
            "price_fair": 0,
            "eps_avg_yearly": 0,
            "eps_latest_yearly": 0,
            "eps_growth_yearly": 0
        },
        "20092": {
            "year_quarter": 20092,
            "year": 2009,
            "quarter": 2,
            "eps": 0.22,
            "eps_growth_year": null,
            "eps_4q": -0.26,
            "eps_4q_growth_year": null,
            "roe": 2.07,
            "gross_profit": 122909,
            "gross_margin": 24.49,
            "net_income": 38481,
            "revenue": 501813,
            "common_shares": 2948904,
            "equity": 1909848,
            "current_ratio": 129.42,
            "debt_ratio": 46.07,
            "inventory_turnover_ratio": 1.77,
            "account_receivable_turnover_ratio": 1,
            "reinvestment_rate": null,
            "research_to_sale_ratio": null,
            "price_fair": 30.8,
            "eps_avg_yearly": 0.88,
            "eps_latest_yearly": 0.88,
            "eps_growth_yearly": 577.78
        },
        "20093": {
            "year_quarter": 20093,
            "year": 2009,
            "quarter": 3,
            "eps": 1.31,
            "eps_growth_year": null,
            "eps_4q": 1.18,
            "eps_4q_growth_year": null,
            "roe": 11.58,
            "gross_profit": 132147,
            "gross_margin": 25.68,
            "net_income": 238086,
            "revenue": 514689,
            "common_shares": 1769343,
            "equity": 2203076,
            "current_ratio": 148.22,
            "debt_ratio": 41.7,
            "inventory_turnover_ratio": 1.48,
            "account_receivable_turnover_ratio": 1.02,
            "reinvestment_rate": null,
            "research_to_sale_ratio": null,
            "price_fair": 107.1,
            "eps_avg_yearly": 3.06,
            "eps_latest_yearly": 5.24,
            "eps_growth_yearly": 1279.8
        },
        "20094": {
            "year_quarter": 20094,
            "year": 2009,
            "quarter": 4,
            "eps": -0.11,
            "eps_growth_year": null,
            "eps_4q": 1.37,
            "eps_4q_growth_year": null,
            "roe": 0.38,
            "gross_profit": 161509,
            "gross_margin": 23.71,
            "net_income": 9364,
            "revenue": 681163,
            "common_shares": 2037276,
            "equity": 2772967,
            "current_ratio": 230.73,
            "debt_ratio": 42.21,
            "inventory_turnover_ratio": 1.62,
            "account_receivable_turnover_ratio": 2.43,
            "reinvestment_rate": null,
            "research_to_sale_ratio": null,
            "price_fair": 107.1,
            "eps_avg_yearly": 3.06,
            "eps_latest_yearly": 5.24,
            "eps_growth_yearly": 1279.8
        },
        "20101": {
            "year_quarter": 20101,
            "year": 2010,
            "quarter": 1,
            "eps": 0.24,
            "eps_growth_year": 166.67,
            "eps_4q": 1.33,
            "eps_4q_growth_year": null,
            "roe": 3.17,
            "gross_profit": 227492,
            "gross_margin": 28.67,
            "net_income": 94226,
            "revenue": 793516,
            "common_shares": 2254878,
            "equity": 3178933,
            "current_ratio": 274.15,
            "debt_ratio": 31.29,
            "inventory_turnover_ratio": 1.59,
            "account_receivable_turnover_ratio": 1.33,
            "reinvestment_rate": null,
            "research_to_sale_ratio": 2.9,
            "price_fair": 107.1,
            "eps_avg_yearly": 3.06,
            "eps_latest_yearly": 5.24,
            "eps_growth_yearly": 1279.8
        },
        "20102": {
            "year_quarter": 20102,
            "year": 2010,
            "quarter": 2,
            "eps": 1.1,
            "eps_growth_year": 400.81,
            "eps_4q": 2.18,
            "eps_4q_growth_year": null,
            "roe": 9.82,
            "gross_profit": 270488,
            "gross_margin": 29.48,
            "net_income": 325397,
            "revenue": 917559,
            "common_shares": 2340793,
            "equity": 3447206,
            "current_ratio": 274.97,
            "debt_ratio": 28.47,
            "inventory_turnover_ratio": 1.69,
            "account_receivable_turnover_ratio": 1.33,
            "reinvestment_rate": null,
            "research_to_sale_ratio": 3.24,
            "price_fair": 122.73,
            "eps_avg_yearly": 3.51,
            "eps_latest_yearly": 4.4,
            "eps_growth_yearly": 1330.98
        },
        "20103": {
            "year_quarter": 20103,
            "year": 2010,
            "quarter": 3,
            "eps": 1.03,
            "eps_growth_year": -21.62,
            "eps_4q": 2.24,
            "eps_4q_growth_year": 90.26,
            "roe": 9.65,
            "gross_profit": 409797,
            "gross_margin": 38.69,
            "net_income": 353481,
            "revenue": 1059236,
            "common_shares": 2504229,
            "equity": 3881257,
            "current_ratio": 294.79,
            "debt_ratio": 25.49,
            "inventory_turnover_ratio": 1.4,
            "account_receivable_turnover_ratio": 1.29,
            "reinvestment_rate": null,
            "research_to_sale_ratio": 3.2,
            "price_fair": 128.1,
            "eps_avg_yearly": 3.66,
            "eps_latest_yearly": 4.12,
            "eps_growth_yearly": 991.87
        },
        "20104": {
            "year_quarter": 20104,
            "year": 2010,
            "quarter": 4,
            "eps": 0.85,
            "eps_growth_year": null,
            "eps_4q": 3.17,
            "eps_4q_growth_year": 131.9,
            "roe": 6.66,
            "gross_profit": 455018,
            "gross_margin": 36.53,
            "net_income": 323969,
            "revenue": 1245724,
            "common_shares": 2504229,
            "equity": 5848058,
            "current_ratio": 597.74,
            "debt_ratio": 19.77,
            "inventory_turnover_ratio": 1.45,
            "account_receivable_turnover_ratio": 1.35,
            "reinvestment_rate": null,
            "research_to_sale_ratio": 3.97,
            "price_fair": 126.28,
            "eps_avg_yearly": 3.61,
            "eps_latest_yearly": 3.4,
            "eps_growth_yearly": 779.51
        },
        "20111": {
            "year_quarter": 20111,
            "year": 2011,
            "quarter": 1,
            "eps": 0.87,
            "eps_growth_year": 262.5,
            "eps_4q": 3.62,
            "eps_4q_growth_year": 172.51,
            "roe": 5.73,
            "gross_profit": 507639,
            "gross_margin": 35.04,
            "net_income": 368608,
            "revenue": 1448747,
            "common_shares": 2654229,
            "equity": 7017092,
            "current_ratio": 432.3,
            "debt_ratio": 31.44,
            "inventory_turnover_ratio": 1.37,
            "account_receivable_turnover_ratio": 1.45,
            "reinvestment_rate": null,
            "research_to_sale_ratio": 2.76,
            "price_fair": 125.53,
            "eps_avg_yearly": 3.59,
            "eps_latest_yearly": 3.48,
            "eps_growth_yearly": 651.16
        },
        "20112": {
            "year_quarter": 20112,
            "year": 2011,
            "quarter": 2,
            "eps": -0.21,
            "eps_growth_year": -118.88,
            "eps_4q": 2.15,
            "eps_4q_growth_year": -1.29,
            "roe": 0.51,
            "gross_profit": 199944,
            "gross_margin": 15.5,
            "net_income": 34243,
            "revenue": 1289561,
            "common_shares": 2654229,
            "equity": 6327195,
            "current_ratio": 275.22,
            "debt_ratio": 40.23,
            "inventory_turnover_ratio": 1.22,
            "account_receivable_turnover_ratio": 1.32,
            "reinvestment_rate": null,
            "research_to_sale_ratio": 3.49,
            "price_fair": 125.53,
            "eps_avg_yearly": 3.59,
            "eps_latest_yearly": 3.48,
            "eps_growth_yearly": 651.16
        },
        "20113": {
            "year_quarter": 20113,
            "year": 2011,
            "quarter": 3,
            "eps": 0.08,
            "eps_growth_year": -91.88,
            "eps_4q": 1.35,
            "eps_4q_growth_year": -39.61,
            "roe": 2.15,
            "gross_profit": 264943,
            "gross_margin": 17.36,
            "net_income": 137568,
            "revenue": 1526543,
            "common_shares": 2919652,
            "equity": 6476292,
            "current_ratio": 255.45,
            "debt_ratio": 40.2,
            "inventory_turnover_ratio": 1.17,
            "account_receivable_turnover_ratio": 1.38,
            "reinvestment_rate": 481.99,
            "research_to_sale_ratio": 3.21,
            "price_fair": 125.53,
            "eps_avg_yearly": 3.59,
            "eps_latest_yearly": 3.48,
            "eps_growth_yearly": 651.16
        },
        "20114": {
            "year_quarter": 20114,
            "year": 2011,
            "quarter": 4,
            "eps": -0.14,
            "eps_growth_year": -116.82,
            "eps_4q": 0.48,
            "eps_4q_growth_year": -84.94,
            "roe": -0.28,
            "gross_profit": -61411,
            "gross_margin": -5.43,
            "net_income": -17876,
            "revenue": 1130477,
            "common_shares": 2919652,
            "equity": 6265716,
            "current_ratio": 249.13,
            "debt_ratio": 38.21,
            "inventory_turnover_ratio": 1.11,
            "account_receivable_turnover_ratio": 1,
            "reinvestment_rate": 409.2,
            "research_to_sale_ratio": 4.71,
            "price_fair": 125.53,
            "eps_avg_yearly": 3.59,
            "eps_latest_yearly": 3.48,
            "eps_growth_yearly": 651.16
        },
        "20121": {
            "year_quarter": 20121,
            "year": 2012,
            "quarter": 1,
            "eps": 1.82,
            "eps_growth_year": 109.2,
            "eps_4q": 1.56,
            "eps_4q_growth_year": -56.94,
            "roe": 9.14,
            "gross_profit": 186427,
            "gross_margin": 11.44,
            "net_income": 602388,
            "revenue": 1630148,
            "common_shares": 2919652,
            "equity": 6912532,
            "current_ratio": 245.82,
            "debt_ratio": 36.92,
            "inventory_turnover_ratio": 1.62,
            "account_receivable_turnover_ratio": 1.31,
            "reinvestment_rate": 317.03,
            "research_to_sale_ratio": 2.98,
            "price_fair": 125.53,
            "eps_avg_yearly": 3.59,
            "eps_latest_yearly": 3.48,
            "eps_growth_yearly": 651.16
        },
        "20122": {
            "year_quarter": 20122,
            "year": 2012,
            "quarter": 2,
            "eps": 0.05,
            "eps_growth_year": null,
            "eps_4q": 1.81,
            "eps_4q_growth_year": -15.66,
            "roe": 1.48,
            "gross_profit": 294440,
            "gross_margin": 15.56,
            "net_income": 100149,
            "revenue": 1892810,
            "common_shares": 2919652,
            "equity": 6628233,
            "current_ratio": 206.7,
            "debt_ratio": 38.72,
            "inventory_turnover_ratio": 1.77,
            "account_receivable_turnover_ratio": 1.17,
            "reinvestment_rate": 157.72,
            "research_to_sale_ratio": 2.94,
            "price_fair": 108.6,
            "eps_avg_yearly": 3.1,
            "eps_latest_yearly": 0.2,
            "eps_growth_yearly": 502.57
        },
        "20123": {
            "year_quarter": 20123,
            "year": 2012,
            "quarter": 3,
            "eps": -0.7,
            "eps_growth_year": -938.43,
            "eps_4q": 1.03,
            "eps_4q_growth_year": -23.81,
            "roe": -2.59,
            "gross_profit": 96269,
            "gross_margin": 7.04,
            "net_income": -169065,
            "revenue": 1367770,
            "common_shares": 2919652,
            "equity": 6449664,
            "current_ratio": 310.91,
            "debt_ratio": 38.93,
            "inventory_turnover_ratio": 1.24,
            "account_receivable_turnover_ratio": 0.88,
            "reinvestment_rate": 176.09,
            "research_to_sale_ratio": 3.46,
            "price_fair": 108.6,
            "eps_avg_yearly": 3.1,
            "eps_latest_yearly": 0.2,
            "eps_growth_yearly": 502.57
        },
        "20124": {
            "year_quarter": 20124,
            "year": 2012,
            "quarter": 4,
            "eps": -1.12,
            "eps_growth_year": null,
            "eps_4q": 0.06,
            "eps_4q_growth_year": -87.97,
            "roe": -4.75,
            "gross_profit": 13531,
            "gross_margin": 1.04,
            "net_income": -299003,
            "revenue": 1296164,
            "common_shares": 2919652,
            "equity": 6133778,
            "current_ratio": 257.5,
            "debt_ratio": 41.72,
            "inventory_turnover_ratio": 1.25,
            "account_receivable_turnover_ratio": 0.92,
            "reinvestment_rate": 223.76,
            "research_to_sale_ratio": 3.77,
            "price_fair": 108.6,
            "eps_avg_yearly": 3.1,
            "eps_latest_yearly": 0.2,
            "eps_growth_yearly": 502.57
        },
        "20131": {
            "year_quarter": 20131,
            "year": 2013,
            "quarter": 1,
            "eps": -0.26,
            "eps_growth_year": -114.29,
            "eps_4q": -2.03,
            "eps_4q_growth_year": -230.14,
            "roe": -0.09,
            "gross_profit": 124154,
            "gross_margin": 6.31,
            "net_income": -5592,
            "revenue": 1967839,
            "common_shares": 2919652,
            "equity": 6103412,
            "current_ratio": 236.25,
            "debt_ratio": 44.4,
            "inventory_turnover_ratio": 1.83,
            "account_receivable_turnover_ratio": 1.17,
            "reinvestment_rate": 230.47,
            "research_to_sale_ratio": 2.3,
            "price_fair": 108.6,
            "eps_avg_yearly": 3.1,
            "eps_latest_yearly": 0.2,
            "eps_growth_yearly": 502.57
        },
        "20132": {
            "year_quarter": 20132,
            "year": 2013,
            "quarter": 2,
            "eps": -0.24,
            "eps_growth_year": -592.39,
            "eps_4q": -2.32,
            "eps_4q_growth_year": -227.99,
            "roe": -0.33,
            "gross_profit": 183261,
            "gross_margin": 8.61,
            "net_income": -20252,
            "revenue": 2127281,
            "common_shares": 2919652,
            "equity": 6088874,
            "current_ratio": 218.29,
            "debt_ratio": 44.07,
            "inventory_turnover_ratio": 2.02,
            "account_receivable_turnover_ratio": 1.07,
            "reinvestment_rate": 259.33,
            "research_to_sale_ratio": 2.36,
            "price_fair": 121.57,
            "eps_avg_yearly": 3.47,
            "eps_latest_yearly": 0.2,
            "eps_growth_yearly": 490.03
        },
        "20133": {
            "year_quarter": 20133,
            "year": 2013,
            "quarter": 3,
            "eps": -0.58,
            "eps_growth_year": null,
            "eps_4q": -2.2,
            "eps_4q_growth_year": -313.66,
            "roe": -2.34,
            "gross_profit": 169050,
            "gross_margin": 9.15,
            "net_income": -140953,
            "revenue": 1847820,
            "common_shares": 2919652,
            "equity": 5971399,
            "current_ratio": 135.37,
            "debt_ratio": 47.16,
            "inventory_turnover_ratio": 1.77,
            "account_receivable_turnover_ratio": 0.92,
            "reinvestment_rate": 462.81,
            "research_to_sale_ratio": 2.18,
            "price_fair": 109.2,
            "eps_avg_yearly": 3.12,
            "eps_latest_yearly": 0.2,
            "eps_growth_yearly": 191.68
        },
        "20134": {
            "year_quarter": 20134,
            "year": 2013,
            "quarter": 4,
            "eps": -1.34,
            "eps_growth_year": null,
            "eps_4q": -2.43,
            "eps_4q_growth_year": -4331.28,
            "roe": -4.93,
            "gross_profit": 302944,
            "gross_margin": 11.6,
            "net_income": -300896,
            "revenue": 2611876,
            "common_shares": 2919652,
            "equity": 6241308,
            "current_ratio": 159.6,
            "debt_ratio": 48.35,
            "inventory_turnover_ratio": 2.3,
            "account_receivable_turnover_ratio": 1.16,
            "reinvestment_rate": 992.03,
            "research_to_sale_ratio": 2.51,
            "price_fair": 109.2,
            "eps_avg_yearly": 3.12,
            "eps_latest_yearly": 0.2,
            "eps_growth_yearly": 191.68
        },
        "20141": {
            "year_quarter": 20141,
            "year": 2014,
            "quarter": 1,
            "eps": 0.88,
            "eps_growth_year": null,
            "eps_4q": -1.24,
            "eps_4q_growth_year": null,
            "roe": 6.18,
            "gross_profit": 437947,
            "gross_margin": 13.99,
            "net_income": 417314,
            "revenue": 3130821,
            "common_shares": 3019886,
            "equity": 7263754,
            "current_ratio": 200.67,
            "debt_ratio": 43.65,
            "inventory_turnover_ratio": 2.17,
            "account_receivable_turnover_ratio": 1.19,
            "reinvestment_rate": 574.68,
            "research_to_sale_ratio": 1.5,
            "price_fair": 109.2,
            "eps_avg_yearly": 3.12,
            "eps_latest_yearly": 0.2,
            "eps_growth_yearly": 191.68
        },
        "20142": {
            "year_quarter": 20142,
            "year": 2014,
            "quarter": 2,
            "eps": 0.04,
            "eps_growth_year": null,
            "eps_4q": -0.95,
            "eps_4q_growth_year": null,
            "roe": 1.7,
            "gross_profit": 374958,
            "gross_margin": 10.35,
            "net_income": 124379,
            "revenue": 3623452,
            "common_shares": 3057925,
            "equity": 7331980,
            "current_ratio": 189.84,
            "debt_ratio": 47.72,
            "inventory_turnover_ratio": 2.09,
            "account_receivable_turnover_ratio": 1.19,
            "reinvestment_rate": 1413.68,
            "research_to_sale_ratio": 1.46,
            "price_fair": 6.82,
            "eps_avg_yearly": 2.27,
            "eps_latest_yearly": 0.16,
            "eps_growth_yearly": -171.35
        },
        "20143": {
            "year_quarter": 20143,
            "year": 2014,
            "quarter": 3,
            "eps": -0.57,
            "eps_growth_year": null,
            "eps_4q": -0.96,
            "eps_4q_growth_year": null,
            "roe": -0.11,
            "gross_profit": 219479,
            "gross_margin": 7.37,
            "net_income": -8160,
            "revenue": 2979383,
            "common_shares": 3073964,
            "equity": 7585030,
            "current_ratio": 242.61,
            "debt_ratio": 51.79,
            "inventory_turnover_ratio": 1.46,
            "account_receivable_turnover_ratio": 0.91,
            "reinvestment_rate": null,
            "research_to_sale_ratio": 1.84,
            "price_fair": 5.43,
            "eps_avg_yearly": 1.81,
            "eps_latest_yearly": 0.16,
            "eps_growth_yearly": -207.83
        },
        "20144": {
            "year_quarter": 20144,
            "year": 2014,
            "quarter": 4,
            "eps": -0.3,
            "eps_growth_year": null,
            "eps_4q": 0.01,
            "eps_4q_growth_year": null,
            "roe": 1.8,
            "gross_profit": 437870,
            "gross_margin": 12.32,
            "net_income": 137747,
            "revenue": 3553421,
            "common_shares": 3073964,
            "equity": 7734746,
            "current_ratio": 232.45,
            "debt_ratio": 53.11,
            "inventory_turnover_ratio": 1.26,
            "account_receivable_turnover_ratio": 1.03,
            "reinvestment_rate": null,
            "research_to_sale_ratio": 1.99,
            "price_fair": 3.84,
            "eps_avg_yearly": 1.28,
            "eps_latest_yearly": 0.16,
            "eps_growth_yearly": -253.81
        },
        "20151": {
            "year_quarter": 20151,
            "year": 2015,
            "quarter": 1,
            "eps": -0.34,
            "eps_growth_year": -138.64,
            "eps_4q": -1.17,
            "eps_4q_growth_year": null,
            "roe": 0.72,
            "gross_profit": 463929,
            "gross_margin": 13.09,
            "net_income": 55454,
            "revenue": 3543403,
            "common_shares": 3073964,
            "equity": 7771351,
            "current_ratio": 228.02,
            "debt_ratio": 53.82,
            "inventory_turnover_ratio": 1.11,
            "account_receivable_turnover_ratio": 0.93,
            "reinvestment_rate": null,
            "research_to_sale_ratio": 1.45,
            "price_fair": 0.54,
            "eps_avg_yearly": 0.18,
            "eps_latest_yearly": 0.16,
            "eps_growth_yearly": -385.41
        },
        "20152": {
            "year_quarter": 20152,
            "year": 2015,
            "quarter": 2,
            "eps": -0.62,
            "eps_growth_year": -1650,
            "eps_4q": -1.83,
            "eps_4q_growth_year": null,
            "roe": -0.08,
            "gross_profit": 493039,
            "gross_margin": 11.9,
            "net_income": -6152,
            "revenue": 4143257,
            "common_shares": 3082866,
            "equity": 7361416,
            "current_ratio": 181.15,
            "debt_ratio": 58.31,
            "inventory_turnover_ratio": 1.3,
            "account_receivable_turnover_ratio": 0.97,
            "reinvestment_rate": null,
            "research_to_sale_ratio": 1.34,
            "price_fair": 0.54,
            "eps_avg_yearly": 0.18,
            "eps_latest_yearly": 0.16,
            "eps_growth_yearly": -385.41
        },
        "20153": {
            "year_quarter": 20153,
            "year": 2015,
            "quarter": 3,
            "eps": 0.44,
            "eps_growth_year": null,
            "eps_4q": -0.81,
            "eps_4q_growth_year": null,
            "roe": 7.24,
            "gross_profit": 824023,
            "gross_margin": 15.84,
            "net_income": 555804,
            "revenue": 5202934,
            "common_shares": 3108278,
            "equity": 7985801,
            "current_ratio": 198.93,
            "debt_ratio": 57.45,
            "inventory_turnover_ratio": 1.58,
            "account_receivable_turnover_ratio": 1.02,
            "reinvestment_rate": null,
            "research_to_sale_ratio": 1.15,
            "price_fair": 0.54,
            "eps_avg_yearly": 0.18,
            "eps_latest_yearly": 0.16,
            "eps_growth_yearly": -385.41
        },
        "20154": {
            "year_quarter": 20154,
            "year": 2015,
            "quarter": 4,
            "eps": 0.5,
            "eps_growth_year": null,
            "eps_4q": 0.01,
            "eps_4q_growth_year": 18.26,
            "roe": 5.67,
            "gross_profit": 1080535,
            "gross_margin": 18.31,
            "net_income": 493300,
            "revenue": 5899910,
            "common_shares": 3108278,
            "equity": 9410659,
            "current_ratio": 183.48,
            "debt_ratio": 56.44,
            "inventory_turnover_ratio": 1.67,
            "account_receivable_turnover_ratio": 1.01,
            "reinvestment_rate": null,
            "research_to_sale_ratio": 1.13,
            "price_fair": 2.36,
            "eps_avg_yearly": 0.79,
            "eps_latest_yearly": 2,
            "eps_growth_yearly": -238.76
        },
        "20161": {
            "year_quarter": 20161,
            "year": 2016,
            "quarter": 1,
            "eps": 0.71,
            "eps_growth_year": null,
            "eps_4q": 1.02,
            "eps_4q_growth_year": null,
            "roe": 5.13,
            "gross_profit": 997889,
            "gross_margin": 17.96,
            "net_income": 511965,
            "revenue": 5554693,
            "common_shares": 3320961,
            "equity": 10548160,
            "current_ratio": 186.98,
            "debt_ratio": 53.06,
            "inventory_turnover_ratio": 1.53,
            "account_receivable_turnover_ratio": 0.91,
            "reinvestment_rate": null,
            "research_to_sale_ratio": 1.01,
            "price_fair": 3.9,
            "eps_avg_yearly": 1.3,
            "eps_latest_yearly": 2.84,
            "eps_growth_yearly": -137.07
        },
        "20162": {
            "year_quarter": 20162,
            "year": 2016,
            "quarter": 2,
            "eps": 0.25,
            "eps_growth_year": null,
            "eps_4q": 1.83,
            "eps_4q_growth_year": null,
            "roe": 2.63,
            "gross_profit": 852871,
            "gross_margin": 16.56,
            "net_income": 273906,
            "revenue": 5150649,
            "common_shares": 3388970,
            "equity": 10282824,
            "current_ratio": 190.84,
            "debt_ratio": 61.52,
            "inventory_turnover_ratio": 1.53,
            "account_receivable_turnover_ratio": 0.85,
            "reinvestment_rate": null,
            "research_to_sale_ratio": 1.16,
            "price_fair": 4.5,
            "eps_avg_yearly": 1.5,
            "eps_latest_yearly": 1,
            "eps_growth_yearly": -104.61
        },
        "20163": {
            "year_quarter": 20163,
            "year": 2016,
            "quarter": 3,
            "eps": -0.45,
            "eps_growth_year": -202.27,
            "eps_4q": 0.98,
            "eps_4q_growth_year": null,
            "roe": 0.93,
            "gross_profit": 199668,
            "gross_margin": 5.74,
            "net_income": 95945,
            "revenue": 3478962,
            "common_shares": 3388970,
            "equity": 10339970,
            "current_ratio": 165.31,
            "debt_ratio": 59.81,
            "inventory_turnover_ratio": 1.1,
            "account_receivable_turnover_ratio": 0.68,
            "reinvestment_rate": null,
            "research_to_sale_ratio": 1.84,
            "price_fair": 4.5,
            "eps_avg_yearly": 1.5,
            "eps_latest_yearly": 1,
            "eps_growth_yearly": -104.61
        },
        "20164": {
            "year_quarter": 20164,
            "year": 2016,
            "quarter": 4,
            "eps": -0.4,
            "eps_growth_year": -180.35,
            "eps_4q": 0.1,
            "eps_4q_growth_year": 651.75,
            "roe": -1.29,
            "gross_profit": 232437,
            "gross_margin": 7.09,
            "net_income": -132543,
            "revenue": 3276753,
            "common_shares": 3388970,
            "equity": 10193441,
            "current_ratio": 161.16,
            "debt_ratio": 58.58,
            "inventory_turnover_ratio": 0.97,
            "account_receivable_turnover_ratio": 0.82,
            "reinvestment_rate": null,
            "research_to_sale_ratio": 2.21,
            "price_fair": 4.5,
            "eps_avg_yearly": 1.5,
            "eps_latest_yearly": 1,
            "eps_growth_yearly": -104.61
        },
        "20171": {
            "year_quarter": 20171,
            "year": 2017,
            "quarter": 1,
            "eps": -0.73,
            "eps_growth_year": -202.82,
            "eps_4q": -1.34,
            "eps_4q_growth_year": -231.02,
            "roe": -2.46,
            "gross_profit": 94189,
            "gross_margin": 3.17,
            "net_income": -244770,
            "revenue": 2969083,
            "common_shares": 3388970,
            "equity": 9740303,
            "current_ratio": 156.84,
            "debt_ratio": 58.38,
            "inventory_turnover_ratio": 0.99,
            "account_receivable_turnover_ratio": 0.84,
            "reinvestment_rate": null,
            "research_to_sale_ratio": 2,
            "price_fair": 4.5,
            "eps_avg_yearly": 1.5,
            "eps_latest_yearly": 1,
            "eps_growth_yearly": -104.61
        },
        "20172": {
            "year_quarter": 20172,
            "year": 2017,
            "quarter": 2,
            "eps": -4.4,
            "eps_growth_year": -1860,
            "eps_4q": -5.99,
            "eps_4q_growth_year": -427.04,
            "roe": -16.5,
            "gross_profit": -29123,
            "gross_margin": -1.06,
            "net_income": -1446527,
            "revenue": 2737444,
            "common_shares": 3389248,
            "equity": 7792426,
            "current_ratio": 144.64,
            "debt_ratio": 66.86,
            "inventory_turnover_ratio": 1.08,
            "account_receivable_turnover_ratio": 0.83,
            "reinvestment_rate": null,
            "research_to_sale_ratio": 2.67,
            "price_fair": 4.5,
            "eps_avg_yearly": 1.5,
            "eps_latest_yearly": 1,
            "eps_growth_yearly": -104.61
        },
        "20173": {
            "year_quarter": 20173,
            "year": 2017,
            "quarter": 3,
            "eps": -0.38,
            "eps_growth_year": null,
            "eps_4q": -5.92,
            "eps_4q_growth_year": -702.6,
            "roe": -1.24,
            "gross_profit": 172852,
            "gross_margin": 5.18,
            "net_income": -94875,
            "revenue": 3338738,
            "common_shares": 3390590,
            "equity": 7525969,
            "current_ratio": 140.28,
            "debt_ratio": 67.9,
            "inventory_turnover_ratio": 1.3,
            "account_receivable_turnover_ratio": 0.9,
            "reinvestment_rate": null,
            "research_to_sale_ratio": 1.65,
            "price_fair": 4.5,
            "eps_avg_yearly": 1.5,
            "eps_latest_yearly": 1,
            "eps_growth_yearly": -104.61
        },
        "20174": {
            "year_quarter": 20174,
            "year": 2017,
            "quarter": 4,
            "eps": -2.26,
            "eps_growth_year": null,
            "eps_4q": -7.78,
            "eps_4q_growth_year": -8013.98,
            "roe": -13.21,
            "gross_profit": 105667,
            "gross_margin": 2.96,
            "net_income": -967552,
            "revenue": 3564048,
            "common_shares": 3390590,
            "equity": 7126793,
            "current_ratio": 131.17,
            "debt_ratio": 70.8,
            "inventory_turnover_ratio": 1.32,
            "account_receivable_turnover_ratio": 0.81,
            "reinvestment_rate": null,
            "research_to_sale_ratio": 2.37,
            "price_fair": 4.5,
            "eps_avg_yearly": 1.5,
            "eps_latest_yearly": 1,
            "eps_growth_yearly": -104.61
        },
        "20181": {
            "year_quarter": 20181,
            "year": 2018,
            "quarter": 1,
            "eps": -0.6,
            "eps_growth_year": null,
            "eps_4q": -7.64,
            "eps_4q_growth_year": null,
            "roe": -2.22,
            "gross_profit": 71937,
            "gross_margin": 2.61,
            "net_income": -157025,
            "revenue": 2759784,
            "common_shares": 3390590,
            "equity": 7000241,
            "current_ratio": 179.59,
            "debt_ratio": 71.94,
            "inventory_turnover_ratio": 0.99,
            "account_receivable_turnover_ratio": 0.65,
            "reinvestment_rate": null,
            "research_to_sale_ratio": 1.55,
            "price_fair": 4.5,
            "eps_avg_yearly": 1.5,
            "eps_latest_yearly": 1,
            "eps_growth_yearly": -104.61
        },
        "20182": {
            "year_quarter": 20182,
            "year": 2018,
            "quarter": 2,
            "eps": -1.05,
            "eps_growth_year": null,
            "eps_4q": -4.29,
            "eps_4q_growth_year": null,
            "roe": -5.45,
            "gross_profit": -64961,
            "gross_margin": -2.42,
            "net_income": -368377,
            "revenue": 2687190,
            "common_shares": 3390590,
            "equity": 6526032,
            "current_ratio": 122.75,
            "debt_ratio": 72.46,
            "inventory_turnover_ratio": 1.1,
            "account_receivable_turnover_ratio": 0.67,
            "reinvestment_rate": null,
            "research_to_sale_ratio": 2.98,
            "price_fair": 5.84,
            "eps_avg_yearly": 1.95,
            "eps_latest_yearly": 1,
            "eps_growth_yearly": -12.2
        },
        "20183": {
            "year_quarter": 20183,
            "year": 2018,
            "quarter": 3,
            "eps": -1.62,
            "eps_growth_year": null,
            "eps_4q": -5.53,
            "eps_4q_growth_year": null,
            "roe": -12.33,
            "gross_profit": -153036,
            "gross_margin": -7.2,
            "net_income": -754050,
            "revenue": 2125377,
            "common_shares": 3390590,
            "equity": 5700428,
            "current_ratio": 124.58,
            "debt_ratio": 73.13,
            "inventory_turnover_ratio": 1.04,
            "account_receivable_turnover_ratio": 0.55,
            "reinvestment_rate": null,
            "research_to_sale_ratio": 2.45,
            "price_fair": 5.84,
            "eps_avg_yearly": 1.95,
            "eps_latest_yearly": 1,
            "eps_growth_yearly": -12.2
        },
        "20184": {
            "year_quarter": 20184,
            "year": 2018,
            "quarter": 4,
            "eps": -0.95,
            "eps_growth_year": null,
            "eps_4q": -4.21,
            "eps_4q_growth_year": null,
            "roe": -16.78,
            "gross_profit": 4242,
            "gross_margin": 0.23,
            "net_income": -883373,
            "revenue": 1806360,
            "common_shares": 3390590,
            "equity": 4831474,
            "current_ratio": 134.27,
            "debt_ratio": 74.18,
            "inventory_turnover_ratio": 0.96,
            "account_receivable_turnover_ratio": 0.52,
            "reinvestment_rate": null,
            "research_to_sale_ratio": 4.82,
            "price_fair": 5.84,
            "eps_avg_yearly": 1.95,
            "eps_latest_yearly": 1,
            "eps_growth_yearly": -12.2
        },
        "20191": {
            "year_quarter": 20191,
            "year": 2019,
            "quarter": 1,
            "eps": 0.92,
            "eps_growth_year": null,
            "eps_4q": -2.7,
            "eps_4q_growth_year": null,
            "roe": 7.44,
            "gross_profit": 238040,
            "gross_margin": 10.69,
            "net_income": 373500,
            "revenue": 2227568,
            "common_shares": 3390590,
            "equity": 5212895,
            "current_ratio": 145.81,
            "debt_ratio": 74.2,
            "inventory_turnover_ratio": 1.15,
            "account_receivable_turnover_ratio": 0.65,
            "reinvestment_rate": null,
            "research_to_sale_ratio": 2.24,
            "price_fair": 5.84,
            "eps_avg_yearly": 1.95,
            "eps_latest_yearly": 1,
            "eps_growth_yearly": -12.2
        },
        "20192": {
            "year_quarter": 20192,
            "year": 2019,
            "quarter": 2,
            "eps": -0.23,
            "eps_growth_year": null,
            "eps_4q": -1.88,
            "eps_4q_growth_year": null,
            "roe": -2.62,
            "gross_profit": 276031,
            "gross_margin": 12.35,
            "net_income": -137978,
            "revenue": 2235258,
            "common_shares": 3390590,
            "equity": 5303278,
            "current_ratio": 135.33,
            "debt_ratio": 68.9,
            "inventory_turnover_ratio": 1.13,
            "account_receivable_turnover_ratio": 0.61,
            "reinvestment_rate": null,
            "research_to_sale_ratio": 3.04,
            "price_fair": 5.84,
            "eps_avg_yearly": 1.95,
            "eps_latest_yearly": 1,
            "eps_growth_yearly": -12.2
        },
        "20193": {
            "year_quarter": 20193,
            "year": 2019,
            "quarter": 3,
            "eps": -0.07,
            "eps_growth_year": null,
            "eps_4q": -0.51,
            "eps_4q_growth_year": null,
            "roe": -0.78,
            "gross_profit": 237667,
            "gross_margin": 12.48,
            "net_income": -40833,
            "revenue": 1904762,
            "common_shares": 2059057,
            "equity": 5184299,
            "current_ratio": 147.72,
            "debt_ratio": 65.77,
            "inventory_turnover_ratio": 0.93,
            "account_receivable_turnover_ratio": 0.57,
            "reinvestment_rate": null,
            "research_to_sale_ratio": 3.32,
            "price_fair": 5.84,
            "eps_avg_yearly": 1.95,
            "eps_latest_yearly": 1,
            "eps_growth_yearly": -12.2
        },
        "20194": {
            "year_quarter": 20194,
            "year": 2019,
            "quarter": 4,
            "eps": -0.32,
            "eps_growth_year": null,
            "eps_4q": 0.74,
            "eps_4q_growth_year": null,
            "roe": -3.22,
            "gross_profit": 233276,
            "gross_margin": 11.1,
            "net_income": -164004,
            "revenue": 2101027,
            "common_shares": 2059057,
            "equity": 4998869,
            "current_ratio": 149.12,
            "debt_ratio": 65.16,
            "inventory_turnover_ratio": 1.11,
            "account_receivable_turnover_ratio": 0.74,
            "reinvestment_rate": null,
            "research_to_sale_ratio": 3.89,
            "price_fair": 5.76,
            "eps_avg_yearly": 1.92,
            "eps_latest_yearly": 1,
            "eps_growth_yearly": -45.58
        },
        "20201": {
            "year_quarter": 20201,
            "year": 2020,
            "quarter": 1,
            "eps": -2.75,
            "eps_growth_year": -398.91,
            "eps_4q": -3.53,
            "eps_4q_growth_year": null,
            "roe": -13.42,
            "gross_profit": 253026,
            "gross_margin": 12.06,
            "net_income": -621929,
            "revenue": 2097663,
            "common_shares": 2059057,
            "equity": 4267977,
            "current_ratio": 101.88,
            "debt_ratio": 70.85,
            "inventory_turnover_ratio": 1.15,
            "account_receivable_turnover_ratio": 0.78,
            "reinvestment_rate": null,
            "research_to_sale_ratio": 3.31,
            "price_fair": 3,
            "eps_avg_yearly": 1,
            "eps_latest_yearly": 1,
            "eps_growth_yearly": -259.15
        },
        "20202": {
            "year_quarter": 20202,
            "year": 2020,
            "quarter": 2,
            "eps": -0.17,
            "eps_growth_year": null,
            "eps_4q": -2.39,
            "eps_4q_growth_year": null,
            "roe": -2.84,
            "gross_profit": 248217,
            "gross_margin": 12.53,
            "net_income": -132029,
            "revenue": 1980294,
            "common_shares": 2859057,
            "equity": 5026938,
            "current_ratio": 106.09,
            "debt_ratio": 66.97,
            "inventory_turnover_ratio": 1.09,
            "account_receivable_turnover_ratio": 0.74,
            "reinvestment_rate": null,
            "research_to_sale_ratio": 4.58,
            "price_fair": 0,
            "eps_avg_yearly": 0,
            "eps_latest_yearly": 0,
            "eps_growth_yearly": 0
        },
        "20203": {
            "year_quarter": 20203,
            "year": 2020,
            "quarter": 3,
            "eps": 0.28,
            "eps_growth_year": null,
            "eps_4q": -2.05,
            "eps_4q_growth_year": null,
            "roe": 3.71,
            "gross_profit": 481487,
            "gross_margin": 16.77,
            "net_income": 190525,
            "revenue": 2870737,
            "common_shares": 2859057,
            "equity": 5249420,
            "current_ratio": 113.58,
            "debt_ratio": 63.35,
            "inventory_turnover_ratio": 1.51,
            "account_receivable_turnover_ratio": 1.1,
            "reinvestment_rate": null,
            "research_to_sale_ratio": 2.73,
            "price_fair": 0,
            "eps_avg_yearly": 0,
            "eps_latest_yearly": 0,
            "eps_growth_yearly": 0
        },
        "20204": {
            "year_quarter": 20204,
            "year": 2020,
            "quarter": 4,
            "eps": -0.05,
            "eps_growth_year": null,
            "eps_4q": -1.87,
            "eps_4q_growth_year": -354.35,
            "roe": 0.04,
            "gross_profit": 248371,
            "gross_margin": 9.53,
            "net_income": 2453,
            "revenue": 2606041,
            "common_shares": 2859057,
            "equity": 5858681,
            "current_ratio": 111.68,
            "debt_ratio": 62.62,
            "inventory_turnover_ratio": 1.31,
            "account_receivable_turnover_ratio": 1,
            "reinvestment_rate": null,
            "research_to_sale_ratio": 3.07,
            "price_fair": 0,
            "eps_avg_yearly": 0,
            "eps_latest_yearly": 0,
            "eps_growth_yearly": 0
        },
        "20211": {
            "year_quarter": 20211,
            "year": 2021,
            "quarter": 1,
            "eps": 0.9,
            "eps_growth_year": null,
            "eps_4q": 1.02,
            "eps_4q_growth_year": null,
            "roe": 4.23,
            "gross_profit": 293561,
            "gross_margin": 13.04,
            "net_income": 260433,
            "revenue": 2251021,
            "common_shares": 2859057,
            "equity": 6444809,
            "current_ratio": 133.64,
            "debt_ratio": 56.25,
            "inventory_turnover_ratio": 1.16,
            "account_receivable_turnover_ratio": 0.9,
            "reinvestment_rate": null,
            "research_to_sale_ratio": 3.05,
            "price_fair": 0,
            "eps_avg_yearly": 0,
            "eps_latest_yearly": 0,
            "eps_growth_yearly": 0
        },
        "20212": {
            "year_quarter": 20212,
            "year": 2021,
            "quarter": 2,
            "eps": -0.21,
            "eps_growth_year": null,
            "eps_4q": 0.93,
            "eps_4q_growth_year": null,
            "roe": -1.92,
            "gross_profit": 164336,
            "gross_margin": 8.15,
            "net_income": -134912,
            "revenue": 2015464,
            "common_shares": 2859057,
            "equity": 7601970,
            "current_ratio": 175.15,
            "debt_ratio": 50.44,
            "inventory_turnover_ratio": 1.21,
            "account_receivable_turnover_ratio": 0.88,
            "reinvestment_rate": null,
            "research_to_sale_ratio": 3.46,
            "price_fair": 0,
            "eps_avg_yearly": 0,
            "eps_latest_yearly": 0,
            "eps_growth_yearly": 0
        },
        "20213": {
            "year_quarter": 20213,
            "year": 2021,
            "quarter": 3,
            "eps": -0.25,
            "eps_growth_year": -189.29,
            "eps_4q": 0.39,
            "eps_4q_growth_year": null,
            "roe": -1.82,
            "gross_profit": 135710,
            "gross_margin": 7.46,
            "net_income": -137166,
            "revenue": 1819681,
            "common_shares": 2859057,
            "equity": 7471927,
            "current_ratio": 160.73,
            "debt_ratio": 49.73,
            "inventory_turnover_ratio": 1.17,
            "account_receivable_turnover_ratio": 0.86,
            "reinvestment_rate": null,
            "research_to_sale_ratio": 4.91,
            "price_fair": 0,
            "eps_avg_yearly": 0,
            "eps_latest_yearly": 0,
            "eps_growth_yearly": 0
        },
        "20214": {
            "year_quarter": 20214,
            "year": 2021,
            "quarter": 4,
            "eps": -0.36,
            "eps_growth_year": null,
            "eps_4q": 0.09,
            "eps_4q_growth_year": null,
            "roe": -3.54,
            "gross_profit": 70302,
            "gross_margin": 3.11,
            "net_income": -262012,
            "revenue": 2261652,
            "common_shares": 2859057,
            "equity": 7336205,
            "current_ratio": 161.05,
            "debt_ratio": 50.34,
            "inventory_turnover_ratio": 1.66,
            "account_receivable_turnover_ratio": 1.27,
            "reinvestment_rate": null,
            "research_to_sale_ratio": 4.03,
            "price_fair": 0,
            "eps_avg_yearly": 0,
            "eps_latest_yearly": 0,
            "eps_growth_yearly": 0
        },
        "20221": {
            "year_quarter": 20221,
            "year": 2022,
            "quarter": 1,
            "eps": 0.02,
            "eps_growth_year": -97.78,
            "eps_4q": -0.65,
            "eps_4q_growth_year": -163.83,
            "roe": 0.44,
            "gross_profit": 177209,
            "gross_margin": 10.08,
            "net_income": 36223,
            "revenue": 1758779,
            "common_shares": 3509057,
            "equity": 9310663,
            "current_ratio": 183.71,
            "debt_ratio": 40.77,
            "inventory_turnover_ratio": 1.16,
            "account_receivable_turnover_ratio": 1.06,
            "reinvestment_rate": null,
            "research_to_sale_ratio": 3.78,
            "price_fair": 0,
            "eps_avg_yearly": 0,
            "eps_latest_yearly": 0,
            "eps_growth_yearly": 0
        },
        "20222": {
            "year_quarter": 20222,
            "year": 2022,
            "quarter": 2,
            "eps": -0.03,
            "eps_growth_year": null,
            "eps_4q": -0.51,
            "eps_4q_growth_year": -154.86,
            "roe": -0.44,
            "gross_profit": 257768,
            "gross_margin": 13.6,
            "net_income": -40582,
            "revenue": 1896047,
            "common_shares": 3509057,
            "equity": 9087280,
            "current_ratio": 187.1,
            "debt_ratio": 40.06,
            "inventory_turnover_ratio": 1.23,
            "account_receivable_turnover_ratio": 0.99,
            "reinvestment_rate": null,
            "research_to_sale_ratio": 5.32,
            "price_fair": 0,
            "eps_avg_yearly": 0,
            "eps_latest_yearly": 0,
            "eps_growth_yearly": 0
        },
        "20223": {
            "year_quarter": 20223,
            "year": 2022,
            "quarter": 3,
            "eps": -0.02,
            "eps_growth_year": null,
            "eps_4q": -0.33,
            "eps_4q_growth_year": -183.01,
            "roe": -1.05,
            "gross_profit": 180267,
            "gross_margin": 11,
            "net_income": -101600,
            "revenue": 1639336,
            "common_shares": 3509057,
            "equity": 10317743,
            "current_ratio": 224.83,
            "debt_ratio": 35.26,
            "inventory_turnover_ratio": 1.25,
            "account_receivable_turnover_ratio": 0.8,
            "reinvestment_rate": null,
            "research_to_sale_ratio": 5.03,
            "price_fair": 0,
            "eps_avg_yearly": 0,
            "eps_latest_yearly": 0,
            "eps_growth_yearly": 0
        },
        "20224": {
            "year_quarter": 20224,
            "year": 2022,
            "quarter": 4,
            "eps": -0.41,
            "eps_growth_year": null,
            "eps_4q": -0.44,
            "eps_4q_growth_year": -607.79,
            "roe": -4.18,
            "gross_profit": 55491,
            "gross_margin": 3.86,
            "net_income": -425331,
            "revenue": 1436949,
            "common_shares": 3509057,
            "equity": 10011237,
            "current_ratio": 221.99,
            "debt_ratio": 34.69,
            "inventory_turnover_ratio": 1.25,
            "account_receivable_turnover_ratio": 0.81,
            "reinvestment_rate": null,
            "research_to_sale_ratio": 5.51,
            "price_fair": 0,
            "eps_avg_yearly": 0,
            "eps_latest_yearly": 0,
            "eps_growth_yearly": 0
        },
        "20231": {
            "year_quarter": 20231,
            "year": 2023,
            "quarter": 1,
            "eps": -0.14,
            "eps_growth_year": -800,
            "eps_4q": -0.6,
            "eps_4q_growth_year": null,
            "roe": -2.57,
            "gross_profit": -21248,
            "gross_margin": -1.93,
            "net_income": -254150,
            "revenue": 1098314,
            "common_shares": 3509057,
            "equity": 9766828,
            "current_ratio": 270.45,
            "debt_ratio": 29.54,
            "inventory_turnover_ratio": 1.02,
            "account_receivable_turnover_ratio": 0.93,
            "reinvestment_rate": null,
            "research_to_sale_ratio": 6.06,
            "price_fair": 0,
            "eps_avg_yearly": 0,
            "eps_latest_yearly": 0,
            "eps_growth_yearly": 0
        }
    },
    "months": {
        "2001-06": {
            "month": "2001-06",
            "price": "28.72",
            "revenue": 171438
        },
        "2001-07": {
            "month": "2001-07",
            "price": "24.54",
            "revenue": 171891
        },
        "2001-08": {
            "month": "2001-08",
            "price": "18.32",
            "revenue": 229176
        },
        "2001-09": {
            "month": "2001-09",
            "price": "12.70",
            "revenue": 195992
        },
        "2001-10": {
            "month": "2001-10",
            "price": "12.04",
            "revenue": 171650
        },
        "2001-11": {
            "month": "2001-11",
            "price": "14.10",
            "revenue": 155880
        },
        "2001-12": {
            "month": "2001-12",
            "price": "16.16",
            "revenue": 134414
        },
        "2002-01": {
            "month": "2002-01",
            "price": "17.42",
            "revenue": 110650
        },
        "2002-02": {
            "month": "2002-02",
            "price": "16.41",
            "revenue": 109468
        },
        "2002-03": {
            "month": "2002-03",
            "price": "17.90",
            "revenue": 149032
        },
        "2002-04": {
            "month": "2002-04",
            "price": "19.62",
            "revenue": 151942
        },
        "2002-05": {
            "month": "2002-05",
            "price": "15.13",
            "revenue": 130044
        },
        "2002-06": {
            "month": "2002-06",
            "price": "13.75",
            "revenue": 102624
        },
        "2002-07": {
            "month": "2002-07",
            "price": "11.60",
            "revenue": 99648
        },
        "2002-08": {
            "month": "2002-08",
            "price": "10.97",
            "revenue": 113455
        },
        "2002-09": {
            "month": "2002-09",
            "price": "9.83",
            "revenue": 161157
        },
        "2002-10": {
            "month": "2002-10",
            "price": "9.66",
            "revenue": 219830
        },
        "2002-11": {
            "month": "2002-11",
            "price": "10.33",
            "revenue": 212313
        },
        "2002-12": {
            "month": "2002-12",
            "price": "9.24",
            "revenue": 195210
        },
        "2003-01": {
            "month": "2003-01",
            "price": "9.47",
            "revenue": 150045
        },
        "2003-02": {
            "month": "2003-02",
            "price": "8.63",
            "revenue": 139845
        },
        "2003-03": {
            "month": "2003-03",
            "price": "8.22",
            "revenue": 182993
        },
        "2003-04": {
            "month": "2003-04",
            "price": "7.71",
            "revenue": 188457
        },
        "2003-05": {
            "month": "2003-05",
            "price": "8.44",
            "revenue": 190037
        },
        "2003-06": {
            "month": "2003-06",
            "price": "14.53",
            "revenue": 209131
        },
        "2003-07": {
            "month": "2003-07",
            "price": "16.72",
            "revenue": 204008
        },
        "2003-08": {
            "month": "2003-08",
            "price": "15.85",
            "revenue": 220103
        },
        "2003-09": {
            "month": "2003-09",
            "price": "16.25",
            "revenue": 221946
        },
        "2003-10": {
            "month": "2003-10",
            "price": "17.63",
            "revenue": 239005
        },
        "2003-11": {
            "month": "2003-11",
            "price": "19.13",
            "revenue": 242285
        },
        "2003-12": {
            "month": "2003-12",
            "price": "17.77",
            "revenue": 236356
        },
        "2004-01": {
            "month": "2004-01",
            "price": "17.34",
            "revenue": 201300
        },
        "2004-02": {
            "month": "2004-02",
            "price": "18.74",
            "revenue": 222408
        },
        "2004-03": {
            "month": "2004-03",
            "price": "20.13",
            "revenue": 250865
        },
        "2004-04": {
            "month": "2004-04",
            "price": "23.64",
            "revenue": 206837
        },
        "2004-05": {
            "month": "2004-05",
            "price": "18.63",
            "revenue": 183799
        },
        "2004-06": {
            "month": "2004-06",
            "price": "16.73",
            "revenue": 191761
        },
        "2004-07": {
            "month": "2004-07",
            "price": "14.78",
            "revenue": 126617
        },
        "2004-08": {
            "month": "2004-08",
            "price": "13.26",
            "revenue": 178276
        },
        "2004-09": {
            "month": "2004-09",
            "price": "14.31",
            "revenue": 144612
        },
        "2004-10": {
            "month": "2004-10",
            "price": "13.19",
            "revenue": 129753
        },
        "2004-11": {
            "month": "2004-11",
            "price": "11.40",
            "revenue": 122846
        },
        "2004-12": {
            "month": "2004-12",
            "price": "11.34",
            "revenue": 120754
        },
        "2005-01": {
            "month": "2005-01",
            "price": "10.95",
            "revenue": 131484
        },
        "2005-02": {
            "month": "2005-02",
            "price": "10.39",
            "revenue": 114586
        },
        "2005-03": {
            "month": "2005-03",
            "price": "9.97",
            "revenue": 119987
        },
        "2005-04": {
            "month": "2005-04",
            "price": "7.45",
            "revenue": 156665
        },
        "2005-05": {
            "month": "2005-05",
            "price": "8.65",
            "revenue": 156880
        },
        "2005-06": {
            "month": "2005-06",
            "price": "9.65",
            "revenue": 149802
        },
        "2005-07": {
            "month": "2005-07",
            "price": "9.67",
            "revenue": 164299
        },
        "2005-08": {
            "month": "2005-08",
            "price": "7.94",
            "revenue": 158854
        },
        "2005-09": {
            "month": "2005-09",
            "price": "6.90",
            "revenue": 157802
        },
        "2005-10": {
            "month": "2005-10",
            "price": "5.86",
            "revenue": 142091
        },
        "2005-11": {
            "month": "2005-11",
            "price": "5.30",
            "revenue": 146829
        },
        "2005-12": {
            "month": "2005-12",
            "price": "6.13",
            "revenue": 134722
        },
        "2006-01": {
            "month": "2006-01",
            "price": "6.26",
            "revenue": 141827
        },
        "2006-02": {
            "month": "2006-02",
            "price": "5.53",
            "revenue": 137223
        },
        "2006-03": {
            "month": "2006-03",
            "price": "4.92",
            "revenue": 160387
        },
        "2006-04": {
            "month": "2006-04",
            "price": "5.37",
            "revenue": 214080
        },
        "2006-05": {
            "month": "2006-05",
            "price": "6.16",
            "revenue": 223341
        },
        "2006-06": {
            "month": "2006-06",
            "price": "5.90",
            "revenue": 209216
        },
        "2006-07": {
            "month": "2006-07",
            "price": "5.17",
            "revenue": 193295
        },
        "2006-08": {
            "month": "2006-08",
            "price": "5.20",
            "revenue": 180258
        },
        "2006-09": {
            "month": "2006-09",
            "price": "4.97",
            "revenue": 183756
        },
        "2006-10": {
            "month": "2006-10",
            "price": "5.15",
            "revenue": 203538
        },
        "2006-11": {
            "month": "2006-11",
            "price": "5.59",
            "revenue": 209486
        },
        "2006-12": {
            "month": "2006-12",
            "price": "7.33",
            "revenue": 166479
        },
        "2007-01": {
            "month": "2007-01",
            "price": "7.20",
            "revenue": 161078
        },
        "2007-02": {
            "month": "2007-02",
            "price": "6.34",
            "revenue": 141998
        },
        "2007-03": {
            "month": "2007-03",
            "price": "6.61",
            "revenue": 161022
        },
        "2007-04": {
            "month": "2007-04",
            "price": "9.39",
            "revenue": 152015
        },
        "2007-05": {
            "month": "2007-05",
            "price": "11.21",
            "revenue": 152574
        },
        "2007-06": {
            "month": "2007-06",
            "price": "11.98",
            "revenue": 168358
        },
        "2007-07": {
            "month": "2007-07",
            "price": "14.79",
            "revenue": 157641
        },
        "2007-08": {
            "month": "2007-08",
            "price": "12.50",
            "revenue": 159354
        },
        "2007-09": {
            "month": "2007-09",
            "price": "11.31",
            "revenue": 158661
        },
        "2007-10": {
            "month": "2007-10",
            "price": "10.45",
            "revenue": 132778
        },
        "2007-11": {
            "month": "2007-11",
            "price": "8.34",
            "revenue": 136104
        },
        "2007-12": {
            "month": "2007-12",
            "price": "7.52",
            "revenue": 130516
        },
        "2008-01": {
            "month": "2008-01",
            "price": "6.48",
            "revenue": 161082
        },
        "2008-02": {
            "month": "2008-02",
            "price": "6.73",
            "revenue": 130637
        },
        "2008-03": {
            "month": "2008-03",
            "price": "8.70",
            "revenue": 149927
        },
        "2008-04": {
            "month": "2008-04",
            "price": "8.52",
            "revenue": 160317
        },
        "2008-05": {
            "month": "2008-05",
            "price": "9.43",
            "revenue": 158539
        },
        "2008-06": {
            "month": "2008-06",
            "price": "9.29",
            "revenue": 155619
        },
        "2008-07": {
            "month": "2008-07",
            "price": "7.10",
            "revenue": 165641
        },
        "2008-08": {
            "month": "2008-08",
            "price": "6.59",
            "revenue": 156826
        },
        "2008-09": {
            "month": "2008-09",
            "price": "4.16",
            "revenue": 172595
        },
        "2008-10": {
            "month": "2008-10",
            "price": "3.24",
            "revenue": 171179
        },
        "2008-11": {
            "month": "2008-11",
            "price": "2.34",
            "revenue": 132263
        },
        "2008-12": {
            "month": "2008-12",
            "price": "2.67",
            "revenue": 108045
        },
        "2009-01": {
            "month": "2009-01",
            "price": "2.65",
            "revenue": 110274
        },
        "2009-02": {
            "month": "2009-02",
            "price": "2.80",
            "revenue": 153966
        },
        "2009-03": {
            "month": "2009-03",
            "price": "3.50",
            "revenue": 182224
        },
        "2009-04": {
            "month": "2009-04",
            "price": "5.36",
            "revenue": 172939
        },
        "2009-05": {
            "month": "2009-05",
            "price": "6.72",
            "revenue": 152874
        },
        "2009-06": {
            "month": "2009-06",
            "price": "7.02",
            "revenue": 177256
        },
        "2009-07": {
            "month": "2009-07",
            "price": "7.47",
            "revenue": 167736
        },
        "2009-08": {
            "month": "2009-08",
            "price": "7.77",
            "revenue": 178237
        },
        "2009-09": {
            "month": "2009-09",
            "price": "9.65",
            "revenue": 169486
        },
        "2009-10": {
            "month": "2009-10",
            "price": "21.82",
            "revenue": 205441
        },
        "2009-11": {
            "month": "2009-11",
            "price": "26.04",
            "revenue": 214075
        },
        "2009-12": {
            "month": "2009-12",
            "price": "33.13",
            "revenue": 263824
        },
        "2010-01": {
            "month": "2010-01",
            "price": "32.31",
            "revenue": 273751
        },
        "2010-02": {
            "month": "2010-02",
            "price": "28.86",
            "revenue": 245736
        },
        "2010-03": {
            "month": "2010-03",
            "price": "36.93",
            "revenue": 270912
        },
        "2010-04": {
            "month": "2010-04",
            "price": "43.76",
            "revenue": 282700
        },
        "2010-05": {
            "month": "2010-05",
            "price": "40.19",
            "revenue": 295256
        },
        "2010-06": {
            "month": "2010-06",
            "price": "35.85",
            "revenue": 346317
        },
        "2010-07": {
            "month": "2010-07",
            "price": "39.67",
            "revenue": 349822
        },
        "2010-08": {
            "month": "2010-08",
            "price": "45.79",
            "revenue": 347590
        },
        "2010-09": {
            "month": "2010-09",
            "price": "51.23",
            "revenue": 360256
        },
        "2010-10": {
            "month": "2010-10",
            "price": "47.89",
            "revenue": 389517
        },
        "2010-11": {
            "month": "2010-11",
            "price": "47.63",
            "revenue": 421596
        },
        "2010-12": {
            "month": "2010-12",
            "price": "47.71",
            "revenue": 435170
        },
        "2011-01": {
            "month": "2011-01",
            "price": "46.22",
            "revenue": 456607
        },
        "2011-02": {
            "month": "2011-02",
            "price": "53.49",
            "revenue": 435516
        },
        "2011-03": {
            "month": "2011-03",
            "price": "52.60",
            "revenue": 568367
        },
        "2011-04": {
            "month": "2011-04",
            "price": "49.29",
            "revenue": 545986
        },
        "2011-05": {
            "month": "2011-05",
            "price": "41.67",
            "revenue": 338544
        },
        "2011-06": {
            "month": "2011-06",
            "price": "37.67",
            "revenue": 394003
        },
        "2011-07": {
            "month": "2011-07",
            "price": "38.09",
            "revenue": 530379
        },
        "2011-08": {
            "month": "2011-08",
            "price": "31.43",
            "revenue": 560395
        },
        "2011-09": {
            "month": "2011-09",
            "price": "22.65",
            "revenue": 432210
        },
        "2011-10": {
            "month": "2011-10",
            "price": "20.86",
            "revenue": 383853
        },
        "2011-11": {
            "month": "2011-11",
            "price": "17.42",
            "revenue": 330743
        },
        "2011-12": {
            "month": "2011-12",
            "price": "15.15",
            "revenue": 416253
        },
        "2012-01": {
            "month": "2012-01",
            "price": "17.12",
            "revenue": 511202
        },
        "2012-02": {
            "month": "2012-02",
            "price": "26.10",
            "revenue": 536144
        },
        "2012-03": {
            "month": "2012-03",
            "price": "26.39",
            "revenue": 592564
        },
        "2012-04": {
            "month": "2012-04",
            "price": "22.73",
            "revenue": 598180
        },
        "2012-05": {
            "month": "2012-05",
            "price": "23.67",
            "revenue": 654648
        },
        "2012-06": {
            "month": "2012-06",
            "price": "24.16",
            "revenue": 623768
        },
        "2012-07": {
            "month": "2012-07",
            "price": "23.73",
            "revenue": 568332
        },
        "2012-08": {
            "month": "2012-08",
            "price": "23.93",
            "revenue": 447895
        },
        "2012-09": {
            "month": "2012-09",
            "price": "23.18",
            "revenue": 367801
        },
        "2012-10": {
            "month": "2012-10",
            "price": "19.65",
            "revenue": 426574
        },
        "2012-11": {
            "month": "2012-11",
            "price": "16.30",
            "revenue": 410762
        },
        "2012-12": {
            "month": "2012-12",
            "price": "17.87",
            "revenue": 455115
        },
        "2013-01": {
            "month": "2013-01",
            "price": "20.27",
            "revenue": 662884
        },
        "2013-02": {
            "month": "2013-02",
            "price": "22.40",
            "revenue": 572598
        },
        "2013-03": {
            "month": "2013-03",
            "price": "22.85",
            "revenue": 736506
        },
        "2013-04": {
            "month": "2013-04",
            "price": "21.34",
            "revenue": 720861
        },
        "2013-05": {
            "month": "2013-05",
            "price": "22.33",
            "revenue": 792225
        },
        "2013-06": {
            "month": "2013-06",
            "price": "20.97",
            "revenue": 610357
        },
        "2013-07": {
            "month": "2013-07",
            "price": "19.32",
            "revenue": 605295
        },
        "2013-08": {
            "month": "2013-08",
            "price": "17.96",
            "revenue": 599774
        },
        "2013-09": {
            "month": "2013-09",
            "price": "18.92",
            "revenue": 648149
        },
        "2013-10": {
            "month": "2013-10",
            "price": "22.28",
            "revenue": 804552
        },
        "2013-11": {
            "month": "2013-11",
            "price": "24.61",
            "revenue": 860388
        },
        "2013-12": {
            "month": "2013-12",
            "price": "28.90",
            "revenue": 945019
        },
        "2014-01": {
            "month": "2014-01",
            "price": "36.80",
            "revenue": 1114209
        },
        "2014-02": {
            "month": "2014-02",
            "price": "37.99",
            "revenue": 946686
        },
        "2014-03": {
            "month": "2014-03",
            "price": "42.97",
            "revenue": 1070541
        },
        "2014-04": {
            "month": "2014-04",
            "price": "38.05",
            "revenue": 1190631
        },
        "2014-05": {
            "month": "2014-05",
            "price": "35.94",
            "revenue": 1278934
        },
        "2014-06": {
            "month": "2014-06",
            "price": "37.81",
            "revenue": 1158789
        },
        "2014-07": {
            "month": "2014-07",
            "price": "34.14",
            "revenue": 1022338
        },
        "2014-08": {
            "month": "2014-08",
            "price": "28.02",
            "revenue": 919360
        },
        "2014-09": {
            "month": "2014-09",
            "price": "28.96",
            "revenue": 1052691
        },
        "2014-10": {
            "month": "2014-10",
            "price": "27.57",
            "revenue": 1153744
        },
        "2014-11": {
            "month": "2014-11",
            "price": "24.84",
            "revenue": 1143956
        },
        "2014-12": {
            "month": "2014-12",
            "price": "24.16",
            "revenue": 1278503
        },
        "2015-01": {
            "month": "2015-01",
            "price": "25.48",
            "revenue": 1293887
        },
        "2015-02": {
            "month": "2015-02",
            "price": "25.70",
            "revenue": 1054599
        },
        "2015-03": {
            "month": "2015-03",
            "price": "26.43",
            "revenue": 1200588
        },
        "2015-04": {
            "month": "2015-04",
            "price": "28.11",
            "revenue": 1277558
        },
        "2015-05": {
            "month": "2015-05",
            "price": "23.46",
            "revenue": 1374521
        },
        "2015-06": {
            "month": "2015-06",
            "price": "22.90",
            "revenue": 1506653
        },
        "2015-07": {
            "month": "2015-07",
            "price": "22.64",
            "revenue": 1650230
        },
        "2015-08": {
            "month": "2015-08",
            "price": "17.39",
            "revenue": 1725544
        },
        "2015-09": {
            "month": "2015-09",
            "price": "18.33",
            "revenue": 1842896
        },
        "2015-10": {
            "month": "2015-10",
            "price": "23.55",
            "revenue": 1927613
        },
        "2015-11": {
            "month": "2015-11",
            "price": "28.10",
            "revenue": 1954797
        },
        "2015-12": {
            "month": "2015-12",
            "price": "36.80",
            "revenue": 2030608
        },
        "2016-01": {
            "month": "2016-01",
            "price": "32.09",
            "revenue": 2093009
        },
        "2016-02": {
            "month": "2016-02",
            "price": "32.14",
            "revenue": 1535965
        },
        "2016-03": {
            "month": "2016-03",
            "price": "30.49",
            "revenue": 1924049
        },
        "2016-04": {
            "month": "2016-04",
            "price": "25.87",
            "revenue": 1802653
        },
        "2016-05": {
            "month": "2016-05",
            "price": "24.80",
            "revenue": 1684238
        },
        "2016-06": {
            "month": "2016-06",
            "price": "24.66",
            "revenue": 1679320
        },
        "2016-07": {
            "month": "2016-07",
            "price": "24.04",
            "revenue": 1515879
        },
        "2016-08": {
            "month": "2016-08",
            "price": "21.51",
            "revenue": 1018148
        },
        "2016-09": {
            "month": "2016-09",
            "price": "22.26",
            "revenue": 943242
        },
        "2016-10": {
            "month": "2016-10",
            "price": "23.12",
            "revenue": 979199
        },
        "2016-11": {
            "month": "2016-11",
            "price": "21.00",
            "revenue": 1243325
        },
        "2016-12": {
            "month": "2016-12",
            "price": "22.87",
            "revenue": 1081900
        },
        "2017-01": {
            "month": "2017-01",
            "price": "23.69",
            "revenue": 1119454
        },
        "2017-02": {
            "month": "2017-02",
            "price": "24.70",
            "revenue": 852246
        },
        "2017-03": {
            "month": "2017-03",
            "price": "23.24",
            "revenue": 1022542
        },
        "2017-04": {
            "month": "2017-04",
            "price": "22.39",
            "revenue": 747379
        },
        "2017-05": {
            "month": "2017-05",
            "price": "20.22",
            "revenue": 1052180
        },
        "2017-06": {
            "month": "2017-06",
            "price": "19.75",
            "revenue": 906029
        },
        "2017-07": {
            "month": "2017-07",
            "price": "16.98",
            "revenue": 974649
        },
        "2017-08": {
            "month": "2017-08",
            "price": "16.10",
            "revenue": 1030079
        },
        "2017-09": {
            "month": "2017-09",
            "price": "17.95",
            "revenue": 1321321
        },
        "2017-10": {
            "month": "2017-10",
            "price": "19.54",
            "revenue": 1105801
        },
        "2017-11": {
            "month": "2017-11",
            "price": "17.93",
            "revenue": 1211480
        },
        "2017-12": {
            "month": "2017-12",
            "price": "16.10",
            "revenue": 1245451
        },
        "2018-01": {
            "month": "2018-01",
            "price": "16.25",
            "revenue": 1151513
        },
        "2018-02": {
            "month": "2018-02",
            "price": "14.91",
            "revenue": 688233
        },
        "2018-03": {
            "month": "2018-03",
            "price": "15.27",
            "revenue": 973455
        },
        "2018-04": {
            "month": "2018-04",
            "price": "13.34",
            "revenue": 934381
        },
        "2018-05": {
            "month": "2018-05",
            "price": "12.68",
            "revenue": 1022006
        },
        "2018-06": {
            "month": "2018-06",
            "price": "11.90",
            "revenue": 684043
        },
        "2018-07": {
            "month": "2018-07",
            "price": "9.51",
            "revenue": 718231
        },
        "2018-08": {
            "month": "2018-08",
            "price": "8.61",
            "revenue": 708180
        },
        "2018-09": {
            "month": "2018-09",
            "price": "10.31",
            "revenue": 687216
        },
        "2018-10": {
            "month": "2018-10",
            "price": "8.06",
            "revenue": 552178
        },
        "2018-11": {
            "month": "2018-11",
            "price": "7.83",
            "revenue": 571129
        },
        "2018-12": {
            "month": "2018-12",
            "price": "7.59",
            "revenue": 687985
        },
        "2019-01": {
            "month": "2019-01",
            "price": "7.63",
            "revenue": 892636
        },
        "2019-02": {
            "month": "2019-02",
            "price": "8.05",
            "revenue": 493350
        },
        "2019-03": {
            "month": "2019-03",
            "price": "7.62",
            "revenue": 855031
        },
        "2019-04": {
            "month": "2019-04",
            "price": "6.23",
            "revenue": 683229
        },
        "2019-05": {
            "month": "2019-05",
            "price": "7.68",
            "revenue": 790081
        },
        "2019-06": {
            "month": "2019-06",
            "price": "8.65",
            "revenue": 696063
        },
        "2019-07": {
            "month": "2019-07",
            "price": "8.43",
            "revenue": 654816
        },
        "2019-08": {
            "month": "2019-08",
            "price": "8.29",
            "revenue": 579974
        },
        "2019-09": {
            "month": "2019-09",
            "price": "8.33",
            "revenue": 745293
        },
        "2019-10": {
            "month": "2019-10",
            "price": "7.48",
            "revenue": 635149
        },
        "2019-11": {
            "month": "2019-11",
            "price": "7.14",
            "revenue": 663658
        },
        "2019-12": {
            "month": "2019-12",
            "price": "12.16",
            "revenue": 693108
        },
        "2020-01": {
            "month": "2020-01",
            "price": "12.63",
            "revenue": 720880
        },
        "2020-02": {
            "month": "2020-02",
            "price": "12.44",
            "revenue": 636467
        },
        "2020-03": {
            "month": "2020-03",
            "price": "10.08",
            "revenue": 740400
        },
        "2020-04": {
            "month": "2020-04",
            "price": "9.52",
            "revenue": 578717
        },
        "2020-05": {
            "month": "2020-05",
            "price": "9.80",
            "revenue": 595517
        },
        "2020-06": {
            "month": "2020-06",
            "price": "9.10",
            "revenue": 797891
        },
        "2020-07": {
            "month": "2020-07",
            "price": "8.86",
            "revenue": 809631
        },
        "2020-08": {
            "month": "2020-08",
            "price": "10.07",
            "revenue": 794184
        },
        "2020-09": {
            "month": "2020-09",
            "price": "15.63",
            "revenue": 1269535
        },
        "2020-10": {
            "month": "2020-10",
            "price": "23.79",
            "revenue": 865754
        },
        "2020-11": {
            "month": "2020-11",
            "price": "23.63",
            "revenue": 850356
        },
        "2020-12": {
            "month": "2020-12",
            "price": "22.33",
            "revenue": 891903
        },
        "2021-01": {
            "month": "2021-01",
            "price": "20.09",
            "revenue": 867672
        },
        "2021-02": {
            "month": "2021-02",
            "price": "19.32",
            "revenue": 634943
        },
        "2021-03": {
            "month": "2021-03",
            "price": "20.52",
            "revenue": 745571
        },
        "2021-04": {
            "month": "2021-04",
            "price": "20.97",
            "revenue": 706188
        },
        "2021-05": {
            "month": "2021-05",
            "price": "18.06",
            "revenue": 637566
        },
        "2021-06": {
            "month": "2021-06",
            "price": "20.14",
            "revenue": 672143
        },
        "2021-07": {
            "month": "2021-07",
            "price": "24.61",
            "revenue": 692289
        },
        "2021-08": {
            "month": "2021-08",
            "price": "23.68",
            "revenue": 613390
        },
        "2021-09": {
            "month": "2021-09",
            "price": "22.81",
            "revenue": 516702
        },
        "2021-10": {
            "month": "2021-10",
            "price": "24.08",
            "revenue": 796548
        },
        "2021-11": {
            "month": "2021-11",
            "price": "23.68",
            "revenue": 700643
        },
        "2021-12": {
            "month": "2021-12",
            "price": "31.71",
            "revenue": 765125
        },
        "2022-01": {
            "month": "2022-01",
            "price": "28.23",
            "revenue": 609278
        },
        "2022-02": {
            "month": "2022-02",
            "price": "25.17",
            "revenue": 580087
        },
        "2022-03": {
            "month": "2022-03",
            "price": "25.55",
            "revenue": 569386
        },
        "2022-04": {
            "month": "2022-04",
            "price": "24.57",
            "revenue": 591311
        },
        "2022-05": {
            "month": "2022-05",
            "price": "21.34",
            "revenue": 571325
        },
        "2022-06": {
            "month": "2022-06",
            "price": "22.05",
            "revenue": 730124
        },
        "2022-07": {
            "month": "2022-07",
            "price": "21.43",
            "revenue": 597781
        },
        "2022-08": {
            "month": "2022-08",
            "price": "21.89",
            "revenue": 505943
        },
        "2022-09": {
            "month": "2022-09",
            "price": "20.17",
            "revenue": 536940
        },
        "2022-10": {
            "month": "2022-10",
            "price": "17.13",
            "revenue": 517136
        },
        "2022-11": {
            "month": "2022-11",
            "price": "17.86",
            "revenue": 534458
        },
        "2022-12": {
            "month": "2022-12",
            "price": "19.45",
            "revenue": 636672
        },
        "2023-01": {
            "month": "2023-01",
            "price": "18.83",
            "revenue": 343386
        },
        "2023-02": {
            "month": "2023-02",
            "price": "19.74",
            "revenue": 356873
        },
        "2023-03": {
            "month": "2023-03",
            "price": "19.90",
            "revenue": 393618
        },
        "2023-04": {
            "month": "2023-04",
            "price": "19.66",
            "revenue": 340969
        }
    }
}
