{
    "summary": {
        "stock_name": "南亞科",
        "stock_id": "2408",
        "category": "半導體",
        "main_business": "電子零組件製造業<br>國際貿易業<br>其他顧問服務業",
        "website_url": "https://www.nanya.com",
        "ceo": "李培瑛",
        "pe_ratio": 34,
        "report_year_from": 2001,
        "report_year_to": 2023,
        "age": 22,
        "eps_negative_percentage": 39,
        "eps_growth_avg": {
            "last_all": -3.86,
            "last_2y": 13.87,
            "last_4y": -8.34,
            "last_8y": 13.11,
            "last_12y": 13.11,
            "last_16y": 10.73,
            "last_20y": -3.86,
            "at_2006_last_3y": -22.73,
            "at_2007_last_3y": -22.73,
            "at_2008_last_3y": -22.73,
            "at_2009_last_3y": 0,
            "at_2010_last_3y": -100,
            "at_2011_last_3y": null,
            "at_2012_last_3y": null,
            "at_2013_last_3y": null,
            "at_2014_last_3y": 100,
            "at_2015_last_3y": 37.73,
            "at_2016_last_3y": 32.55,
            "at_2017_last_3y": 39.92,
            "at_2018_last_3y": 12.82,
            "at_2019_last_3y": 0.23,
            "at_2020_last_3y": -10.83,
            "at_2021_last_3y": -1.34,
            "at_2022_last_3y": -8.32,
            "at_2023_last_3y": -8.32,
            "at_2006_last_all": -22.73,
            "at_2007_last_all": -42.05,
            "at_2008_last_all": -42.05,
            "at_2009_last_all": -42.05,
            "at_2010_last_all": -42.05,
            "at_2011_last_all": -42.05,
            "at_2012_last_all": -42.05,
            "at_2013_last_all": -42.05,
            "at_2014_last_all": -13.64,
            "at_2015_last_all": -15.45,
            "at_2016_last_all": -10.07,
            "at_2017_last_all": -1.06,
            "at_2018_last_all": -1.88,
            "at_2019_last_all": -9.18,
            "at_2020_last_all": -10.35,
            "at_2021_last_all": -1.15,
            "at_2022_last_all": -3.86,
            "at_2023_last_all": -3.86
        },
        "latest_eps": 2.06,
        "latest_price": 69.3,
        "latest_roe": 3.61,
        "latest_gross_margin": -8.63,
        "latest_equity": 172301376,
        "latest_revenue": 6424883,
        "latest_gross_profit": -554160,
        "latest_net_income": -1684687,
        "latest_debt_ratio": 12.87,
        "latest_current_ratio": 502.67,
        "latest_account_receivable_turnover_ratio": 1.64,
        "latest_inventory_turnover_ratio": 0.28,
        "latest_reinvestment_rate": -10.86,
        "latest_research_to_sale_ratio": 27.7
    },
    "eps_dividends": {
        "2001": {
            "cash": 0,
            "stock": 0,
            "eps": -4.14
        },
        "2002": {
            "cash": 0,
            "stock": 0,
            "eps": 0.85
        },
        "2003": {
            "cash": 0,
            "stock": 0,
            "eps": -0.47
        },
        "2004": {
            "cash": 0,
            "stock": 0,
            "eps": 1.98
        },
        "2005": {
            "cash": 1,
            "stock": 1,
            "eps": 0.63
        },
        "2006": {
            "cash": 0,
            "stock": 0,
            "eps": 4.56
        },
        "2007": {
            "cash": 3,
            "stock": 0,
            "eps": -2.87
        },
        "2008": {
            "cash": 0,
            "stock": 0,
            "eps": -7.86
        },
        "2009": {
            "cash": 0,
            "stock": 0,
            "eps": -6.98
        },
        "2010": {
            "cash": 0,
            "stock": 0,
            "eps": -3.98
        },
        "2011": {
            "cash": 0,
            "stock": 0,
            "eps": -7.91
        },
        "2012": {
            "cash": 0,
            "stock": 0,
            "eps": -2.06
        },
        "2013": {
            "cash": 0,
            "stock": 0,
            "eps": 0.34
        },
        "2014": {
            "cash": 0,
            "stock": 0,
            "eps": 9.37
        },
        "2015": {
            "cash": 2,
            "stock": 0,
            "eps": 7.07
        },
        "2016": {
            "cash": 3,
            "stock": 0,
            "eps": 8.64
        },
        "2017": {
            "cash": 2,
            "stock": 0,
            "eps": 14
        },
        "2018": {
            "cash": 4,
            "stock": 0,
            "eps": 12.82
        },
        "2019": {
            "cash": 7,
            "stock": 0,
            "eps": 3.22
        },
        "2020": {
            "cash": 2,
            "stock": 0,
            "eps": 2.51
        },
        "2021": {
            "cash": 1,
            "stock": 0,
            "eps": 7.4
        },
        "2022": {
            "cash": 4,
            "stock": 0,
            "eps": 4.71
        },
        "2023": {
            "cash": 2,
            "stock": 0,
            "eps": -0.54
        }
    },
    "dividends": {
        "2003-02-26": {
            "cash": 0,
            "stock": 0.3
        },
        "2005-02-25": {
            "cash": 0.5,
            "stock": 0.5
        },
        "2006-03-02": {
            "cash": 0.2,
            "stock": 0.2
        },
        "2007-04-09": {
            "cash": 3.3,
            "stock": 0.3
        },
        "2015-07-31": {
            "cash": 2,
            "stock": 0
        },
        "2016-08-12": {
            "cash": 2.8,
            "stock": 0
        },
        "2017-07-14": {
            "cash": 1.5,
            "stock": 0
        },
        "2018-07-20": {
            "cash": 3.62,
            "stock": 0
        },
        "2019-07-26": {
            "cash": 7.15,
            "stock": 0
        },
        "2020-07-24": {
            "cash": 1.51,
            "stock": 0
        },
        "2021-08-31": {
            "cash": 1.3,
            "stock": 0
        },
        "2022-07-26": {
            "cash": 3.7,
            "stock": 0
        },
        "2023-02-22": {
            "cash": 2.13,
            "stock": 0
        }
    },
    "prices": {
        "200101": "22.16",
        "200102": "25.90",
        "200103": "31.99",
        "200104": "33.52",
        "200105": "26.44",
        "200106": "22.60",
        "200107": "16.60",
        "200108": "15.07",
        "200109": "11.35",
        "200110": "8.77",
        "200111": "14.08",
        "200112": "28.60",
        "200201": "42.08",
        "200202": "48.21",
        "200203": "44.23",
        "200204": "42.16",
        "200205": "31.12",
        "200206": "33.16",
        "200207": "34.67",
        "200208": "32.54",
        "200209": "26.96",
        "200210": "24.03",
        "200211": "27.56",
        "200212": "22.94",
        "200301": "21.89",
        "200302": "19.31",
        "200303": "20.19",
        "200304": "21.14",
        "200305": "20.10",
        "200306": "25.61",
        "200307": "27.40",
        "200308": "27.41",
        "200309": "27.06",
        "200310": "23.55",
        "200311": "20.94",
        "200312": "20.87",
        "200401": "23.91",
        "200402": "23.98",
        "200403": "26.52",
        "200404": "29.00",
        "200405": "23.49",
        "200406": "24.15",
        "200407": "25.03",
        "200408": "23.08",
        "200409": "27.01",
        "200410": "26.97",
        "200411": "23.25",
        "200412": "24.07",
        "200501": "23.95",
        "200502": "23.65",
        "200503": "22.83",
        "200504": "21.18",
        "200505": "22.87",
        "200506": "24.09",
        "200507": "24.47",
        "200508": "22.92",
        "200509": "20.33",
        "200510": "17.93",
        "200511": "17.10",
        "200512": "18.41",
        "200601": "19.92",
        "200602": "20.63",
        "200603": "18.55",
        "200604": "19.97",
        "200605": "20.85",
        "200606": "19.65",
        "200607": "20.89",
        "200608": "21.87",
        "200609": "22.75",
        "200610": "22.86",
        "200611": "25.16",
        "200612": "26.37",
        "200701": "26.44",
        "200702": "25.39",
        "200703": "27.01",
        "200704": "28.53",
        "200705": "28.12",
        "200706": "29.20",
        "200707": "29.65",
        "200708": "25.09",
        "200709": "22.35",
        "200710": "21.52",
        "200711": "18.15",
        "200712": "17.85",
        "200801": "17.72",
        "200802": "17.58",
        "200803": "17.77",
        "200804": "19.02",
        "200805": "19.06",
        "200806": "15.83",
        "200807": "12.16",
        "200808": "11.03",
        "200809": "8.36",
        "200810": "7.05",
        "200811": "4.71",
        "200812": "5.35",
        "200901": "5.83",
        "200902": "6.54",
        "200903": "6.46",
        "200904": "8.04",
        "200905": "6.32",
        "200906": "5.47",
        "200907": "5.73",
        "200908": "9.74",
        "200909": "20.12",
        "200910": "21.72",
        "200911": "24.62",
        "200912": "25.13",
        "201001": "30.86",
        "201002": "25.05",
        "201003": "29.10",
        "201004": "29.31",
        "201005": "25.87",
        "201006": "25.92",
        "201007": "24.26",
        "201008": "21.85",
        "201009": "20.01",
        "201010": "18.90",
        "201011": "16.32",
        "201012": "16.42",
        "201101": "16.70",
        "201102": "17.40",
        "201103": "15.31",
        "201104": "15.09",
        "201105": "12.66",
        "201106": "9.86",
        "201107": "7.32",
        "201108": "4.93",
        "201109": "4.00",
        "201110": "3.60",
        "201111": "2.69",
        "201112": "2.13",
        "201201": "2.29",
        "201202": "3.48",
        "201203": "3.53",
        "201204": "2.84",
        "201205": "2.49",
        "201206": "2.50",
        "201207": "2.27",
        "201208": "1.90",
        "201209": "1.83",
        "201210": "1.54",
        "201211": "1.33",
        "201212": "2.16",
        "201301": "2.76",
        "201302": "2.81",
        "201303": "3.44",
        "201304": "4.85",
        "201305": "5.75",
        "201306": "5.99",
        "201307": "4.93",
        "201308": "3.77",
        "201309": "4.20",
        "201310": "4.32",
        "201311": "4.12",
        "201312": "3.90",
        "201401": "5.26",
        "201402": "5.02",
        "201403": "3.95",
        "201404": "4.42",
        "201405": "6.08",
        "201406": "7.55",
        "201407": "8.21",
        "201408": "7.73",
        "201409": "64.64",
        "201410": "58.74",
        "201411": "68.22",
        "201412": "72.70",
        "201501": "78.52",
        "201502": "77.93",
        "201503": "78.38",
        "201504": "72.02",
        "201505": "64.28",
        "201506": "60.79",
        "201507": "38.60",
        "201508": "37.21",
        "201509": "41.69",
        "201510": "39.63",
        "201511": "38.65",
        "201512": "44.92",
        "201601": "41.63",
        "201602": "39.53",
        "201603": "40.63",
        "201604": "38.42",
        "201605": "38.77",
        "201606": "38.22",
        "201607": "39.05",
        "201608": "37.07",
        "201609": "38.82",
        "201610": "40.22",
        "201611": "40.82",
        "201612": "46.95",
        "201701": "47.71",
        "201702": "46.39",
        "201703": "46.58",
        "201704": "47.38",
        "201705": "50.63",
        "201706": "53.02",
        "201707": "59.06",
        "201708": "62.63",
        "201709": "74.44",
        "201710": "86.39",
        "201711": "84.14",
        "201712": "76.57",
        "201801": "80.78",
        "201802": "77.47",
        "201803": "88.87",
        "201804": "92.06",
        "201805": "96.80",
        "201806": "93.42",
        "201807": "81.92",
        "201808": "70.78",
        "201809": "60.75",
        "201810": "52.19",
        "201811": "56.40",
        "201812": "55.20",
        "201901": "55.47",
        "201902": "60.80",
        "201903": "61.13",
        "201904": "63.30",
        "201905": "62.18",
        "201906": "61.66",
        "201907": "68.30",
        "201908": "70.91",
        "201909": "79.18",
        "201910": "73.87",
        "201911": "70.87",
        "201912": "80.00",
        "202001": "83.24",
        "202002": "83.73",
        "202003": "61.89",
        "202004": "60.80",
        "202005": "61.41",
        "202006": "61.32",
        "202007": "60.56",
        "202008": "54.32",
        "202009": "54.38",
        "202010": "60.05",
        "202011": "64.82",
        "202012": "85.44",
        "202101": "87.20",
        "202102": "91.75",
        "202103": "91.49",
        "202104": "97.54",
        "202105": "78.69",
        "202106": "79.22",
        "202107": "76.03",
        "202108": "68.74",
        "202109": "65.52",
        "202110": "63.28",
        "202111": "70.57",
        "202112": "76.80",
        "202201": "74.29",
        "202202": "79.07",
        "202203": "74.40",
        "202204": "65.48",
        "202205": "65.83",
        "202206": "61.39",
        "202207": "51.11",
        "202208": "52.99",
        "202209": "49.27",
        "202210": "53.12",
        "202211": "58.11",
        "202212": "53.58",
        "202301": "56.36",
        "202302": "58.88",
        "202303": "59.83",
        "202304": "66.56",
        "202305": "65.78"
    },
    "quarters": {
        "20011": {
            "year_quarter": 20011,
            "year": 2001,
            "quarter": 1,
            "eps": -0.74,
            "eps_growth_year": -421.74,
            "eps_4q": -0.29,
            "eps_4q_growth_year": -134.21,
            "roe": -4.84,
            "roe_4q": -4.84,
            "gross_profit": -1761761,
            "gross_margin": -57,
            "gross_margin_4q_avg": -57,
            "net_income": -1665577,
            "revenue": 3090816,
            "common_shares": 22500000,
            "book_valuer_per_share": 14.91,
            "book_valuer_per_share_4q_avg": 14.91,
            "equity": 33548299,
            "current_ratio": 115.91,
            "debt_ratio": 56.97,
            "inventory_turnover_ratio": 0.8,
            "account_receivable_turnover_ratio": null,
            "reinvestment_rate": null,
            "research_to_sale_ratio": null,
            "price_fair": 0,
            "eps_avg_yearly": 0,
            "eps_latest_yearly": 0,
            "eps_growth_yearly": 0
        },
        "20012": {
            "year_quarter": 20012,
            "year": 2001,
            "quarter": 2,
            "eps": -0.95,
            "eps_growth_year": -387.88,
            "eps_4q": -1.58,
            "eps_4q_growth_year": -261.61,
            "roe": -6.61,
            "roe_4q": -11.45,
            "gross_profit": -1113854,
            "gross_margin": -38.37,
            "gross_margin_4q_avg": -47.69,
            "net_income": -2147882,
            "revenue": 2902774,
            "common_shares": 22500000,
            "book_valuer_per_share": 13.96,
            "book_valuer_per_share_4q_avg": 14.44,
            "equity": 31399008,
            "current_ratio": 80.3,
            "debt_ratio": 58.43,
            "inventory_turnover_ratio": 0.68,
            "account_receivable_turnover_ratio": null,
            "reinvestment_rate": null,
            "research_to_sale_ratio": null,
            "price_fair": 0,
            "eps_avg_yearly": 0,
            "eps_latest_yearly": 0,
            "eps_growth_yearly": 0
        },
        "20013": {
            "year_quarter": 20013,
            "year": 2001,
            "quarter": 3,
            "eps": -1.64,
            "eps_growth_year": -297.59,
            "eps_4q": -3.34,
            "eps_4q_growth_year": -291.36,
            "roe": -11.37,
            "roe_4q": -22.82,
            "gross_profit": -2650277,
            "gross_margin": -125.36,
            "gross_margin_4q_avg": -73.58,
            "net_income": -3782017,
            "revenue": 2114211,
            "common_shares": 27500000,
            "book_valuer_per_share": 12.77,
            "book_valuer_per_share_4q_avg": 13.88,
            "equity": 35116718,
            "current_ratio": 104.51,
            "debt_ratio": 53.7,
            "inventory_turnover_ratio": 0.79,
            "account_receivable_turnover_ratio": null,
            "reinvestment_rate": null,
            "research_to_sale_ratio": null,
            "price_fair": 0,
            "eps_avg_yearly": 0,
            "eps_latest_yearly": 0,
            "eps_growth_yearly": 0
        },
        "20014": {
            "year_quarter": 20014,
            "year": 2001,
            "quarter": 4,
            "eps": -0.81,
            "eps_growth_year": null,
            "eps_4q": -3.93,
            "eps_4q_growth_year": -677.94,
            "roe": -5.82,
            "roe_4q": -28.639999999999997,
            "gross_profit": -3043709,
            "gross_margin": -83.74,
            "gross_margin_4q_avg": -76.12,
            "net_income": -1985727,
            "revenue": 3634503,
            "common_shares": 27500000,
            "book_valuer_per_share": 12.05,
            "book_valuer_per_share_4q_avg": 13.42,
            "equity": 33135948,
            "current_ratio": 108.49,
            "debt_ratio": 56.79,
            "inventory_turnover_ratio": 1.09,
            "account_receivable_turnover_ratio": null,
            "reinvestment_rate": null,
            "research_to_sale_ratio": null,
            "price_fair": 0,
            "eps_avg_yearly": 0,
            "eps_latest_yearly": 0,
            "eps_growth_yearly": 0
        },
        "20021": {
            "year_quarter": 20021,
            "year": 2002,
            "quarter": 1,
            "eps": 0.55,
            "eps_growth_year": null,
            "eps_4q": -2.36,
            "eps_4q_growth_year": null,
            "roe": 4.46,
            "roe_4q": -19.34,
            "gross_profit": 2887847,
            "gross_margin": 37.14,
            "gross_margin_4q_avg": -52.58,
            "net_income": 1497441,
            "revenue": 7774830,
            "common_shares": 27500000,
            "book_valuer_per_share": 12.36,
            "book_valuer_per_share_4q_avg": 12.79,
            "equity": 33986138,
            "current_ratio": 162.07,
            "debt_ratio": 56.68,
            "inventory_turnover_ratio": 0.74,
            "account_receivable_turnover_ratio": null,
            "reinvestment_rate": null,
            "research_to_sale_ratio": null,
            "price_fair": 0,
            "eps_avg_yearly": 0,
            "eps_latest_yearly": 0,
            "eps_growth_yearly": 0
        },
        "20022": {
            "year_quarter": 20022,
            "year": 2002,
            "quarter": 2,
            "eps": -0.47,
            "eps_growth_year": null,
            "eps_4q": -2.02,
            "eps_4q_growth_year": null,
            "roe": -3.85,
            "roe_4q": -16.58,
            "gross_profit": -375045,
            "gross_margin": -6.72,
            "gross_margin_4q_avg": -44.67,
            "net_income": -1284606,
            "revenue": 5579063,
            "common_shares": 27500000,
            "book_valuer_per_share": 11.89,
            "book_valuer_per_share_4q_avg": 12.27,
            "equity": 32704869,
            "current_ratio": 139.53,
            "debt_ratio": 57.24,
            "inventory_turnover_ratio": 0.89,
            "account_receivable_turnover_ratio": null,
            "reinvestment_rate": null,
            "research_to_sale_ratio": null,
            "price_fair": 0,
            "eps_avg_yearly": 0,
            "eps_latest_yearly": 0,
            "eps_growth_yearly": 0
        },
        "20023": {
            "year_quarter": 20023,
            "year": 2002,
            "quarter": 3,
            "eps": 0.21,
            "eps_growth_year": null,
            "eps_4q": -0.43,
            "eps_4q_growth_year": null,
            "roe": 1.78,
            "roe_4q": -3.4300000000000006,
            "gross_profit": 1553813,
            "gross_margin": 19.72,
            "gross_margin_4q_avg": -8.4,
            "net_income": 586163,
            "revenue": 7878360,
            "common_shares": 27500000,
            "book_valuer_per_share": 12.11,
            "book_valuer_per_share_4q_avg": 12.1,
            "equity": 33290604,
            "current_ratio": 148.73,
            "debt_ratio": 56.84,
            "inventory_turnover_ratio": 0.96,
            "account_receivable_turnover_ratio": null,
            "reinvestment_rate": null,
            "research_to_sale_ratio": null,
            "price_fair": 0,
            "eps_avg_yearly": 0,
            "eps_latest_yearly": 0,
            "eps_growth_yearly": 0
        },
        "20024": {
            "year_quarter": 20024,
            "year": 2002,
            "quarter": 4,
            "eps": 0.56,
            "eps_growth_year": null,
            "eps_4q": 0.85,
            "eps_4q_growth_year": null,
            "roe": 4.04,
            "roe_4q": 6.43,
            "gross_profit": 2742496,
            "gross_margin": 31.12,
            "gross_margin_4q_avg": 20.32,
            "net_income": 1532030,
            "revenue": 8811305,
            "common_shares": 31000000,
            "book_valuer_per_share": 13.72,
            "book_valuer_per_share_4q_avg": 12.52,
            "equity": 42522284,
            "current_ratio": 161.19,
            "debt_ratio": 48.53,
            "inventory_turnover_ratio": 0.93,
            "account_receivable_turnover_ratio": null,
            "reinvestment_rate": null,
            "research_to_sale_ratio": null,
            "price_fair": 78.4,
            "eps_avg_yearly": 2.24,
            "eps_latest_yearly": 2.24,
            "eps_growth_yearly": 666.67
        },
        "20031": {
            "year_quarter": 20031,
            "year": 2003,
            "quarter": 1,
            "eps": -0.3,
            "eps_growth_year": -154.55,
            "eps_4q": -0.03,
            "eps_4q_growth_year": null,
            "roe": -2.2,
            "roe_4q": -0.22999999999999998,
            "gross_profit": 244872,
            "gross_margin": 4.2,
            "gross_margin_4q_avg": 12.08,
            "net_income": -927087,
            "revenue": 5829286,
            "common_shares": 31000000,
            "book_valuer_per_share": 13.42,
            "book_valuer_per_share_4q_avg": 12.79,
            "equity": 41594672,
            "current_ratio": 168.14,
            "debt_ratio": 47.68,
            "inventory_turnover_ratio": 0.9,
            "account_receivable_turnover_ratio": null,
            "reinvestment_rate": null,
            "research_to_sale_ratio": null,
            "price_fair": 78.4,
            "eps_avg_yearly": 2.24,
            "eps_latest_yearly": 2.24,
            "eps_growth_yearly": 666.67
        },
        "20032": {
            "year_quarter": 20032,
            "year": 2003,
            "quarter": 2,
            "eps": -0.31,
            "eps_growth_year": null,
            "eps_4q": 0.07,
            "eps_4q_growth_year": null,
            "roe": -2.37,
            "roe_4q": 1.2499999999999998,
            "gross_profit": 456977,
            "gross_margin": 7.47,
            "gross_margin_4q_avg": 15.63,
            "net_income": -974137,
            "revenue": 6116941,
            "common_shares": 31000000,
            "book_valuer_per_share": 13.1,
            "book_valuer_per_share_4q_avg": 13.09,
            "equity": 40612458,
            "current_ratio": 171.85,
            "debt_ratio": 48.24,
            "inventory_turnover_ratio": 0.97,
            "account_receivable_turnover_ratio": null,
            "reinvestment_rate": null,
            "research_to_sale_ratio": null,
            "price_fair": 78.4,
            "eps_avg_yearly": 2.24,
            "eps_latest_yearly": 2.24,
            "eps_growth_yearly": 666.67
        },
        "20033": {
            "year_quarter": 20033,
            "year": 2003,
            "quarter": 3,
            "eps": -0.05,
            "eps_growth_year": -123.81,
            "eps_4q": -0.15,
            "eps_4q_growth_year": null,
            "roe": -0.38,
            "roe_4q": -0.9100000000000001,
            "gross_profit": 1819506,
            "gross_margin": 22.25,
            "gross_margin_4q_avg": 16.26,
            "net_income": -168461,
            "revenue": 8177173,
            "common_shares": 35211758,
            "book_valuer_per_share": 13.71,
            "book_valuer_per_share_4q_avg": 13.49,
            "equity": 48270772,
            "current_ratio": 207.78,
            "debt_ratio": 43.6,
            "inventory_turnover_ratio": 1.12,
            "account_receivable_turnover_ratio": null,
            "reinvestment_rate": null,
            "research_to_sale_ratio": null,
            "price_fair": 78.4,
            "eps_avg_yearly": 2.24,
            "eps_latest_yearly": 2.24,
            "eps_growth_yearly": 666.67
        },
        "20034": {
            "year_quarter": 20034,
            "year": 2003,
            "quarter": 4,
            "eps": 0.19,
            "eps_growth_year": -66.07,
            "eps_4q": -0.44,
            "eps_4q_growth_year": -151.93,
            "roe": 1.28,
            "roe_4q": -3.6700000000000004,
            "gross_profit": 1944322,
            "gross_margin": 23.41,
            "gross_margin_4q_avg": 14.33,
            "net_income": 621785,
            "revenue": 8305113,
            "common_shares": 35463288,
            "book_valuer_per_share": 13.87,
            "book_valuer_per_share_4q_avg": 13.53,
            "equity": 49176041,
            "current_ratio": 126.41,
            "debt_ratio": 42.02,
            "inventory_turnover_ratio": 1.15,
            "account_receivable_turnover_ratio": null,
            "reinvestment_rate": null,
            "research_to_sale_ratio": null,
            "price_fair": 78.4,
            "eps_avg_yearly": 2.24,
            "eps_latest_yearly": 2.24,
            "eps_growth_yearly": 666.67
        },
        "20041": {
            "year_quarter": 20041,
            "year": 2004,
            "quarter": 1,
            "eps": 0.28,
            "eps_growth_year": null,
            "eps_4q": 0.13,
            "eps_4q_growth_year": null,
            "roe": 2.02,
            "roe_4q": 0.5499999999999998,
            "gross_profit": 2621857,
            "gross_margin": 30.7,
            "gross_margin_4q_avg": 20.96,
            "net_income": 1005110,
            "revenue": 8540810,
            "common_shares": 35646868,
            "book_valuer_per_share": 14.13,
            "book_valuer_per_share_4q_avg": 13.7,
            "equity": 50367014,
            "current_ratio": 172.56,
            "debt_ratio": 47.86,
            "inventory_turnover_ratio": 1.11,
            "account_receivable_turnover_ratio": null,
            "reinvestment_rate": null,
            "research_to_sale_ratio": null,
            "price_fair": 58.8,
            "eps_avg_yearly": 1.68,
            "eps_latest_yearly": 1.12,
            "eps_growth_yearly": 428.07
        },
        "20042": {
            "year_quarter": 20042,
            "year": 2004,
            "quarter": 2,
            "eps": 0.85,
            "eps_growth_year": null,
            "eps_4q": 1.26,
            "eps_4q_growth_year": 1703.56,
            "roe": 5.79,
            "roe_4q": 8.709999999999999,
            "gross_profit": 4509608,
            "gross_margin": 43.06,
            "gross_margin_4q_avg": 29.86,
            "net_income": 3006629,
            "revenue": 10472677,
            "common_shares": 35729698,
            "book_valuer_per_share": 14.97,
            "book_valuer_per_share_4q_avg": 14.17,
            "equity": 53483120,
            "current_ratio": 168.71,
            "debt_ratio": 45.87,
            "inventory_turnover_ratio": 1.12,
            "account_receivable_turnover_ratio": null,
            "reinvestment_rate": null,
            "research_to_sale_ratio": null,
            "price_fair": 78.87,
            "eps_avg_yearly": 2.25,
            "eps_latest_yearly": 3.4,
            "eps_growth_yearly": 556.81
        },
        "20043": {
            "year_quarter": 20043,
            "year": 2004,
            "quarter": 3,
            "eps": 0.61,
            "eps_growth_year": null,
            "eps_4q": 1.92,
            "eps_4q_growth_year": null,
            "roe": 3.96,
            "roe_4q": 13.049999999999999,
            "gross_profit": 4031984,
            "gross_margin": 38.31,
            "gross_margin_4q_avg": 33.87,
            "net_income": 2159262,
            "revenue": 10524503,
            "common_shares": 35753588,
            "book_valuer_per_share": 15.57,
            "book_valuer_per_share_4q_avg": 14.64,
            "equity": 55676923,
            "current_ratio": 184.98,
            "debt_ratio": 43.64,
            "inventory_turnover_ratio": 1.14,
            "account_receivable_turnover_ratio": null,
            "reinvestment_rate": null,
            "research_to_sale_ratio": null,
            "price_fair": 80.5,
            "eps_avg_yearly": 2.3,
            "eps_latest_yearly": 2.44,
            "eps_growth_yearly": 389.37
        },
        "20044": {
            "year_quarter": 20044,
            "year": 2004,
            "quarter": 4,
            "eps": 0.24,
            "eps_growth_year": 26.32,
            "eps_4q": 1.95,
            "eps_4q_growth_year": null,
            "roe": 1.54,
            "roe_4q": 13.309999999999999,
            "gross_profit": 2791874,
            "gross_margin": 25.42,
            "gross_margin_4q_avg": 34.37,
            "net_income": 866861,
            "revenue": 10982976,
            "common_shares": 35871608,
            "book_valuer_per_share": 15.81,
            "book_valuer_per_share_4q_avg": 15.12,
            "equity": 56718004,
            "current_ratio": 108.38,
            "debt_ratio": 40.36,
            "inventory_turnover_ratio": 1.26,
            "account_receivable_turnover_ratio": null,
            "reinvestment_rate": null,
            "research_to_sale_ratio": null,
            "price_fair": 71.12,
            "eps_avg_yearly": 2.03,
            "eps_latest_yearly": 0.96,
            "eps_growth_yearly": 262.97
        },
        "20051": {
            "year_quarter": 20051,
            "year": 2005,
            "quarter": 1,
            "eps": 0.28,
            "eps_growth_year": 0,
            "eps_4q": 1.98,
            "eps_4q_growth_year": 1369.17,
            "roe": 1.73,
            "roe_4q": 13.02,
            "gross_profit": 1708747,
            "gross_margin": 15.8,
            "gross_margin_4q_avg": 30.65,
            "net_income": 992393,
            "revenue": 10816685,
            "common_shares": 36139188,
            "book_valuer_per_share": 16.06,
            "book_valuer_per_share_4q_avg": 15.6,
            "equity": 58035689,
            "current_ratio": 111.29,
            "debt_ratio": 41.33,
            "inventory_turnover_ratio": 1.24,
            "account_receivable_turnover_ratio": null,
            "reinvestment_rate": -1059.59,
            "research_to_sale_ratio": null,
            "price_fair": 65.8,
            "eps_avg_yearly": 1.88,
            "eps_latest_yearly": 1.12,
            "eps_growth_yearly": 230.25
        },
        "20052": {
            "year_quarter": 20052,
            "year": 2005,
            "quarter": 2,
            "eps": -0.26,
            "eps_growth_year": -130.59,
            "eps_4q": 0.84,
            "eps_4q_growth_year": -33.21,
            "roe": -1.72,
            "roe_4q": 5.51,
            "gross_profit": 78151,
            "gross_margin": 0.75,
            "gross_margin_4q_avg": 20.07,
            "net_income": -971672,
            "revenue": 10384508,
            "common_shares": 36139188,
            "book_valuer_per_share": 15.28,
            "book_valuer_per_share_4q_avg": 15.68,
            "equity": 55217432,
            "current_ratio": 106.92,
            "debt_ratio": 43.96,
            "inventory_turnover_ratio": 1.38,
            "account_receivable_turnover_ratio": null,
            "reinvestment_rate": -623.96,
            "research_to_sale_ratio": null,
            "price_fair": 65.8,
            "eps_avg_yearly": 1.88,
            "eps_latest_yearly": 1.12,
            "eps_growth_yearly": 230.25
        },
        "20053": {
            "year_quarter": 20053,
            "year": 2005,
            "quarter": 3,
            "eps": 0.53,
            "eps_growth_year": -13.11,
            "eps_4q": 0.76,
            "eps_4q_growth_year": -60.22,
            "roe": 3.58,
            "roe_4q": 5.13,
            "gross_profit": 3027826,
            "gross_margin": 21.18,
            "gross_margin_4q_avg": 15.79,
            "net_income": 2015859,
            "revenue": 14296961,
            "common_shares": 38215103,
            "book_valuer_per_share": 15,
            "book_valuer_per_share_4q_avg": 15.54,
            "equity": 57326801,
            "current_ratio": 144.61,
            "debt_ratio": 45.77,
            "inventory_turnover_ratio": 1.56,
            "account_receivable_turnover_ratio": null,
            "reinvestment_rate": -180.39,
            "research_to_sale_ratio": null,
            "price_fair": 65.8,
            "eps_avg_yearly": 1.88,
            "eps_latest_yearly": 1.12,
            "eps_growth_yearly": 230.25
        },
        "20054": {
            "year_quarter": 20054,
            "year": 2005,
            "quarter": 4,
            "eps": 0.08,
            "eps_growth_year": -66.67,
            "eps_4q": 0.64,
            "eps_4q_growth_year": -67.21,
            "roe": 0.51,
            "roe_4q": 4.1,
            "gross_profit": 2635831,
            "gross_margin": 18.47,
            "gross_margin_4q_avg": 14.05,
            "net_income": 291545,
            "revenue": 14273428,
            "common_shares": 38308204,
            "book_valuer_per_share": 15.02,
            "book_valuer_per_share_4q_avg": 15.34,
            "equity": 57524298,
            "current_ratio": 204.19,
            "debt_ratio": 42.85,
            "inventory_turnover_ratio": 1.68,
            "account_receivable_turnover_ratio": null,
            "reinvestment_rate": -155.62,
            "research_to_sale_ratio": null,
            "price_fair": 58,
            "eps_avg_yearly": 1.66,
            "eps_latest_yearly": 0.32,
            "eps_growth_yearly": 148.84
        },
        "20061": {
            "year_quarter": 20061,
            "year": 2006,
            "quarter": 1,
            "eps": 0.55,
            "eps_growth_year": 96.43,
            "eps_4q": 0.91,
            "eps_4q_growth_year": -54.1,
            "roe": 3.5,
            "roe_4q": 5.87,
            "gross_profit": 3575844,
            "gross_margin": 24.05,
            "gross_margin_4q_avg": 16.11,
            "net_income": 2041315,
            "revenue": 14866207,
            "common_shares": 38482953,
            "book_valuer_per_share": 15.34,
            "book_valuer_per_share_4q_avg": 15.16,
            "equity": 59026598,
            "current_ratio": 255.06,
            "debt_ratio": 38.85,
            "inventory_turnover_ratio": 1.71,
            "account_receivable_turnover_ratio": null,
            "reinvestment_rate": -131.14,
            "research_to_sale_ratio": null,
            "price_fair": 60.38,
            "eps_avg_yearly": 1.73,
            "eps_latest_yearly": 2.2,
            "eps_growth_yearly": 423.99
        },
        "20062": {
            "year_quarter": 20062,
            "year": 2006,
            "quarter": 2,
            "eps": 0.97,
            "eps_growth_year": null,
            "eps_4q": 2.1,
            "eps_4q_growth_year": 149.39,
            "roe": 6.04,
            "roe_4q": 13.629999999999999,
            "gross_profit": 4981897,
            "gross_margin": 28.44,
            "gross_margin_4q_avg": 23.04,
            "net_income": 3724550,
            "revenue": 17518197,
            "common_shares": 38482953,
            "book_valuer_per_share": 16.69,
            "book_valuer_per_share_4q_avg": 15.51,
            "equity": 64209429,
            "current_ratio": 235.13,
            "debt_ratio": 36.81,
            "inventory_turnover_ratio": 1.87,
            "account_receivable_turnover_ratio": null,
            "reinvestment_rate": -87.85,
            "research_to_sale_ratio": null,
            "price_fair": 68.76,
            "eps_avg_yearly": 1.96,
            "eps_latest_yearly": 3.88,
            "eps_growth_yearly": 410.82
        },
        "20063": {
            "year_quarter": 20063,
            "year": 2006,
            "quarter": 3,
            "eps": 1.35,
            "eps_growth_year": 154.72,
            "eps_4q": 2.93,
            "eps_4q_growth_year": 284.02,
            "roe": 7.74,
            "roe_4q": 17.790000000000003,
            "gross_profit": 6541971,
            "gross_margin": 32.07,
            "gross_margin_4q_avg": 25.76,
            "net_income": 5170975,
            "revenue": 20401656,
            "common_shares": 39472673,
            "book_valuer_per_share": 17.56,
            "book_valuer_per_share_4q_avg": 16.15,
            "equity": 69326925,
            "current_ratio": 260.17,
            "debt_ratio": 35.06,
            "inventory_turnover_ratio": 2.19,
            "account_receivable_turnover_ratio": null,
            "reinvestment_rate": -62.57,
            "research_to_sale_ratio": null,
            "price_fair": 80.78,
            "eps_avg_yearly": 2.31,
            "eps_latest_yearly": 5.4,
            "eps_growth_yearly": 385.41
        },
        "20064": {
            "year_quarter": 20064,
            "year": 2006,
            "quarter": 4,
            "eps": 1.69,
            "eps_growth_year": 2012.5,
            "eps_4q": 4.55,
            "eps_4q_growth_year": 612.2,
            "roe": 8.82,
            "roe_4q": 26.1,
            "gross_profit": 8392212,
            "gross_margin": 37.58,
            "gross_margin_4q_avg": 30.54,
            "net_income": 6463131,
            "revenue": 22328771,
            "common_shares": 39472674,
            "book_valuer_per_share": 19.55,
            "book_valuer_per_share_4q_avg": 17.29,
            "equity": 77172536,
            "current_ratio": 440.43,
            "debt_ratio": 43.01,
            "inventory_turnover_ratio": 2.35,
            "account_receivable_turnover_ratio": null,
            "reinvestment_rate": -51.61,
            "research_to_sale_ratio": null,
            "price_fair": 96.6,
            "eps_avg_yearly": 2.76,
            "eps_latest_yearly": 6.76,
            "eps_growth_yearly": 328.81
        },
        "20071": {
            "year_quarter": 20071,
            "year": 2007,
            "quarter": 1,
            "eps": 0.84,
            "eps_growth_year": 52.73,
            "eps_4q": 4.76,
            "eps_4q_growth_year": 422.89,
            "roe": 4.12,
            "roe_4q": 26.72,
            "gross_profit": 3866806,
            "gross_margin": 22.59,
            "gross_margin_4q_avg": 30.17,
            "net_income": 3293032,
            "revenue": 17114953,
            "common_shares": 39674333,
            "book_valuer_per_share": 20.81,
            "book_valuer_per_share_4q_avg": 18.65,
            "equity": 82554548,
            "current_ratio": 349.97,
            "debt_ratio": 42.31,
            "inventory_turnover_ratio": 2.32,
            "account_receivable_turnover_ratio": null,
            "reinvestment_rate": -23.99,
            "research_to_sale_ratio": null,
            "price_fair": 98.51,
            "eps_avg_yearly": 2.81,
            "eps_latest_yearly": 3.36,
            "eps_growth_yearly": 280.63
        },
        "20072": {
            "year_quarter": 20072,
            "year": 2007,
            "quarter": 2,
            "eps": -0.69,
            "eps_growth_year": -171.13,
            "eps_4q": 3.03,
            "eps_4q_growth_year": 44.25,
            "roe": -3.81,
            "roe_4q": 16.87,
            "gross_profit": -593847,
            "gross_margin": -4.95,
            "gross_margin_4q_avg": 21.82,
            "net_income": -2826106,
            "revenue": 12003347,
            "common_shares": 39899464,
            "book_valuer_per_share": 16.49,
            "book_valuer_per_share_4q_avg": 18.6,
            "equity": 65783917,
            "current_ratio": 139.2,
            "debt_ratio": 56.35,
            "inventory_turnover_ratio": 2.42,
            "account_receivable_turnover_ratio": null,
            "reinvestment_rate": 52.05,
            "research_to_sale_ratio": null,
            "price_fair": 98.51,
            "eps_avg_yearly": 2.81,
            "eps_latest_yearly": 3.36,
            "eps_growth_yearly": 280.63
        },
        "20073": {
            "year_quarter": 20073,
            "year": 2007,
            "quarter": 3,
            "eps": -0.4,
            "eps_growth_year": -129.63,
            "eps_4q": 1.13,
            "eps_4q_growth_year": -61.57,
            "roe": -2.33,
            "roe_4q": 6.8,
            "gross_profit": 251935,
            "gross_margin": 1.88,
            "gross_margin_4q_avg": 14.28,
            "net_income": -1660242,
            "revenue": 13402545,
            "common_shares": 46782560,
            "book_valuer_per_share": 16.34,
            "book_valuer_per_share_4q_avg": 18.3,
            "equity": 76445777,
            "current_ratio": 133,
            "debt_ratio": 48.85,
            "inventory_turnover_ratio": 2.42,
            "account_receivable_turnover_ratio": null,
            "reinvestment_rate": 137.21,
            "research_to_sale_ratio": null,
            "price_fair": 98.51,
            "eps_avg_yearly": 2.81,
            "eps_latest_yearly": 3.36,
            "eps_growth_yearly": 280.63
        },
        "20074": {
            "year_quarter": 20074,
            "year": 2007,
            "quarter": 4,
            "eps": -2.62,
            "eps_growth_year": -255.03,
            "eps_4q": -2.89,
            "eps_4q_growth_year": -163.52,
            "roe": -15.9,
            "roe_4q": -17.919999999999998,
            "gross_profit": -3103104,
            "gross_margin": -29.91,
            "gross_margin_4q_avg": -2.6,
            "net_income": -11264656,
            "revenue": 10373347,
            "common_shares": 46935385,
            "book_valuer_per_share": 13.91,
            "book_valuer_per_share_4q_avg": 16.89,
            "equity": 65285935,
            "current_ratio": 65.36,
            "debt_ratio": 52.47,
            "inventory_turnover_ratio": 2.29,
            "account_receivable_turnover_ratio": null,
            "reinvestment_rate": 258.99,
            "research_to_sale_ratio": null,
            "price_fair": 98.51,
            "eps_avg_yearly": 2.81,
            "eps_latest_yearly": 3.36,
            "eps_growth_yearly": 280.63
        },
        "20081": {
            "year_quarter": 20081,
            "year": 2008,
            "quarter": 1,
            "eps": -1.88,
            "eps_growth_year": -323.81,
            "eps_4q": -5.25,
            "eps_4q_growth_year": -210.38,
            "roe": -14.45,
            "roe_4q": -36.49,
            "gross_profit": -5110454,
            "gross_margin": -54.71,
            "gross_margin_4q_avg": -21.92,
            "net_income": -8783040,
            "revenue": 9341482,
            "common_shares": 46952725,
            "book_valuer_per_share": 11.99,
            "book_valuer_per_share_4q_avg": 14.68,
            "equity": 56299341,
            "current_ratio": 92.71,
            "debt_ratio": 59.07,
            "inventory_turnover_ratio": 2.65,
            "account_receivable_turnover_ratio": null,
            "reinvestment_rate": 712.02,
            "research_to_sale_ratio": null,
            "price_fair": 104.44,
            "eps_avg_yearly": 2.98,
            "eps_latest_yearly": 3.36,
            "eps_growth_yearly": 289.75
        },
        "20082": {
            "year_quarter": 20082,
            "year": 2008,
            "quarter": 2,
            "eps": -1.56,
            "eps_growth_year": null,
            "eps_4q": -6.17,
            "eps_4q_growth_year": -303.59,
            "roe": -13.84,
            "roe_4q": -46.519999999999996,
            "gross_profit": -2850468,
            "gross_margin": -30.25,
            "gross_margin_4q_avg": -28.25,
            "net_income": -7291763,
            "revenue": 9421888,
            "common_shares": 46964995,
            "book_valuer_per_share": 10.44,
            "book_valuer_per_share_4q_avg": 13.17,
            "equity": 49052702,
            "current_ratio": 83.17,
            "debt_ratio": 63.45,
            "inventory_turnover_ratio": 2.08,
            "account_receivable_turnover_ratio": null,
            "reinvestment_rate": null,
            "research_to_sale_ratio": null,
            "price_fair": 102.82,
            "eps_avg_yearly": 2.94,
            "eps_latest_yearly": 3.36,
            "eps_growth_yearly": 231.47
        },
        "20083": {
            "year_quarter": 20083,
            "year": 2008,
            "quarter": 3,
            "eps": -1.88,
            "eps_growth_year": null,
            "eps_4q": -7.68,
            "eps_4q_growth_year": -782.08,
            "roe": -19.66,
            "roe_4q": -63.85,
            "gross_profit": -4212189,
            "gross_margin": -35.5,
            "gross_margin_4q_avg": -37.59,
            "net_income": -8768630,
            "revenue": 11866746,
            "common_shares": 46995735,
            "book_valuer_per_share": 8.54,
            "book_valuer_per_share_4q_avg": 11.22,
            "equity": 40147471,
            "current_ratio": 67.36,
            "debt_ratio": 69.51,
            "inventory_turnover_ratio": 2.46,
            "account_receivable_turnover_ratio": null,
            "reinvestment_rate": null,
            "research_to_sale_ratio": null,
            "price_fair": 105,
            "eps_avg_yearly": 3,
            "eps_latest_yearly": 3.36,
            "eps_growth_yearly": 274.52
        },
        "20084": {
            "year_quarter": 20084,
            "year": 2008,
            "quarter": 4,
            "eps": -2.54,
            "eps_growth_year": null,
            "eps_4q": -7.86,
            "eps_4q_growth_year": null,
            "roe": -34.79,
            "roe_4q": -82.74000000000001,
            "gross_profit": -5867612,
            "gross_margin": -93.52,
            "gross_margin_4q_avg": -53.5,
            "net_income": -11886583,
            "revenue": 6274229,
            "common_shares": 46933975,
            "book_valuer_per_share": 6,
            "book_valuer_per_share_4q_avg": 9.24,
            "equity": 28176849,
            "current_ratio": 56.65,
            "debt_ratio": 75.89,
            "inventory_turnover_ratio": 2,
            "account_receivable_turnover_ratio": 2.7,
            "reinvestment_rate": null,
            "research_to_sale_ratio": null,
            "price_fair": 115.2,
            "eps_avg_yearly": 3.29,
            "eps_latest_yearly": 3.36,
            "eps_growth_yearly": 348.39
        },
        "20091": {
            "year_quarter": 20091,
            "year": 2009,
            "quarter": 1,
            "eps": -2.25,
            "eps_growth_year": null,
            "eps_4q": -8.19,
            "eps_4q_growth_year": null,
            "roe": -45.8,
            "roe_4q": -114.09,
            "gross_profit": -6943009,
            "gross_margin": -113.86,
            "gross_margin_4q_avg": -68.28,
            "net_income": -10512833,
            "revenue": 6097942,
            "common_shares": 46933975,
            "book_valuer_per_share": 3.78,
            "book_valuer_per_share_4q_avg": 7.19,
            "equity": 17732418,
            "current_ratio": 42.55,
            "debt_ratio": 83.78,
            "inventory_turnover_ratio": 2.34,
            "account_receivable_turnover_ratio": 1.37,
            "reinvestment_rate": null,
            "research_to_sale_ratio": null,
            "price_fair": 127.87,
            "eps_avg_yearly": 3.65,
            "eps_latest_yearly": 3.36,
            "eps_growth_yearly": 395.35
        },
        "20092": {
            "year_quarter": 20092,
            "year": 2009,
            "quarter": 2,
            "eps": -3.09,
            "eps_growth_year": null,
            "eps_4q": -14.64,
            "eps_4q_growth_year": null,
            "roe": -31.78,
            "roe_4q": -132.03,
            "gross_profit": -3692767,
            "gross_margin": -46.22,
            "gross_margin_4q_avg": -72.28,
            "net_income": -6540636,
            "revenue": 7988994,
            "common_shares": 25755735,
            "book_valuer_per_share": 9.09,
            "book_valuer_per_share_4q_avg": 6.85,
            "equity": 23423496,
            "current_ratio": 50.51,
            "debt_ratio": 79.25,
            "inventory_turnover_ratio": 1.87,
            "account_receivable_turnover_ratio": 1.72,
            "reinvestment_rate": null,
            "research_to_sale_ratio": null,
            "price_fair": 127.87,
            "eps_avg_yearly": 3.65,
            "eps_latest_yearly": 3.36,
            "eps_growth_yearly": 395.35
        },
        "20093": {
            "year_quarter": 20093,
            "year": 2009,
            "quarter": 3,
            "eps": -1.72,
            "eps_growth_year": null,
            "eps_4q": -12.75,
            "eps_4q_growth_year": null,
            "roe": -17.75,
            "roe_4q": -130.12,
            "gross_profit": -1202336,
            "gross_margin": -10.23,
            "gross_margin_4q_avg": -65.96,
            "net_income": -3899022,
            "revenue": 11757828,
            "common_shares": 25755735,
            "book_valuer_per_share": 7.96,
            "book_valuer_per_share_4q_avg": 6.71,
            "equity": 20501415,
            "current_ratio": 50.4,
            "debt_ratio": 82.35,
            "inventory_turnover_ratio": 1.66,
            "account_receivable_turnover_ratio": 1.76,
            "reinvestment_rate": null,
            "research_to_sale_ratio": null,
            "price_fair": 127.87,
            "eps_avg_yearly": 3.65,
            "eps_latest_yearly": 3.36,
            "eps_growth_yearly": 395.35
        },
        "20094": {
            "year_quarter": 20094,
            "year": 2009,
            "quarter": 4,
            "eps": 0.08,
            "eps_growth_year": null,
            "eps_4q": -6.09,
            "eps_4q_growth_year": null,
            "roe": 0.69,
            "roe_4q": -94.64,
            "gross_profit": 1994432,
            "gross_margin": 11.78,
            "gross_margin_4q_avg": -39.63,
            "net_income": 198964,
            "revenue": 16929099,
            "common_shares": 34047425,
            "book_valuer_per_share": 10.98,
            "book_valuer_per_share_4q_avg": 7.95,
            "equity": 37374890,
            "current_ratio": 75.83,
            "debt_ratio": 71.98,
            "inventory_turnover_ratio": 1.84,
            "account_receivable_turnover_ratio": 2.81,
            "reinvestment_rate": null,
            "research_to_sale_ratio": null,
            "price_fair": 151.2,
            "eps_avg_yearly": 4.32,
            "eps_latest_yearly": 3.36,
            "eps_growth_yearly": 542.34
        },
        "20101": {
            "year_quarter": 20101,
            "year": 2010,
            "quarter": 1,
            "eps": -0.48,
            "eps_growth_year": null,
            "eps_4q": -3.47,
            "eps_4q_growth_year": null,
            "roe": -4.42,
            "roe_4q": -53.260000000000005,
            "gross_profit": 277583,
            "gross_margin": 1.95,
            "gross_margin_4q_avg": -10.68,
            "net_income": -1625477,
            "revenue": 14250513,
            "common_shares": 34279255,
            "book_valuer_per_share": 10.55,
            "book_valuer_per_share_4q_avg": 9.65,
            "equity": 36097327,
            "current_ratio": 51.53,
            "debt_ratio": 71.77,
            "inventory_turnover_ratio": 1.73,
            "account_receivable_turnover_ratio": 1.28,
            "reinvestment_rate": null,
            "research_to_sale_ratio": 7.12,
            "price_fair": 169.75,
            "eps_avg_yearly": 4.85,
            "eps_latest_yearly": 3.36,
            "eps_growth_yearly": 90.43
        },
        "20102": {
            "year_quarter": 20102,
            "year": 2010,
            "quarter": 2,
            "eps": -0.32,
            "eps_growth_year": null,
            "eps_4q": -1.87,
            "eps_4q_growth_year": null,
            "roe": -3.05,
            "roe_4q": -24.53,
            "gross_profit": 1660285,
            "gross_margin": 10.46,
            "gross_margin_4q_avg": 3.49,
            "net_income": -1086506,
            "revenue": 15866144,
            "common_shares": 34319735,
            "book_valuer_per_share": 10.24,
            "book_valuer_per_share_4q_avg": 9.93,
            "equity": 35082888,
            "current_ratio": 54.81,
            "debt_ratio": 73.57,
            "inventory_turnover_ratio": 1.62,
            "account_receivable_turnover_ratio": 1.49,
            "reinvestment_rate": null,
            "research_to_sale_ratio": 10.82,
            "price_fair": 148.75,
            "eps_avg_yearly": 5.17,
            "eps_latest_yearly": 3.36,
            "eps_growth_yearly": 18.75
        },
        "20103": {
            "year_quarter": 20103,
            "year": 2010,
            "quarter": 3,
            "eps": -0.66,
            "eps_growth_year": null,
            "eps_4q": -1.39,
            "eps_4q_growth_year": null,
            "roe": -6.68,
            "roe_4q": -13.46,
            "gross_profit": 991398,
            "gross_margin": 6.63,
            "gross_margin_4q_avg": 7.71,
            "net_income": -2269229,
            "revenue": 14944681,
            "common_shares": 34324035,
            "book_valuer_per_share": 9.58,
            "book_valuer_per_share_4q_avg": 10.34,
            "equity": 32811711,
            "current_ratio": 52.55,
            "debt_ratio": 75.52,
            "inventory_turnover_ratio": 1.37,
            "account_receivable_turnover_ratio": 1.38,
            "reinvestment_rate": null,
            "research_to_sale_ratio": 12.26,
            "price_fair": 15.18,
            "eps_avg_yearly": 5.06,
            "eps_latest_yearly": 3.36,
            "eps_growth_yearly": -50.22
        },
        "20104": {
            "year_quarter": 20104,
            "year": 2010,
            "quarter": 4,
            "eps": -2.52,
            "eps_growth_year": -3251.08,
            "eps_4q": -3.76,
            "eps_4q_growth_year": null,
            "roe": -31,
            "roe_4q": -45.15,
            "gross_profit": -6387532,
            "gross_margin": -53.02,
            "gross_margin_4q_avg": -8.5,
            "net_income": -10149749,
            "revenue": 12048080,
            "common_shares": 40343415,
            "book_valuer_per_share": 8.11,
            "book_valuer_per_share_4q_avg": 9.62,
            "equity": 32679137,
            "current_ratio": 49.84,
            "debt_ratio": 75.24,
            "inventory_turnover_ratio": 1.86,
            "account_receivable_turnover_ratio": 1.22,
            "reinvestment_rate": null,
            "research_to_sale_ratio": 16.42,
            "price_fair": 10.08,
            "eps_avg_yearly": 3.36,
            "eps_latest_yearly": 3.36,
            "eps_growth_yearly": -201.18
        },
        "20111": {
            "year_quarter": 20111,
            "year": 2011,
            "quarter": 1,
            "eps": -2.24,
            "eps_growth_year": null,
            "eps_4q": -5.6,
            "eps_4q_growth_year": null,
            "roe": -32.09,
            "roe_4q": -72.82000000000001,
            "gross_profit": -5272646,
            "gross_margin": -48.53,
            "gross_margin_4q_avg": -21.12,
            "net_income": -9031611,
            "revenue": 10864188,
            "common_shares": 40345755,
            "book_valuer_per_share": 5.85,
            "book_valuer_per_share_4q_avg": 8.45,
            "equity": 23611040,
            "current_ratio": 37.26,
            "debt_ratio": 81.64,
            "inventory_turnover_ratio": 1.79,
            "account_receivable_turnover_ratio": 1.32,
            "reinvestment_rate": null,
            "research_to_sale_ratio": 18.72,
            "price_fair": 0,
            "eps_avg_yearly": 0,
            "eps_latest_yearly": 0,
            "eps_growth_yearly": 0
        },
        "20112": {
            "year_quarter": 20112,
            "year": 2011,
            "quarter": 2,
            "eps": -1.96,
            "eps_growth_year": null,
            "eps_4q": -7.29,
            "eps_4q_growth_year": null,
            "roe": -40.09,
            "roe_4q": -109.86000000000001,
            "gross_profit": -3952748,
            "gross_margin": -34.15,
            "gross_margin_4q_avg": -32.27,
            "net_income": -7900119,
            "revenue": 11574664,
            "common_shares": 40345755,
            "book_valuer_per_share": 3.92,
            "book_valuer_per_share_4q_avg": 6.87,
            "equity": 15805509,
            "current_ratio": 37.45,
            "debt_ratio": 87.75,
            "inventory_turnover_ratio": 1.54,
            "account_receivable_turnover_ratio": 1.48,
            "reinvestment_rate": null,
            "research_to_sale_ratio": 18.7,
            "price_fair": 0,
            "eps_avg_yearly": 0,
            "eps_latest_yearly": 0,
            "eps_growth_yearly": 0
        },
        "20113": {
            "year_quarter": 20113,
            "year": 2011,
            "quarter": 3,
            "eps": -2.97,
            "eps_growth_year": null,
            "eps_4q": -9.69,
            "eps_4q_growth_year": null,
            "roe": -121.68,
            "roe_4q": -224.86,
            "gross_profit": -7205768,
            "gross_margin": -97.97,
            "gross_margin_4q_avg": -58.42,
            "net_income": -11953115,
            "revenue": 7354765,
            "common_shares": 40345755,
            "book_valuer_per_share": 0.94,
            "book_valuer_per_share_4q_avg": 4.71,
            "equity": 3841204,
            "current_ratio": 30.15,
            "debt_ratio": 96.81,
            "inventory_turnover_ratio": 1.23,
            "account_receivable_turnover_ratio": 1.07,
            "reinvestment_rate": null,
            "research_to_sale_ratio": 29.65,
            "price_fair": 0,
            "eps_avg_yearly": 0,
            "eps_latest_yearly": 0,
            "eps_growth_yearly": 0
        },
        "20114": {
            "year_quarter": 20114,
            "year": 2011,
            "quarter": 4,
            "eps": -0.74,
            "eps_growth_year": null,
            "eps_4q": -2.68,
            "eps_4q_growth_year": null,
            "roe": -82.47,
            "roe_4q": -276.33000000000004,
            "gross_profit": -6630877,
            "gross_margin": -90.41,
            "gross_margin_4q_avg": -67.77,
            "net_income": -10994052,
            "revenue": 7333964,
            "common_shares": 148649004,
            "book_valuer_per_share": 1.53,
            "book_valuer_per_share_4q_avg": 3.06,
            "equity": 22821594,
            "current_ratio": 46.48,
            "debt_ratio": 80.74,
            "inventory_turnover_ratio": 1.04,
            "account_receivable_turnover_ratio": 1.42,
            "reinvestment_rate": null,
            "research_to_sale_ratio": 30.53,
            "price_fair": 0,
            "eps_avg_yearly": 0,
            "eps_latest_yearly": 0,
            "eps_growth_yearly": 0
        },
        "20121": {
            "year_quarter": 20121,
            "year": 2012,
            "quarter": 1,
            "eps": -0.7,
            "eps_growth_year": null,
            "eps_4q": -2.78,
            "eps_4q_growth_year": null,
            "roe": -58.74,
            "roe_4q": -302.98,
            "gross_profit": -5976171,
            "gross_margin": -66.8,
            "gross_margin_4q_avg": -72.33,
            "net_income": -10382278,
            "revenue": 8947024,
            "common_shares": 148649004,
            "book_valuer_per_share": 0.84,
            "book_valuer_per_share_4q_avg": 1.81,
            "equity": 12525387,
            "current_ratio": 35.31,
            "debt_ratio": 88.56,
            "inventory_turnover_ratio": 1.06,
            "account_receivable_turnover_ratio": 1.61,
            "reinvestment_rate": null,
            "research_to_sale_ratio": 23.13,
            "price_fair": 0,
            "eps_avg_yearly": 0,
            "eps_latest_yearly": 0,
            "eps_growth_yearly": 0
        },
        "20122": {
            "year_quarter": 20122,
            "year": 2012,
            "quarter": 2,
            "eps": -0.45,
            "eps_growth_year": null,
            "eps_4q": -2.69,
            "eps_4q_growth_year": null,
            "roe": -72.83,
            "roe_4q": -335.72,
            "gross_profit": -3249776,
            "gross_margin": -31.49,
            "gross_margin_4q_avg": -71.67,
            "net_income": -6677806,
            "revenue": 10319604,
            "common_shares": 148649004,
            "book_valuer_per_share": 0.39,
            "book_valuer_per_share_4q_avg": 0.93,
            "equity": 5812476,
            "current_ratio": 38.49,
            "debt_ratio": 94.73,
            "inventory_turnover_ratio": 0.91,
            "account_receivable_turnover_ratio": 1.53,
            "reinvestment_rate": null,
            "research_to_sale_ratio": 15.31,
            "price_fair": 0,
            "eps_avg_yearly": 0,
            "eps_latest_yearly": 0,
            "eps_growth_yearly": 0
        },
        "20123": {
            "year_quarter": 20123,
            "year": 2012,
            "quarter": 3,
            "eps": -0.54,
            "eps_growth_year": null,
            "eps_4q": -2.05,
            "eps_4q_growth_year": null,
            "roe": -251.44,
            "roe_4q": -465.48,
            "gross_profit": -6653019,
            "gross_margin": -94.3,
            "gross_margin_4q_avg": -70.75,
            "net_income": -10088262,
            "revenue": 7055026,
            "common_shares": 186649004,
            "book_valuer_per_share": 0.12,
            "book_valuer_per_share_4q_avg": 0.72,
            "equity": 2211862,
            "current_ratio": 34.29,
            "debt_ratio": 97.83,
            "inventory_turnover_ratio": 0.85,
            "account_receivable_turnover_ratio": 1.11,
            "reinvestment_rate": null,
            "research_to_sale_ratio": 24.83,
            "price_fair": 0,
            "eps_avg_yearly": 0,
            "eps_latest_yearly": 0,
            "eps_growth_yearly": 0
        },
        "20124": {
            "year_quarter": 20124,
            "year": 2012,
            "quarter": 4,
            "eps": -0.37,
            "eps_growth_year": null,
            "eps_4q": -1.5,
            "eps_4q_growth_year": null,
            "roe": -391.86,
            "roe_4q": -774.87,
            "gross_profit": -6414483,
            "gross_margin": -84.84,
            "gross_margin_4q_avg": -69.36,
            "net_income": -8880991,
            "revenue": 7560571,
            "common_shares": 239590181,
            "book_valuer_per_share": 0.09,
            "book_valuer_per_share_4q_avg": 0.36,
            "equity": 2320911,
            "current_ratio": 40.11,
            "debt_ratio": 97.71,
            "inventory_turnover_ratio": 0.9,
            "account_receivable_turnover_ratio": 1.5,
            "reinvestment_rate": null,
            "research_to_sale_ratio": 10.47,
            "price_fair": 0,
            "eps_avg_yearly": 0,
            "eps_latest_yearly": 0,
            "eps_growth_yearly": 0
        },
        "20131": {
            "year_quarter": 20131,
            "year": 2013,
            "quarter": 1,
            "eps": 0.02,
            "eps_growth_year": null,
            "eps_4q": -1.05,
            "eps_4q_growth_year": null,
            "roe": 21.04,
            "roe_4q": -695.09,
            "gross_profit": 1744677,
            "gross_margin": 18.87,
            "gross_margin_4q_avg": -47.94,
            "net_income": 505449,
            "revenue": 9245772,
            "common_shares": 239590181,
            "book_valuer_per_share": 0.1,
            "book_valuer_per_share_4q_avg": 0.18,
            "equity": 2483163,
            "current_ratio": 34.67,
            "debt_ratio": 97.38,
            "inventory_turnover_ratio": 0.48,
            "account_receivable_turnover_ratio": 1.77,
            "reinvestment_rate": null,
            "research_to_sale_ratio": 3.83,
            "price_fair": 0,
            "eps_avg_yearly": 0,
            "eps_latest_yearly": 0,
            "eps_growth_yearly": 0
        },
        "20132": {
            "year_quarter": 20132,
            "year": 2013,
            "quarter": 2,
            "eps": 0.07,
            "eps_growth_year": null,
            "eps_4q": -0.7,
            "eps_4q_growth_year": null,
            "roe": 52.11,
            "roe_4q": -570.1500000000001,
            "gross_profit": 2293272,
            "gross_margin": 16.58,
            "gross_margin_4q_avg": -35.92,
            "net_income": 1691763,
            "revenue": 13834981,
            "common_shares": 239604731,
            "book_valuer_per_share": 0.16,
            "book_valuer_per_share_4q_avg": 0.12,
            "equity": 4009583,
            "current_ratio": 34.17,
            "debt_ratio": 95.92,
            "inventory_turnover_ratio": 0.77,
            "account_receivable_turnover_ratio": 2.13,
            "reinvestment_rate": null,
            "research_to_sale_ratio": 2.93,
            "price_fair": 9.8,
            "eps_avg_yearly": 0.28,
            "eps_latest_yearly": 0.28,
            "eps_growth_yearly": 1000
        },
        "20133": {
            "year_quarter": 20133,
            "year": 2013,
            "quarter": 3,
            "eps": 0.08,
            "eps_growth_year": null,
            "eps_4q": -0.2,
            "eps_4q_growth_year": null,
            "roe": 39.52,
            "roe_4q": -279.19000000000005,
            "gross_profit": 1445772,
            "gross_margin": 12.62,
            "gross_margin_4q_avg": -9.19,
            "net_income": 1976890,
            "revenue": 11456780,
            "common_shares": 239608511,
            "book_valuer_per_share": 0.24,
            "book_valuer_per_share_4q_avg": 0.15,
            "equity": 5994650,
            "current_ratio": 28.83,
            "debt_ratio": 93.61,
            "inventory_turnover_ratio": 0.82,
            "account_receivable_turnover_ratio": 1.71,
            "reinvestment_rate": null,
            "research_to_sale_ratio": 3.65,
            "price_fair": 10.5,
            "eps_avg_yearly": 0.3,
            "eps_latest_yearly": 0.32,
            "eps_growth_yearly": 528.57
        },
        "20134": {
            "year_quarter": 20134,
            "year": 2013,
            "quarter": 4,
            "eps": 0.17,
            "eps_growth_year": null,
            "eps_4q": 0.34,
            "eps_4q_growth_year": null,
            "roe": 49.21,
            "roe_4q": 161.88,
            "gross_profit": 1945630,
            "gross_margin": 15.64,
            "gross_margin_4q_avg": 15.93,
            "net_income": 3936361,
            "revenue": 12437758,
            "common_shares": 239608511,
            "book_valuer_per_share": 0.41,
            "book_valuer_per_share_4q_avg": 0.23,
            "equity": 10005137,
            "current_ratio": 28.38,
            "debt_ratio": 89.28,
            "inventory_turnover_ratio": 1.12,
            "account_receivable_turnover_ratio": 1.96,
            "reinvestment_rate": null,
            "research_to_sale_ratio": 2.74,
            "price_fair": 14.93,
            "eps_avg_yearly": 0.43,
            "eps_latest_yearly": 0.68,
            "eps_growth_yearly": 502.38
        },
        "20141": {
            "year_quarter": 20141,
            "year": 2014,
            "quarter": 1,
            "eps": 0.26,
            "eps_growth_year": 1200,
            "eps_4q": 0.57,
            "eps_4q_growth_year": null,
            "roe": 46.56,
            "roe_4q": 187.40000000000003,
            "gross_profit": 4660671,
            "gross_margin": 39.86,
            "gross_margin_4q_avg": 21.18,
            "net_income": 6069930,
            "revenue": 11691512,
            "common_shares": 239610081,
            "book_valuer_per_share": 0.67,
            "book_valuer_per_share_4q_avg": 0.37,
            "equity": 16069173,
            "current_ratio": 34.07,
            "debt_ratio": 83.17,
            "inventory_turnover_ratio": 0.99,
            "account_receivable_turnover_ratio": 1.93,
            "reinvestment_rate": null,
            "research_to_sale_ratio": 2.35,
            "price_fair": 20.3,
            "eps_avg_yearly": 0.58,
            "eps_latest_yearly": 1.04,
            "eps_growth_yearly": 429.73
        },
        "20142": {
            "year_quarter": 20142,
            "year": 2014,
            "quarter": 2,
            "eps": 2.54,
            "eps_growth_year": 3528.57,
            "eps_4q": 7.57,
            "eps_4q_growth_year": null,
            "roe": 30.07,
            "roe_4q": 165.36,
            "gross_profit": 5220022,
            "gross_margin": 43.81,
            "gross_margin_4q_avg": 27.98,
            "net_income": 6085007,
            "revenue": 11916423,
            "common_shares": 23961008,
            "book_valuer_per_share": 10.16,
            "book_valuer_per_share_4q_avg": 2.87,
            "equity": 24400879,
            "current_ratio": 35.95,
            "debt_ratio": 75.43,
            "inventory_turnover_ratio": 1.08,
            "account_receivable_turnover_ratio": 2.13,
            "reinvestment_rate": null,
            "research_to_sale_ratio": 2.8,
            "price_fair": 87.36,
            "eps_avg_yearly": 2.5,
            "eps_latest_yearly": 10.16,
            "eps_growth_yearly": 1045.32
        },
        "20143": {
            "year_quarter": 20143,
            "year": 2014,
            "quarter": 3,
            "eps": 3.11,
            "eps_growth_year": 3787.5,
            "eps_4q": 9.63,
            "eps_4q_growth_year": null,
            "roe": 26.33,
            "roe_4q": 152.17000000000002,
            "gross_profit": 6262264,
            "gross_margin": 47.84,
            "gross_margin_4q_avg": 36.79,
            "net_income": 7465601,
            "revenue": 13090573,
            "common_shares": 23983358,
            "book_valuer_per_share": 13.4,
            "book_valuer_per_share_4q_avg": 6.16,
            "equity": 32313856,
            "current_ratio": 33.66,
            "debt_ratio": 67.29,
            "inventory_turnover_ratio": 1.24,
            "account_receivable_turnover_ratio": 2.25,
            "reinvestment_rate": null,
            "research_to_sale_ratio": 2.73,
            "price_fair": 145.37,
            "eps_avg_yearly": 4.15,
            "eps_latest_yearly": 12.44,
            "eps_growth_yearly": 886.06
        },
        "20144": {
            "year_quarter": 20144,
            "year": 2014,
            "quarter": 4,
            "eps": 3.46,
            "eps_growth_year": 1996.24,
            "eps_4q": 11.41,
            "eps_4q_growth_year": 3259.88,
            "roe": 23.19,
            "roe_4q": 126.15,
            "gross_profit": 6025604,
            "gross_margin": 48.56,
            "gross_margin_4q_avg": 45.02,
            "net_income": 8574038,
            "revenue": 12409114,
            "common_shares": 24095278,
            "book_valuer_per_share": 17.17,
            "book_valuer_per_share_4q_avg": 10.35,
            "equity": 41638912,
            "current_ratio": 43.23,
            "debt_ratio": 60.18,
            "inventory_turnover_ratio": 1.24,
            "account_receivable_turnover_ratio": 2.07,
            "reinvestment_rate": null,
            "research_to_sale_ratio": 3.31,
            "price_fair": 193.8,
            "eps_avg_yearly": 5.54,
            "eps_latest_yearly": 13.84,
            "eps_growth_yearly": 765.91
        },
        "20151": {
            "year_quarter": 20151,
            "year": 2015,
            "quarter": 1,
            "eps": 2.61,
            "eps_growth_year": 903.85,
            "eps_4q": 11.67,
            "eps_4q_growth_year": 1934.94,
            "roe": 14,
            "roe_4q": 93.59,
            "gross_profit": 5673224,
            "gross_margin": 47.17,
            "gross_margin_4q_avg": 46.85,
            "net_income": 6299243,
            "revenue": 12027943,
            "common_shares": 24266978,
            "book_valuer_per_share": 19.89,
            "book_valuer_per_share_4q_avg": 15.16,
            "equity": 48371653,
            "current_ratio": 47.94,
            "debt_ratio": 54.42,
            "inventory_turnover_ratio": 1.23,
            "account_receivable_turnover_ratio": 1.99,
            "reinvestment_rate": null,
            "research_to_sale_ratio": 3.56,
            "price_fair": 215.25,
            "eps_avg_yearly": 6.15,
            "eps_latest_yearly": 10.44,
            "eps_growth_yearly": 657.89
        },
        "20152": {
            "year_quarter": 20152,
            "year": 2015,
            "quarter": 2,
            "eps": 1.75,
            "eps_growth_year": -31.1,
            "eps_4q": 10.94,
            "eps_4q_growth_year": 44.5,
            "roe": 8.87,
            "roe_4q": 72.39,
            "gross_profit": 4687927,
            "gross_margin": 42.02,
            "gross_margin_4q_avg": 46.4,
            "net_income": 4264873,
            "revenue": 11155776,
            "common_shares": 24284008,
            "book_valuer_per_share": 19.62,
            "book_valuer_per_share_4q_avg": 17.52,
            "equity": 47740937,
            "current_ratio": 46.79,
            "debt_ratio": 55.64,
            "inventory_turnover_ratio": 1.22,
            "account_receivable_turnover_ratio": 1.86,
            "reinvestment_rate": null,
            "research_to_sale_ratio": 3.18,
            "price_fair": 218.56,
            "eps_avg_yearly": 6.24,
            "eps_latest_yearly": 7,
            "eps_growth_yearly": 570.15
        },
        "20153": {
            "year_quarter": 20153,
            "year": 2015,
            "quarter": 3,
            "eps": 1.94,
            "eps_growth_year": -37.62,
            "eps_4q": 9.82,
            "eps_4q_growth_year": 1.97,
            "roe": 9.44,
            "roe_4q": 55.5,
            "gross_profit": 3857587,
            "gross_margin": 37.32,
            "gross_margin_4q_avg": 43.77,
            "net_income": 4731494,
            "revenue": 10337320,
            "common_shares": 24285658,
            "book_valuer_per_share": 21.58,
            "book_valuer_per_share_4q_avg": 19.57,
            "equity": 52495599,
            "current_ratio": 47.88,
            "debt_ratio": 50.16,
            "inventory_turnover_ratio": 1.13,
            "account_receivable_turnover_ratio": 1.77,
            "reinvestment_rate": -79.93,
            "research_to_sale_ratio": 4.68,
            "price_fair": 223.86,
            "eps_avg_yearly": 6.4,
            "eps_latest_yearly": 7.76,
            "eps_growth_yearly": 517.47
        },
        "20154": {
            "year_quarter": 20154,
            "year": 2015,
            "quarter": 4,
            "eps": 0.77,
            "eps_growth_year": -77.76,
            "eps_4q": 7.06,
            "eps_4q_growth_year": -38.15,
            "roe": 3.49,
            "roe_4q": 35.8,
            "gross_profit": 3089258,
            "gross_margin": 29.83,
            "gross_margin_4q_avg": 39.09,
            "net_income": 1875790,
            "revenue": 10354866,
            "common_shares": 24285658,
            "book_valuer_per_share": 22.55,
            "book_valuer_per_share_4q_avg": 20.91,
            "equity": 54854375,
            "current_ratio": 50.59,
            "debt_ratio": 47.26,
            "inventory_turnover_ratio": 1.22,
            "account_receivable_turnover_ratio": 1.85,
            "reinvestment_rate": 9.84,
            "research_to_sale_ratio": 6.63,
            "price_fair": 213.31,
            "eps_avg_yearly": 6.09,
            "eps_latest_yearly": 3.08,
            "eps_growth_yearly": 448.5
        },
        "20161": {
            "year_quarter": 20161,
            "year": 2016,
            "quarter": 1,
            "eps": 0.68,
            "eps_growth_year": -73.95,
            "eps_4q": 4.62,
            "eps_4q_growth_year": -60.4,
            "roe": 2.99,
            "roe_4q": 24.79,
            "gross_profit": 3398826,
            "gross_margin": 32.69,
            "gross_margin_4q_avg": 35.47,
            "net_income": 1844798,
            "revenue": 10397555,
            "common_shares": 27485658,
            "book_valuer_per_share": 24.84,
            "book_valuer_per_share_4q_avg": 22.15,
            "equity": 68356641,
            "current_ratio": 106.56,
            "debt_ratio": 41.85,
            "inventory_turnover_ratio": 1.18,
            "account_receivable_turnover_ratio": 1.97,
            "reinvestment_rate": 53.76,
            "research_to_sale_ratio": 3.64,
            "price_fair": 203.47,
            "eps_avg_yearly": 5.81,
            "eps_latest_yearly": 2.72,
            "eps_growth_yearly": 407.23
        },
        "20162": {
            "year_quarter": 20162,
            "year": 2016,
            "quarter": 2,
            "eps": 0.14,
            "eps_growth_year": -92,
            "eps_4q": 3.22,
            "eps_4q_growth_year": -70.59,
            "roe": 0.63,
            "roe_4q": 16.55,
            "gross_profit": 2536718,
            "gross_margin": 28.4,
            "gross_margin_4q_avg": 32.06,
            "net_income": 404972,
            "revenue": 8933094,
            "common_shares": 27485658,
            "book_valuer_per_share": 22.03,
            "book_valuer_per_share_4q_avg": 22.75,
            "equity": 60646710,
            "current_ratio": 86.66,
            "debt_ratio": 48.77,
            "inventory_turnover_ratio": 1.06,
            "account_receivable_turnover_ratio": 1.98,
            "reinvestment_rate": 29.99,
            "research_to_sale_ratio": 5.5,
            "price_fair": 189.32,
            "eps_avg_yearly": 5.41,
            "eps_latest_yearly": 0.56,
            "eps_growth_yearly": 351.47
        },
        "20163": {
            "year_quarter": 20163,
            "year": 2016,
            "quarter": 3,
            "eps": 0.51,
            "eps_growth_year": -73.71,
            "eps_4q": 2.01,
            "eps_4q_growth_year": -79.55,
            "roe": 2.28,
            "roe_4q": 9.39,
            "gross_profit": 3171178,
            "gross_margin": 31.08,
            "gross_margin_4q_avg": 30.5,
            "net_income": 1401314,
            "revenue": 10203896,
            "common_shares": 27485658,
            "book_valuer_per_share": 22.57,
            "book_valuer_per_share_4q_avg": 23,
            "equity": 62138019,
            "current_ratio": 69.08,
            "debt_ratio": 46.96,
            "inventory_turnover_ratio": 1.18,
            "account_receivable_turnover_ratio": 2.44,
            "reinvestment_rate": 45.87,
            "research_to_sale_ratio": 10.1,
            "price_fair": 180.9,
            "eps_avg_yearly": 5.17,
            "eps_latest_yearly": 2.04,
            "eps_growth_yearly": 401.87
        },
        "20164": {
            "year_quarter": 20164,
            "year": 2016,
            "quarter": 4,
            "eps": 7.31,
            "eps_growth_year": 848.56,
            "eps_4q": 8.63,
            "eps_4q_growth_year": 22.27,
            "roe": 27.17,
            "roe_4q": 33.07,
            "gross_profit": 3744371,
            "gross_margin": 30.95,
            "gross_margin_4q_avg": 30.78,
            "net_income": 20077501,
            "revenue": 12097960,
            "common_shares": 27485658,
            "book_valuer_per_share": 31.13,
            "book_valuer_per_share_4q_avg": 25.14,
            "equity": 85645147,
            "current_ratio": 74.79,
            "debt_ratio": 37.47,
            "inventory_turnover_ratio": 1.57,
            "account_receivable_turnover_ratio": 2.37,
            "reinvestment_rate": 63.49,
            "research_to_sale_ratio": 4.78,
            "price_fair": 237.07,
            "eps_avg_yearly": 6.77,
            "eps_latest_yearly": 29.24,
            "eps_growth_yearly": 730.64
        },
        "20171": {
            "year_quarter": 20171,
            "year": 2017,
            "quarter": 1,
            "eps": 1.19,
            "eps_growth_year": 75,
            "eps_4q": 9.15,
            "eps_4q_growth_year": 98.02,
            "roe": 3.59,
            "roe_4q": 33.67,
            "gross_profit": 4900517,
            "gross_margin": 40.07,
            "gross_margin_4q_avg": 32.63,
            "net_income": 3282690,
            "revenue": 12230574,
            "common_shares": 27485658,
            "book_valuer_per_share": 35.31,
            "book_valuer_per_share_4q_avg": 27.76,
            "equity": 97137760,
            "current_ratio": 107.85,
            "debt_ratio": 38.88,
            "inventory_turnover_ratio": 1.54,
            "account_receivable_turnover_ratio": 2.12,
            "reinvestment_rate": 78.61,
            "research_to_sale_ratio": 4.31,
            "price_fair": 232.66,
            "eps_avg_yearly": 6.65,
            "eps_latest_yearly": 4.76,
            "eps_growth_yearly": 664.04
        },
        "20172": {
            "year_quarter": 20172,
            "year": 2017,
            "quarter": 2,
            "eps": 2.36,
            "eps_growth_year": 1585.71,
            "eps_4q": 11.37,
            "eps_4q_growth_year": 253.32,
            "roe": 6.67,
            "roe_4q": 39.71,
            "gross_profit": 5543926,
            "gross_margin": 43.91,
            "gross_margin_4q_avg": 36.5,
            "net_income": 6496570,
            "revenue": 12625502,
            "common_shares": 27485658,
            "book_valuer_per_share": 35.45,
            "book_valuer_per_share_4q_avg": 31.12,
            "equity": 97537091,
            "current_ratio": 100.23,
            "debt_ratio": 41.51,
            "inventory_turnover_ratio": 1.43,
            "account_receivable_turnover_ratio": 2.04,
            "reinvestment_rate": 72.97,
            "research_to_sale_ratio": 6.99,
            "price_fair": 252.7,
            "eps_avg_yearly": 7.22,
            "eps_latest_yearly": 9.44,
            "eps_growth_yearly": 626.12
        },
        "20173": {
            "year_quarter": 20173,
            "year": 2017,
            "quarter": 3,
            "eps": 3.09,
            "eps_growth_year": 505.88,
            "eps_4q": 13.32,
            "eps_4q_growth_year": 563.34,
            "roe": 8.09,
            "roe_4q": 45.52,
            "gross_profit": 5881524,
            "gross_margin": 44.24,
            "gross_margin_4q_avg": 39.79,
            "net_income": 8548358,
            "revenue": 13293362,
            "common_shares": 27510542,
            "book_valuer_per_share": 41.34,
            "book_valuer_per_share_4q_avg": 35.81,
            "equity": 113807956,
            "current_ratio": 172.06,
            "debt_ratio": 29.1,
            "inventory_turnover_ratio": 1.33,
            "account_receivable_turnover_ratio": 1.94,
            "reinvestment_rate": 54.81,
            "research_to_sale_ratio": 7.72,
            "price_fair": 279.04,
            "eps_avg_yearly": 7.97,
            "eps_latest_yearly": 12.36,
            "eps_growth_yearly": 630.28
        },
        "20174": {
            "year_quarter": 20174,
            "year": 2017,
            "quarter": 4,
            "eps": 7.36,
            "eps_growth_year": 0.71,
            "eps_4q": 13.49,
            "eps_4q_growth_year": 56.25,
            "roe": 17.86,
            "roe_4q": 36.209999999999994,
            "gross_profit": 8318180,
            "gross_margin": 49.61,
            "gross_margin_4q_avg": 44.46,
            "net_income": 21967006,
            "revenue": 16768786,
            "common_shares": 29639382,
            "book_valuer_per_share": 44.54,
            "book_valuer_per_share_4q_avg": 39.16,
            "equity": 132115188,
            "current_ratio": 424.44,
            "debt_ratio": 12.38,
            "inventory_turnover_ratio": 1.32,
            "account_receivable_turnover_ratio": 2.15,
            "reinvestment_rate": 18.73,
            "research_to_sale_ratio": 7.38,
            "price_fair": 341.95,
            "eps_avg_yearly": 9.77,
            "eps_latest_yearly": 29.44,
            "eps_growth_yearly": 636.71
        },
        "20181": {
            "year_quarter": 20181,
            "year": 2018,
            "quarter": 1,
            "eps": 2.39,
            "eps_growth_year": 100.84,
            "eps_4q": 14.46,
            "eps_4q_growth_year": 57.97,
            "roe": 5.22,
            "roe_4q": 37.839999999999996,
            "gross_profit": 9740678,
            "gross_margin": 51.82,
            "gross_margin_4q_avg": 47.4,
            "net_income": 7226155,
            "revenue": 18797439,
            "common_shares": 30028820,
            "book_valuer_per_share": 48.13,
            "book_valuer_per_share_4q_avg": 42.37,
            "equity": 144529993,
            "current_ratio": 536.99,
            "debt_ratio": 8.85,
            "inventory_turnover_ratio": 1.23,
            "account_receivable_turnover_ratio": 1.92,
            "reinvestment_rate": 17.28,
            "research_to_sale_ratio": 4.66,
            "price_fair": 360.59,
            "eps_avg_yearly": 10.3,
            "eps_latest_yearly": 9.56,
            "eps_growth_yearly": 606.59
        },
        "20182": {
            "year_quarter": 20182,
            "year": 2018,
            "quarter": 2,
            "eps": 3.68,
            "eps_growth_year": 55.93,
            "eps_4q": 15.33,
            "eps_4q_growth_year": 34.82,
            "roe": 7.76,
            "roe_4q": 38.93,
            "gross_profit": 13537402,
            "gross_margin": 55.05,
            "gross_margin_4q_avg": 50.18,
            "net_income": 11309831,
            "revenue": 24592217,
            "common_shares": 30596179,
            "book_valuer_per_share": 47.37,
            "book_valuer_per_share_4q_avg": 45.35,
            "equity": 146862156,
            "current_ratio": 330.3,
            "debt_ratio": 15.67,
            "inventory_turnover_ratio": 1.36,
            "account_receivable_turnover_ratio": 1.91,
            "reinvestment_rate": 12.98,
            "research_to_sale_ratio": 5.52,
            "price_fair": 370.56,
            "eps_avg_yearly": 10.59,
            "eps_latest_yearly": 14.72,
            "eps_growth_yearly": 400.85
        },
        "20183": {
            "year_quarter": 20183,
            "year": 2018,
            "quarter": 3,
            "eps": 4.15,
            "eps_growth_year": 34.3,
            "eps_4q": 17.18,
            "eps_4q_growth_year": 28.99,
            "roe": 8.39,
            "roe_4q": 39.23,
            "gross_profit": 14366094,
            "gross_margin": 58.94,
            "gross_margin_4q_avg": 53.86,
            "net_income": 12872085,
            "revenue": 24374586,
            "common_shares": 31014199,
            "book_valuer_per_share": 51.52,
            "book_valuer_per_share_4q_avg": 47.89,
            "equity": 159891456,
            "current_ratio": 407.59,
            "debt_ratio": 11.98,
            "inventory_turnover_ratio": 1.13,
            "account_receivable_turnover_ratio": 1.6,
            "reinvestment_rate": 15.42,
            "research_to_sale_ratio": 5.48,
            "price_fair": 379.66,
            "eps_avg_yearly": 10.85,
            "eps_latest_yearly": 16.6,
            "eps_growth_yearly": 398.44
        },
        "20184": {
            "year_quarter": 20184,
            "year": 2018,
            "quarter": 4,
            "eps": 2.6,
            "eps_growth_year": -64.6,
            "eps_4q": 12.89,
            "eps_4q_growth_year": -4.43,
            "roe": 4.9,
            "roe_4q": 26.27,
            "gross_profit": 8971829,
            "gross_margin": 52.91,
            "gross_margin_4q_avg": 54.68,
            "net_income": 7952779,
            "revenue": 16957562,
            "common_shares": 31032389,
            "book_valuer_per_share": 54.02,
            "book_valuer_per_share_4q_avg": 50.26,
            "equity": 164907298,
            "current_ratio": 491.47,
            "debt_ratio": 9.68,
            "inventory_turnover_ratio": 0.74,
            "account_receivable_turnover_ratio": 1.33,
            "reinvestment_rate": 15.54,
            "research_to_sale_ratio": 7.77,
            "price_fair": 372.14,
            "eps_avg_yearly": 10.63,
            "eps_latest_yearly": 10.4,
            "eps_growth_yearly": 386.28
        },
        "20191": {
            "year_quarter": 20191,
            "year": 2019,
            "quarter": 1,
            "eps": 1.18,
            "eps_growth_year": -50.63,
            "eps_4q": 11.77,
            "eps_4q_growth_year": -18.56,
            "roe": 2.16,
            "roe_4q": 23.21,
            "gross_profit": 4632564,
            "gross_margin": 40.74,
            "gross_margin_4q_avg": 51.91,
            "net_income": 3586006,
            "revenue": 11371805,
            "common_shares": 30534159,
            "book_valuer_per_share": 55.26,
            "book_valuer_per_share_4q_avg": 52.04,
            "equity": 167641256,
            "current_ratio": 535.82,
            "debt_ratio": 9.17,
            "inventory_turnover_ratio": 0.48,
            "account_receivable_turnover_ratio": 1.35,
            "reinvestment_rate": 12.59,
            "research_to_sale_ratio": 10.1,
            "price_fair": 359.63,
            "eps_avg_yearly": 10.28,
            "eps_latest_yearly": 4.72,
            "eps_growth_yearly": 378.77
        },
        "20192": {
            "year_quarter": 20192,
            "year": 2019,
            "quarter": 2,
            "eps": 0.9,
            "eps_growth_year": -75.54,
            "eps_4q": 8.78,
            "eps_4q_growth_year": -42.73,
            "roe": 1.73,
            "roe_4q": 17.18,
            "gross_profit": 4347847,
            "gross_margin": 34.95,
            "gross_margin_4q_avg": 46.89,
            "net_income": 2747927,
            "revenue": 12440791,
            "common_shares": 30535049,
            "book_valuer_per_share": 49.01,
            "book_valuer_per_share_4q_avg": 52.45,
            "equity": 149571456,
            "current_ratio": 255.94,
            "debt_ratio": 19.3,
            "inventory_turnover_ratio": 0.48,
            "account_receivable_turnover_ratio": 1.73,
            "reinvestment_rate": 9.71,
            "research_to_sale_ratio": 8.51,
            "price_fair": 352.19,
            "eps_avg_yearly": 10.06,
            "eps_latest_yearly": 3.6,
            "eps_growth_yearly": 381.08
        },
        "20193": {
            "year_quarter": 20193,
            "year": 2019,
            "quarter": 3,
            "eps": 0.72,
            "eps_growth_year": -82.65,
            "eps_4q": 5.4,
            "eps_4q_growth_year": -68.57,
            "roe": 1.46,
            "roe_4q": 10.25,
            "gross_profit": 4136925,
            "gross_margin": 27.95,
            "gross_margin_4q_avg": 39.14,
            "net_income": 2204797,
            "revenue": 14799353,
            "common_shares": 30725609,
            "book_valuer_per_share": 49.71,
            "book_valuer_per_share_4q_avg": 52,
            "equity": 151782648,
            "current_ratio": 551.63,
            "debt_ratio": 8.37,
            "inventory_turnover_ratio": 0.6,
            "account_receivable_turnover_ratio": 1.92,
            "reinvestment_rate": 7.33,
            "research_to_sale_ratio": 9.09,
            "price_fair": 341.51,
            "eps_avg_yearly": 9.76,
            "eps_latest_yearly": 2.88,
            "eps_growth_yearly": 373.36
        },
        "20194": {
            "year_quarter": 20194,
            "year": 2019,
            "quarter": 4,
            "eps": 0.42,
            "eps_growth_year": -83.83,
            "eps_4q": 3.22,
            "eps_4q_growth_year": -75.04,
            "roe": 0.85,
            "roe_4q": 6.2,
            "gross_profit": 3376751,
            "gross_margin": 25.75,
            "gross_margin_4q_avg": 32.35,
            "net_income": 1285869,
            "revenue": 13115509,
            "common_shares": 30733649,
            "book_valuer_per_share": 49.78,
            "book_valuer_per_share_4q_avg": 50.94,
            "equity": 152011553,
            "current_ratio": 593.75,
            "debt_ratio": 7.93,
            "inventory_turnover_ratio": 0.55,
            "account_receivable_turnover_ratio": 1.71,
            "reinvestment_rate": 6.77,
            "research_to_sale_ratio": 10.48,
            "price_fair": 338.45,
            "eps_avg_yearly": 9.67,
            "eps_latest_yearly": 1.68,
            "eps_growth_yearly": 378.02
        },
        "20201": {
            "year_quarter": 20201,
            "year": 2020,
            "quarter": 1,
            "eps": 0.63,
            "eps_growth_year": -46.61,
            "eps_4q": 2.67,
            "eps_4q_growth_year": -77.3,
            "roe": 1.26,
            "roe_4q": 5.3,
            "gross_profit": 3436199,
            "gross_margin": 23.83,
            "gross_margin_4q_avg": 28.12,
            "net_income": 1928274,
            "revenue": 14418870,
            "common_shares": 30739969,
            "book_valuer_per_share": 50.4,
            "book_valuer_per_share_4q_avg": 49.73,
            "equity": 153962686,
            "current_ratio": 656.94,
            "debt_ratio": 7.51,
            "inventory_turnover_ratio": 0.61,
            "account_receivable_turnover_ratio": 1.83,
            "reinvestment_rate": 5.18,
            "research_to_sale_ratio": 7.43,
            "price_fair": 338.01,
            "eps_avg_yearly": 9.66,
            "eps_latest_yearly": 2.52,
            "eps_growth_yearly": 393.45
        },
        "20202": {
            "year_quarter": 20202,
            "year": 2020,
            "quarter": 2,
            "eps": 1.05,
            "eps_growth_year": 16.67,
            "eps_4q": 2.78,
            "eps_4q_growth_year": -68.31,
            "roe": 2.1,
            "roe_4q": 5.67,
            "gross_profit": 5042171,
            "gross_margin": 30.58,
            "gross_margin_4q_avg": 27.03,
            "net_income": 3220242,
            "revenue": 16489357,
            "common_shares": 30746609,
            "book_valuer_per_share": 49.63,
            "book_valuer_per_share_4q_avg": 49.88,
            "equity": 152464632,
            "current_ratio": 543.07,
            "debt_ratio": 9.36,
            "inventory_turnover_ratio": 0.67,
            "account_receivable_turnover_ratio": 1.8,
            "reinvestment_rate": 3.31,
            "research_to_sale_ratio": 7.51,
            "price_fair": 345.98,
            "eps_avg_yearly": 9.89,
            "eps_latest_yearly": 4.2,
            "eps_growth_yearly": 429.97
        },
        "20203": {
            "year_quarter": 20203,
            "year": 2020,
            "quarter": 3,
            "eps": 0.53,
            "eps_growth_year": -26.39,
            "eps_4q": 2.62,
            "eps_4q_growth_year": -51.52,
            "roe": 1.06,
            "roe_4q": 5.27,
            "gross_profit": 3961743,
            "gross_margin": 25.85,
            "gross_margin_4q_avg": 26.5,
            "net_income": 1613376,
            "revenue": 15323867,
            "common_shares": 30926119,
            "book_valuer_per_share": 49.91,
            "book_valuer_per_share_4q_avg": 49.93,
            "equity": 153398569,
            "current_ratio": 709.94,
            "debt_ratio": 8.26,
            "inventory_turnover_ratio": 0.71,
            "account_receivable_turnover_ratio": 1.57,
            "reinvestment_rate": -1.24,
            "research_to_sale_ratio": 9.06,
            "price_fair": 346.15,
            "eps_avg_yearly": 9.89,
            "eps_latest_yearly": 2.12,
            "eps_growth_yearly": 351.51
        },
        "20204": {
            "year_quarter": 20204,
            "year": 2020,
            "quarter": 4,
            "eps": 0.3,
            "eps_growth_year": -28.68,
            "eps_4q": 2.5,
            "eps_4q_growth_year": -22.36,
            "roe": 0.6,
            "roe_4q": 5.0200000000000005,
            "gross_profit": 3251465,
            "gross_margin": 22.01,
            "gross_margin_4q_avg": 25.57,
            "net_income": 924149,
            "revenue": 14773420,
            "common_shares": 30935939,
            "book_valuer_per_share": 50.02,
            "book_valuer_per_share_4q_avg": 49.99,
            "equity": 153812027,
            "current_ratio": 874.22,
            "debt_ratio": 7.14,
            "inventory_turnover_ratio": 0.78,
            "account_receivable_turnover_ratio": 1.69,
            "reinvestment_rate": -24.68,
            "research_to_sale_ratio": 9.74,
            "price_fair": 141.03,
            "eps_avg_yearly": 8.14,
            "eps_latest_yearly": 1.2,
            "eps_growth_yearly": 7.33
        },
        "20211": {
            "year_quarter": 20211,
            "year": 2021,
            "quarter": 1,
            "eps": 0.88,
            "eps_growth_year": 39.68,
            "eps_4q": 2.74,
            "eps_4q_growth_year": 2.61,
            "roe": 1.74,
            "roe_4q": 5.5,
            "gross_profit": 5162012,
            "gross_margin": 29.11,
            "gross_margin_4q_avg": 26.89,
            "net_income": 2704333,
            "revenue": 17730613,
            "common_shares": 30964349,
            "book_valuer_per_share": 51,
            "book_valuer_per_share_4q_avg": 50.14,
            "equity": 157319610,
            "current_ratio": 874.16,
            "debt_ratio": 7.35,
            "inventory_turnover_ratio": 0.95,
            "account_receivable_turnover_ratio": 2.14,
            "reinvestment_rate": -41.11,
            "research_to_sale_ratio": 9.26,
            "price_fair": 282.1,
            "eps_avg_yearly": 8.06,
            "eps_latest_yearly": 3.52,
            "eps_growth_yearly": 76.59
        },
        "20212": {
            "year_quarter": 20212,
            "year": 2021,
            "quarter": 2,
            "eps": 2,
            "eps_growth_year": 90.48,
            "eps_4q": 3.7,
            "eps_4q_growth_year": 32.91,
            "roe": 3.9,
            "roe_4q": 7.299999999999999,
            "gross_profit": 9583326,
            "gross_margin": 42.33,
            "gross_margin_4q_avg": 29.83,
            "net_income": 6163367,
            "revenue": 22637468,
            "common_shares": 30970119,
            "book_valuer_per_share": 51.43,
            "book_valuer_per_share_4q_avg": 50.59,
            "equity": 158647283,
            "current_ratio": 570.9,
            "debt_ratio": 10.75,
            "inventory_turnover_ratio": 1.12,
            "account_receivable_turnover_ratio": 2.32,
            "reinvestment_rate": -45.78,
            "research_to_sale_ratio": 8.31,
            "price_fair": 278.95,
            "eps_avg_yearly": 7.97,
            "eps_latest_yearly": 8,
            "eps_growth_yearly": 83.83
        },
        "20213": {
            "year_quarter": 20213,
            "year": 2021,
            "quarter": 3,
            "eps": 2.44,
            "eps_growth_year": 360.38,
            "eps_4q": 5.6,
            "eps_4q_growth_year": 114.07,
            "roe": 4.63,
            "roe_4q": 10.87,
            "gross_profit": 11735197,
            "gross_margin": 49.23,
            "gross_margin_4q_avg": 35.67,
            "net_income": 7527195,
            "revenue": 23837128,
            "common_shares": 30970839,
            "book_valuer_per_share": 53.87,
            "book_valuer_per_share_4q_avg": 51.58,
            "equity": 166512713,
            "current_ratio": 577.23,
            "debt_ratio": 10.62,
            "inventory_turnover_ratio": 1.1,
            "account_receivable_turnover_ratio": 2.01,
            "reinvestment_rate": -31.45,
            "research_to_sale_ratio": 8.47,
            "price_fair": 273.26,
            "eps_avg_yearly": 7.81,
            "eps_latest_yearly": 9.76,
            "eps_growth_yearly": 81.6
        },
        "20214": {
            "year_quarter": 20214,
            "year": 2021,
            "quarter": 4,
            "eps": 2.08,
            "eps_growth_year": 593.85,
            "eps_4q": 7.38,
            "eps_4q_growth_year": 195.35,
            "roe": 3.8,
            "roe_4q": 14.07,
            "gross_profit": 10563413,
            "gross_margin": 49.36,
            "gross_margin_4q_avg": 42.51,
            "net_income": 6454120,
            "revenue": 21398949,
            "common_shares": 30968749,
            "book_valuer_per_share": 55.85,
            "book_valuer_per_share_4q_avg": 53.04,
            "equity": 172978068,
            "current_ratio": 678.45,
            "debt_ratio": 9.63,
            "inventory_turnover_ratio": 0.96,
            "account_receivable_turnover_ratio": 1.74,
            "reinvestment_rate": -5.89,
            "research_to_sale_ratio": 9.14,
            "price_fair": 227.06,
            "eps_avg_yearly": 6.49,
            "eps_latest_yearly": 8.32,
            "eps_growth_yearly": 43.36
        },
        "20221": {
            "year_quarter": 20221,
            "year": 2022,
            "quarter": 1,
            "eps": 2.11,
            "eps_growth_year": 139.77,
            "eps_4q": 8.62,
            "eps_4q_growth_year": 214.32,
            "roe": 3.7,
            "roe_4q": 16.029999999999998,
            "gross_profit": 8750427,
            "gross_margin": 43.87,
            "gross_margin_4q_avg": 46.2,
            "net_income": 6550137,
            "revenue": 19946325,
            "common_shares": 30970709,
            "book_valuer_per_share": 58.45,
            "book_valuer_per_share_4q_avg": 54.9,
            "equity": 181014516,
            "current_ratio": 685.44,
            "debt_ratio": 9.93,
            "inventory_turnover_ratio": 0.95,
            "account_receivable_turnover_ratio": 1.78,
            "reinvestment_rate": -6.54,
            "research_to_sale_ratio": 9.5,
            "price_fair": 224.61,
            "eps_avg_yearly": 6.42,
            "eps_latest_yearly": 8.44,
            "eps_growth_yearly": 60.61
        },
        "20222": {
            "year_quarter": 20222,
            "year": 2022,
            "quarter": 2,
            "eps": 2.12,
            "eps_growth_year": 6,
            "eps_4q": 8.75,
            "eps_4q_growth_year": 136.62,
            "roe": 3.66,
            "roe_4q": 15.79,
            "gross_profit": 7958199,
            "gross_margin": 44.14,
            "gross_margin_4q_avg": 46.65,
            "net_income": 6574723,
            "revenue": 18030672,
            "common_shares": 30971219,
            "book_valuer_per_share": 57.4,
            "book_valuer_per_share_4q_avg": 56.39,
            "equity": 177797022,
            "current_ratio": 448.35,
            "debt_ratio": 15.55,
            "inventory_turnover_ratio": 0.77,
            "account_receivable_turnover_ratio": 1.72,
            "reinvestment_rate": -4.01,
            "research_to_sale_ratio": 10.71,
            "price_fair": 210.96,
            "eps_avg_yearly": 6.03,
            "eps_latest_yearly": 8.48,
            "eps_growth_yearly": 47.23
        },
        "20223": {
            "year_quarter": 20223,
            "year": 2022,
            "quarter": 3,
            "eps": 0.85,
            "eps_growth_year": -65.16,
            "eps_4q": 7.17,
            "eps_4q_growth_year": 27.99,
            "roe": 1.46,
            "roe_4q": 12.620000000000001,
            "gross_profit": 3596560,
            "gross_margin": 32.63,
            "gross_margin_4q_avg": 42.5,
            "net_income": 2640591,
            "revenue": 11021725,
            "common_shares": 30976779,
            "book_valuer_per_share": 59.29,
            "book_valuer_per_share_4q_avg": 57.75,
            "equity": 183672406,
            "current_ratio": 752.15,
            "debt_ratio": 10,
            "inventory_turnover_ratio": 0.45,
            "account_receivable_turnover_ratio": 1.31,
            "reinvestment_rate": -12.83,
            "research_to_sale_ratio": 18.66,
            "price_fair": 182.09,
            "eps_avg_yearly": 5.2,
            "eps_latest_yearly": 3.4,
            "eps_growth_yearly": 29.06
        },
        "20224": {
            "year_quarter": 20224,
            "year": 2022,
            "quarter": 4,
            "eps": -0.37,
            "eps_growth_year": -117.76,
            "eps_4q": 4.72,
            "eps_4q_growth_year": -36.03,
            "roe": -0.63,
            "roe_4q": 8.190000000000001,
            "gross_profit": 1036908,
            "gross_margin": 13.04,
            "gross_margin_4q_avg": 33.42,
            "net_income": -1146420,
            "revenue": 7953553,
            "common_shares": 30980079,
            "book_valuer_per_share": 58.41,
            "book_valuer_per_share_4q_avg": 58.39,
            "equity": 180958050,
            "current_ratio": 652.16,
            "debt_ratio": 10.52,
            "inventory_turnover_ratio": 0.33,
            "account_receivable_turnover_ratio": 1.43,
            "reinvestment_rate": -14.7,
            "research_to_sale_ratio": 24.63,
            "price_fair": 169.96,
            "eps_avg_yearly": 4.86,
            "eps_latest_yearly": 3.4,
            "eps_growth_yearly": 40.96
        },
        "20231": {
            "year_quarter": 20231,
            "year": 2023,
            "quarter": 1,
            "eps": -0.54,
            "eps_growth_year": -125.59,
            "eps_4q": 2.06,
            "eps_4q_growth_year": -76.09,
            "roe": -0.95,
            "roe_4q": 3.54,
            "gross_profit": -554160,
            "gross_margin": -8.63,
            "gross_margin_4q_avg": 20.3,
            "net_income": -1684687,
            "revenue": 6424883,
            "common_shares": 30980429,
            "book_valuer_per_share": 55.62,
            "book_valuer_per_share_4q_avg": 57.68,
            "equity": 172301376,
            "current_ratio": 502.67,
            "debt_ratio": 12.87,
            "inventory_turnover_ratio": 0.28,
            "account_receivable_turnover_ratio": 1.64,
            "reinvestment_rate": -10.86,
            "research_to_sale_ratio": 27.7,
            "price_fair": 170.3,
            "eps_avg_yearly": 4.87,
            "eps_latest_yearly": 3.4,
            "eps_growth_yearly": 59.49
        }
    },
    "months": {
        "2001-06": {
            "month": "2001-06",
            "price": "22.60",
            "revenue": 611061
        },
        "2001-07": {
            "month": "2001-07",
            "price": "16.60",
            "revenue": 752302
        },
        "2001-08": {
            "month": "2001-08",
            "price": "15.07",
            "revenue": 805316
        },
        "2001-09": {
            "month": "2001-09",
            "price": "11.35",
            "revenue": 552524
        },
        "2001-10": {
            "month": "2001-10",
            "price": "8.77",
            "revenue": 661580
        },
        "2001-11": {
            "month": "2001-11",
            "price": "14.08",
            "revenue": 1121498
        },
        "2001-12": {
            "month": "2001-12",
            "price": "28.60",
            "revenue": 1851425
        },
        "2002-01": {
            "month": "2002-01",
            "price": "42.08",
            "revenue": 2521755
        },
        "2002-02": {
            "month": "2002-02",
            "price": "48.21",
            "revenue": 2612549
        },
        "2002-03": {
            "month": "2002-03",
            "price": "44.23",
            "revenue": 2640526
        },
        "2002-04": {
            "month": "2002-04",
            "price": "42.16",
            "revenue": 2318855
        },
        "2002-05": {
            "month": "2002-05",
            "price": "31.12",
            "revenue": 1565911
        },
        "2002-06": {
            "month": "2002-06",
            "price": "33.16",
            "revenue": 1694297
        },
        "2002-07": {
            "month": "2002-07",
            "price": "34.67",
            "revenue": 2332399
        },
        "2002-08": {
            "month": "2002-08",
            "price": "32.54",
            "revenue": 2802898
        },
        "2002-09": {
            "month": "2002-09",
            "price": "26.96",
            "revenue": 2743063
        },
        "2002-10": {
            "month": "2002-10",
            "price": "24.03",
            "revenue": 3301823
        },
        "2002-11": {
            "month": "2002-11",
            "price": "27.56",
            "revenue": 3003712
        },
        "2002-12": {
            "month": "2002-12",
            "price": "22.94",
            "revenue": 2505770
        },
        "2003-01": {
            "month": "2003-01",
            "price": "21.89",
            "revenue": 2238713
        },
        "2003-02": {
            "month": "2003-02",
            "price": "19.31",
            "revenue": 1655872
        },
        "2003-03": {
            "month": "2003-03",
            "price": "20.19",
            "revenue": 1934701
        },
        "2003-04": {
            "month": "2003-04",
            "price": "21.14",
            "revenue": 1590860
        },
        "2003-05": {
            "month": "2003-05",
            "price": "20.10",
            "revenue": 2188764
        },
        "2003-06": {
            "month": "2003-06",
            "price": "25.61",
            "revenue": 2337315
        },
        "2003-07": {
            "month": "2003-07",
            "price": "27.40",
            "revenue": 2632348
        },
        "2003-08": {
            "month": "2003-08",
            "price": "27.41",
            "revenue": 2869966
        },
        "2003-09": {
            "month": "2003-09",
            "price": "27.06",
            "revenue": 2674858
        },
        "2003-10": {
            "month": "2003-10",
            "price": "23.55",
            "revenue": 2816691
        },
        "2003-11": {
            "month": "2003-11",
            "price": "20.94",
            "revenue": 2759822
        },
        "2003-12": {
            "month": "2003-12",
            "price": "20.87",
            "revenue": 2728601
        },
        "2004-01": {
            "month": "2004-01",
            "price": "23.91",
            "revenue": 2605016
        },
        "2004-02": {
            "month": "2004-02",
            "price": "23.98",
            "revenue": 2758405
        },
        "2004-03": {
            "month": "2004-03",
            "price": "26.52",
            "revenue": 3177390
        },
        "2004-04": {
            "month": "2004-04",
            "price": "29.00",
            "revenue": 3507338
        },
        "2004-05": {
            "month": "2004-05",
            "price": "23.49",
            "revenue": 3551993
        },
        "2004-06": {
            "month": "2004-06",
            "price": "24.15",
            "revenue": 3413344
        },
        "2004-07": {
            "month": "2004-07",
            "price": "25.03",
            "revenue": 3269588
        },
        "2004-08": {
            "month": "2004-08",
            "price": "23.08",
            "revenue": 3540557
        },
        "2004-09": {
            "month": "2004-09",
            "price": "27.01",
            "revenue": 3714358
        },
        "2004-10": {
            "month": "2004-10",
            "price": "26.97",
            "revenue": 3873104
        },
        "2004-11": {
            "month": "2004-11",
            "price": "23.25",
            "revenue": 3602488
        },
        "2004-12": {
            "month": "2004-12",
            "price": "24.07",
            "revenue": 3507384
        },
        "2005-01": {
            "month": "2005-01",
            "price": "23.95",
            "revenue": 3557015
        },
        "2005-02": {
            "month": "2005-02",
            "price": "23.65",
            "revenue": 3730917
        },
        "2005-03": {
            "month": "2005-03",
            "price": "22.83",
            "revenue": 3528754
        },
        "2005-04": {
            "month": "2005-04",
            "price": "21.18",
            "revenue": 3153791
        },
        "2005-05": {
            "month": "2005-05",
            "price": "22.87",
            "revenue": 3278593
        },
        "2005-06": {
            "month": "2005-06",
            "price": "24.09",
            "revenue": 3952123
        },
        "2005-07": {
            "month": "2005-07",
            "price": "24.47",
            "revenue": 4432983
        },
        "2005-08": {
            "month": "2005-08",
            "price": "22.92",
            "revenue": 5030245
        },
        "2005-09": {
            "month": "2005-09",
            "price": "20.33",
            "revenue": 4833734
        },
        "2005-10": {
            "month": "2005-10",
            "price": "17.93",
            "revenue": 5017069
        },
        "2005-11": {
            "month": "2005-11",
            "price": "17.10",
            "revenue": 4620388
        },
        "2005-12": {
            "month": "2005-12",
            "price": "18.41",
            "revenue": 4635971
        },
        "2006-01": {
            "month": "2006-01",
            "price": "19.92",
            "revenue": 4561848
        },
        "2006-02": {
            "month": "2006-02",
            "price": "20.63",
            "revenue": 4840355
        },
        "2006-03": {
            "month": "2006-03",
            "price": "18.55",
            "revenue": 5464004
        },
        "2006-04": {
            "month": "2006-04",
            "price": "19.97",
            "revenue": 5751186
        },
        "2006-05": {
            "month": "2006-05",
            "price": "20.85",
            "revenue": 5735863
        },
        "2006-06": {
            "month": "2006-06",
            "price": "19.65",
            "revenue": 6031147
        },
        "2006-07": {
            "month": "2006-07",
            "price": "20.89",
            "revenue": 6146450
        },
        "2006-08": {
            "month": "2006-08",
            "price": "21.87",
            "revenue": 6623574
        },
        "2006-09": {
            "month": "2006-09",
            "price": "22.75",
            "revenue": 7631631
        },
        "2006-10": {
            "month": "2006-10",
            "price": "22.86",
            "revenue": 7575046
        },
        "2006-11": {
            "month": "2006-11",
            "price": "25.16",
            "revenue": 7312049
        },
        "2006-12": {
            "month": "2006-12",
            "price": "26.37",
            "revenue": 7441677
        },
        "2007-01": {
            "month": "2007-01",
            "price": "26.44",
            "revenue": 6520367
        },
        "2007-02": {
            "month": "2007-02",
            "price": "25.39",
            "revenue": 5566054
        },
        "2007-03": {
            "month": "2007-03",
            "price": "27.01",
            "revenue": 5028533
        },
        "2007-04": {
            "month": "2007-04",
            "price": "28.53",
            "revenue": 4323243
        },
        "2007-05": {
            "month": "2007-05",
            "price": "28.12",
            "revenue": 3752890
        },
        "2007-06": {
            "month": "2007-06",
            "price": "29.20",
            "revenue": 3927214
        },
        "2007-07": {
            "month": "2007-07",
            "price": "29.65",
            "revenue": 4402662
        },
        "2007-08": {
            "month": "2007-08",
            "price": "25.09",
            "revenue": 4838968
        },
        "2007-09": {
            "month": "2007-09",
            "price": "22.35",
            "revenue": 4160915
        },
        "2007-10": {
            "month": "2007-10",
            "price": "21.52",
            "revenue": 3679246
        },
        "2007-11": {
            "month": "2007-11",
            "price": "18.15",
            "revenue": 3493160
        },
        "2007-12": {
            "month": "2007-12",
            "price": "17.85",
            "revenue": 3200941
        },
        "2008-01": {
            "month": "2008-01",
            "price": "17.72",
            "revenue": 3313266
        },
        "2008-02": {
            "month": "2008-02",
            "price": "17.58",
            "revenue": 3092832
        },
        "2008-03": {
            "month": "2008-03",
            "price": "17.77",
            "revenue": 2737396
        },
        "2008-04": {
            "month": "2008-04",
            "price": "19.02",
            "revenue": 2703686
        },
        "2008-05": {
            "month": "2008-05",
            "price": "19.06",
            "revenue": 3326347
        },
        "2008-06": {
            "month": "2008-06",
            "price": "15.83",
            "revenue": 3500213
        },
        "2008-07": {
            "month": "2008-07",
            "price": "12.16",
            "revenue": 4254962
        },
        "2008-08": {
            "month": "2008-08",
            "price": "11.03",
            "revenue": 3958789
        },
        "2008-09": {
            "month": "2008-09",
            "price": "8.36",
            "revenue": 3290558
        },
        "2008-10": {
            "month": "2008-10",
            "price": "7.05",
            "revenue": 3242701
        },
        "2008-11": {
            "month": "2008-11",
            "price": "4.71",
            "revenue": 1460346
        },
        "2008-12": {
            "month": "2008-12",
            "price": "5.35",
            "revenue": 1430720
        },
        "2009-01": {
            "month": "2009-01",
            "price": "5.83",
            "revenue": 2003911
        },
        "2009-02": {
            "month": "2009-02",
            "price": "6.54",
            "revenue": 1947535
        },
        "2009-03": {
            "month": "2009-03",
            "price": "6.46",
            "revenue": 2220518
        },
        "2009-04": {
            "month": "2009-04",
            "price": "8.04",
            "revenue": 2646698
        },
        "2009-05": {
            "month": "2009-05",
            "price": "6.32",
            "revenue": 2890631
        },
        "2009-06": {
            "month": "2009-06",
            "price": "5.47",
            "revenue": 2547908
        },
        "2009-07": {
            "month": "2009-07",
            "price": "5.73",
            "revenue": 3296476
        },
        "2009-08": {
            "month": "2009-08",
            "price": "9.74",
            "revenue": 3653544
        },
        "2009-09": {
            "month": "2009-09",
            "price": "20.12",
            "revenue": 4559390
        },
        "2009-10": {
            "month": "2009-10",
            "price": "21.72",
            "revenue": 5675310
        },
        "2009-11": {
            "month": "2009-11",
            "price": "24.62",
            "revenue": 6050840
        },
        "2009-12": {
            "month": "2009-12",
            "price": "25.13",
            "revenue": 4963710
        },
        "2010-01": {
            "month": "2010-01",
            "price": "30.86",
            "revenue": 4722438
        },
        "2010-02": {
            "month": "2010-02",
            "price": "25.05",
            "revenue": 4141263
        },
        "2010-03": {
            "month": "2010-03",
            "price": "29.10",
            "revenue": 5257108
        },
        "2010-04": {
            "month": "2010-04",
            "price": "29.31",
            "revenue": 5221150
        },
        "2010-05": {
            "month": "2010-05",
            "price": "25.87",
            "revenue": 5266966
        },
        "2010-06": {
            "month": "2010-06",
            "price": "25.92",
            "revenue": 5229431
        },
        "2010-07": {
            "month": "2010-07",
            "price": "24.26",
            "revenue": 5098080
        },
        "2010-08": {
            "month": "2010-08",
            "price": "21.85",
            "revenue": 5259456
        },
        "2010-09": {
            "month": "2010-09",
            "price": "20.01",
            "revenue": 4558436
        },
        "2010-10": {
            "month": "2010-10",
            "price": "18.90",
            "revenue": 3779160
        },
        "2010-11": {
            "month": "2010-11",
            "price": "16.32",
            "revenue": 3962380
        },
        "2010-12": {
            "month": "2010-12",
            "price": "16.42",
            "revenue": 4048028
        },
        "2011-01": {
            "month": "2011-01",
            "price": "16.70",
            "revenue": 3442728
        },
        "2011-02": {
            "month": "2011-02",
            "price": "17.40",
            "revenue": 3551825
        },
        "2011-03": {
            "month": "2011-03",
            "price": "15.31",
            "revenue": 3737025
        },
        "2011-04": {
            "month": "2011-04",
            "price": "15.09",
            "revenue": 4436388
        },
        "2011-05": {
            "month": "2011-05",
            "price": "12.66",
            "revenue": 3920108
        },
        "2011-06": {
            "month": "2011-06",
            "price": "9.86",
            "revenue": 3112401
        },
        "2011-07": {
            "month": "2011-07",
            "price": "7.32",
            "revenue": 2348304
        },
        "2011-08": {
            "month": "2011-08",
            "price": "4.93",
            "revenue": 2403819
        },
        "2011-09": {
            "month": "2011-09",
            "price": "4.00",
            "revenue": 2570491
        },
        "2011-10": {
            "month": "2011-10",
            "price": "3.60",
            "revenue": 2787996
        },
        "2011-11": {
            "month": "2011-11",
            "price": "2.69",
            "revenue": 2421586
        },
        "2011-12": {
            "month": "2011-12",
            "price": "2.13",
            "revenue": 2008611
        },
        "2012-01": {
            "month": "2012-01",
            "price": "2.29",
            "revenue": 2569616
        },
        "2012-02": {
            "month": "2012-02",
            "price": "3.48",
            "revenue": 3244726
        },
        "2012-03": {
            "month": "2012-03",
            "price": "3.53",
            "revenue": 2983770
        },
        "2012-04": {
            "month": "2012-04",
            "price": "2.84",
            "revenue": 3409709
        },
        "2012-05": {
            "month": "2012-05",
            "price": "2.49",
            "revenue": 3421027
        },
        "2012-06": {
            "month": "2012-06",
            "price": "2.50",
            "revenue": 3270864
        },
        "2012-07": {
            "month": "2012-07",
            "price": "2.27",
            "revenue": 2578683
        },
        "2012-08": {
            "month": "2012-08",
            "price": "1.90",
            "revenue": 2110371
        },
        "2012-09": {
            "month": "2012-09",
            "price": "1.83",
            "revenue": 1863664
        },
        "2012-10": {
            "month": "2012-10",
            "price": "1.54",
            "revenue": 2243282
        },
        "2012-11": {
            "month": "2012-11",
            "price": "1.33",
            "revenue": 2668813
        },
        "2012-12": {
            "month": "2012-12",
            "price": "2.16",
            "revenue": 2113573
        },
        "2013-01": {
            "month": "2013-01",
            "price": "2.76",
            "revenue": 2551193
        },
        "2013-02": {
            "month": "2013-02",
            "price": "2.81",
            "revenue": 3062645
        },
        "2013-03": {
            "month": "2013-03",
            "price": "3.44",
            "revenue": 3631933
        },
        "2013-04": {
            "month": "2013-04",
            "price": "4.85",
            "revenue": 4801389
        },
        "2013-05": {
            "month": "2013-05",
            "price": "5.75",
            "revenue": 4601130
        },
        "2013-06": {
            "month": "2013-06",
            "price": "5.99",
            "revenue": 4432463
        },
        "2013-07": {
            "month": "2013-07",
            "price": "4.93",
            "revenue": 4139045
        },
        "2013-08": {
            "month": "2013-08",
            "price": "3.77",
            "revenue": 3513149
        },
        "2013-09": {
            "month": "2013-09",
            "price": "4.20",
            "revenue": 3804586
        },
        "2013-10": {
            "month": "2013-10",
            "price": "4.32",
            "revenue": 4401784
        },
        "2013-11": {
            "month": "2013-11",
            "price": "4.12",
            "revenue": 3845626
        },
        "2013-12": {
            "month": "2013-12",
            "price": "3.90",
            "revenue": 4168898
        },
        "2014-01": {
            "month": "2014-01",
            "price": "5.26",
            "revenue": 4165035
        },
        "2014-02": {
            "month": "2014-02",
            "price": "5.02",
            "revenue": 3754520
        },
        "2014-03": {
            "month": "2014-03",
            "price": "3.95",
            "revenue": 3771957
        },
        "2014-04": {
            "month": "2014-04",
            "price": "4.42",
            "revenue": 3687352
        },
        "2014-05": {
            "month": "2014-05",
            "price": "6.08",
            "revenue": 4155060
        },
        "2014-06": {
            "month": "2014-06",
            "price": "7.55",
            "revenue": 4074011
        },
        "2014-07": {
            "month": "2014-07",
            "price": "8.21",
            "revenue": 4392528
        },
        "2014-08": {
            "month": "2014-08",
            "price": "7.73",
            "revenue": 4457165
        },
        "2014-09": {
            "month": "2014-09",
            "price": "64.64",
            "revenue": 4240880
        },
        "2014-10": {
            "month": "2014-10",
            "price": "58.74",
            "revenue": 4154888
        },
        "2014-11": {
            "month": "2014-11",
            "price": "68.22",
            "revenue": 4093420
        },
        "2014-12": {
            "month": "2014-12",
            "price": "72.70",
            "revenue": 4159574
        },
        "2015-01": {
            "month": "2015-01",
            "price": "78.52",
            "revenue": 3983798
        },
        "2015-02": {
            "month": "2015-02",
            "price": "77.93",
            "revenue": 3965430
        },
        "2015-03": {
            "month": "2015-03",
            "price": "78.38",
            "revenue": 4078715
        },
        "2015-04": {
            "month": "2015-04",
            "price": "72.02",
            "revenue": 3913630
        },
        "2015-05": {
            "month": "2015-05",
            "price": "64.28",
            "revenue": 3797674
        },
        "2015-06": {
            "month": "2015-06",
            "price": "60.79",
            "revenue": 3444472
        },
        "2015-07": {
            "month": "2015-07",
            "price": "38.60",
            "revenue": 3528150
        },
        "2015-08": {
            "month": "2015-08",
            "price": "37.21",
            "revenue": 3596388
        },
        "2015-09": {
            "month": "2015-09",
            "price": "41.69",
            "revenue": 3212782
        },
        "2015-10": {
            "month": "2015-10",
            "price": "39.63",
            "revenue": 3414112
        },
        "2015-11": {
            "month": "2015-11",
            "price": "38.65",
            "revenue": 3373228
        },
        "2015-12": {
            "month": "2015-12",
            "price": "44.92",
            "revenue": 3560928
        },
        "2016-01": {
            "month": "2016-01",
            "price": "41.63",
            "revenue": 3757519
        },
        "2016-02": {
            "month": "2016-02",
            "price": "39.53",
            "revenue": 3339604
        },
        "2016-03": {
            "month": "2016-03",
            "price": "40.63",
            "revenue": 3300432
        },
        "2016-04": {
            "month": "2016-04",
            "price": "38.42",
            "revenue": 2975131
        },
        "2016-05": {
            "month": "2016-05",
            "price": "38.77",
            "revenue": 2896748
        },
        "2016-06": {
            "month": "2016-06",
            "price": "38.22",
            "revenue": 3061215
        },
        "2016-07": {
            "month": "2016-07",
            "price": "39.05",
            "revenue": 3251880
        },
        "2016-08": {
            "month": "2016-08",
            "price": "37.07",
            "revenue": 3455658
        },
        "2016-09": {
            "month": "2016-09",
            "price": "38.82",
            "revenue": 3496357
        },
        "2016-10": {
            "month": "2016-10",
            "price": "40.22",
            "revenue": 3821452
        },
        "2016-11": {
            "month": "2016-11",
            "price": "40.82",
            "revenue": 4011853
        },
        "2016-12": {
            "month": "2016-12",
            "price": "46.95",
            "revenue": 4263045
        },
        "2017-01": {
            "month": "2017-01",
            "price": "47.71",
            "revenue": 4067460
        },
        "2017-02": {
            "month": "2017-02",
            "price": "46.39",
            "revenue": 3969931
        },
        "2017-03": {
            "month": "2017-03",
            "price": "46.58",
            "revenue": 4193183
        },
        "2017-04": {
            "month": "2017-04",
            "price": "47.38",
            "revenue": 4317144
        },
        "2017-05": {
            "month": "2017-05",
            "price": "50.63",
            "revenue": 4115025
        },
        "2017-06": {
            "month": "2017-06",
            "price": "53.02",
            "revenue": 4193333
        },
        "2017-07": {
            "month": "2017-07",
            "price": "59.06",
            "revenue": 4296911
        },
        "2017-08": {
            "month": "2017-08",
            "price": "62.63",
            "revenue": 4352252
        },
        "2017-09": {
            "month": "2017-09",
            "price": "74.44",
            "revenue": 4644199
        },
        "2017-10": {
            "month": "2017-10",
            "price": "86.39",
            "revenue": 5072100
        },
        "2017-11": {
            "month": "2017-11",
            "price": "84.14",
            "revenue": 5744613
        },
        "2017-12": {
            "month": "2017-12",
            "price": "76.57",
            "revenue": 5966623
        },
        "2018-01": {
            "month": "2018-01",
            "price": "80.78",
            "revenue": 6147637
        },
        "2018-02": {
            "month": "2018-02",
            "price": "77.47",
            "revenue": 5927141
        },
        "2018-03": {
            "month": "2018-03",
            "price": "88.87",
            "revenue": 6722661
        },
        "2018-04": {
            "month": "2018-04",
            "price": "92.06",
            "revenue": 7680634
        },
        "2018-05": {
            "month": "2018-05",
            "price": "96.80",
            "revenue": 8326045
        },
        "2018-06": {
            "month": "2018-06",
            "price": "93.42",
            "revenue": 8585538
        },
        "2018-07": {
            "month": "2018-07",
            "price": "81.92",
            "revenue": 8162217
        },
        "2018-08": {
            "month": "2018-08",
            "price": "70.78",
            "revenue": 8233012
        },
        "2018-09": {
            "month": "2018-09",
            "price": "60.75",
            "revenue": 7979357
        },
        "2018-10": {
            "month": "2018-10",
            "price": "52.19",
            "revenue": 6725607
        },
        "2018-11": {
            "month": "2018-11",
            "price": "56.40",
            "revenue": 5402984
        },
        "2018-12": {
            "month": "2018-12",
            "price": "55.20",
            "revenue": 4828971
        },
        "2019-01": {
            "month": "2019-01",
            "price": "55.47",
            "revenue": 4258227
        },
        "2019-02": {
            "month": "2019-02",
            "price": "60.80",
            "revenue": 3394786
        },
        "2019-03": {
            "month": "2019-03",
            "price": "61.13",
            "revenue": 3718792
        },
        "2019-04": {
            "month": "2019-04",
            "price": "63.30",
            "revenue": 4110913
        },
        "2019-05": {
            "month": "2019-05",
            "price": "62.18",
            "revenue": 4244222
        },
        "2019-06": {
            "month": "2019-06",
            "price": "61.66",
            "revenue": 4085655
        },
        "2019-07": {
            "month": "2019-07",
            "price": "68.30",
            "revenue": 4575989
        },
        "2019-08": {
            "month": "2019-08",
            "price": "70.91",
            "revenue": 5222016
        },
        "2019-09": {
            "month": "2019-09",
            "price": "79.18",
            "revenue": 5001349
        },
        "2019-10": {
            "month": "2019-10",
            "price": "73.87",
            "revenue": 4522071
        },
        "2019-11": {
            "month": "2019-11",
            "price": "70.87",
            "revenue": 4262907
        },
        "2019-12": {
            "month": "2019-12",
            "price": "80.00",
            "revenue": 4330531
        },
        "2020-01": {
            "month": "2020-01",
            "price": "83.24",
            "revenue": 4500238
        },
        "2020-02": {
            "month": "2020-02",
            "price": "83.73",
            "revenue": 4563039
        },
        "2020-03": {
            "month": "2020-03",
            "price": "61.89",
            "revenue": 5355593
        },
        "2020-04": {
            "month": "2020-04",
            "price": "60.80",
            "revenue": 5619678
        },
        "2020-05": {
            "month": "2020-05",
            "price": "61.41",
            "revenue": 5549926
        },
        "2020-06": {
            "month": "2020-06",
            "price": "61.32",
            "revenue": 5319753
        },
        "2020-07": {
            "month": "2020-07",
            "price": "60.56",
            "revenue": 4906905
        },
        "2020-08": {
            "month": "2020-08",
            "price": "54.32",
            "revenue": 4870327
        },
        "2020-09": {
            "month": "2020-09",
            "price": "54.38",
            "revenue": 5546635
        },
        "2020-10": {
            "month": "2020-10",
            "price": "60.05",
            "revenue": 4798034
        },
        "2020-11": {
            "month": "2020-11",
            "price": "64.82",
            "revenue": 4898221
        },
        "2020-12": {
            "month": "2020-12",
            "price": "85.44",
            "revenue": 5077165
        },
        "2021-01": {
            "month": "2021-01",
            "price": "87.20",
            "revenue": 5532161
        },
        "2021-02": {
            "month": "2021-02",
            "price": "91.75",
            "revenue": 5790836
        },
        "2021-03": {
            "month": "2021-03",
            "price": "91.49",
            "revenue": 6407616
        },
        "2021-04": {
            "month": "2021-04",
            "price": "97.54",
            "revenue": 7394273
        },
        "2021-05": {
            "month": "2021-05",
            "price": "78.69",
            "revenue": 7604264
        },
        "2021-06": {
            "month": "2021-06",
            "price": "79.22",
            "revenue": 7638931
        },
        "2021-07": {
            "month": "2021-07",
            "price": "76.03",
            "revenue": 7950469
        },
        "2021-08": {
            "month": "2021-08",
            "price": "68.74",
            "revenue": 8209899
        },
        "2021-09": {
            "month": "2021-09",
            "price": "65.52",
            "revenue": 7676760
        },
        "2021-10": {
            "month": "2021-10",
            "price": "63.28",
            "revenue": 7205480
        },
        "2021-11": {
            "month": "2021-11",
            "price": "70.57",
            "revenue": 7256877
        },
        "2021-12": {
            "month": "2021-12",
            "price": "76.80",
            "revenue": 6936592
        },
        "2022-01": {
            "month": "2022-01",
            "price": "74.29",
            "revenue": 6772211
        },
        "2022-02": {
            "month": "2022-02",
            "price": "79.07",
            "revenue": 6433273
        },
        "2022-03": {
            "month": "2022-03",
            "price": "74.40",
            "revenue": 6740841
        },
        "2022-04": {
            "month": "2022-04",
            "price": "65.48",
            "revenue": 6598295
        },
        "2022-05": {
            "month": "2022-05",
            "price": "65.83",
            "revenue": 6197459
        },
        "2022-06": {
            "month": "2022-06",
            "price": "61.39",
            "revenue": 5234918
        },
        "2022-07": {
            "month": "2022-07",
            "price": "51.11",
            "revenue": 4396393
        },
        "2022-08": {
            "month": "2022-08",
            "price": "52.99",
            "revenue": 3419118
        },
        "2022-09": {
            "month": "2022-09",
            "price": "49.27",
            "revenue": 3206214
        },
        "2022-10": {
            "month": "2022-10",
            "price": "53.12",
            "revenue": 2782167
        },
        "2022-11": {
            "month": "2022-11",
            "price": "58.11",
            "revenue": 2771137
        },
        "2022-12": {
            "month": "2022-12",
            "price": "53.58",
            "revenue": 2400249
        },
        "2023-01": {
            "month": "2023-01",
            "price": "56.36",
            "revenue": 2251364
        },
        "2023-02": {
            "month": "2023-02",
            "price": "58.88",
            "revenue": 2026426
        },
        "2023-03": {
            "month": "2023-03",
            "price": "59.83",
            "revenue": 2147093
        },
        "2023-04": {
            "month": "2023-04",
            "price": "66.56",
            "revenue": 2260020
        }
    }
}
