{
    "summary": {
        "stock_name": "友達",
        "stock_id": "2409",
        "category": "光電",
        "main_business": "液晶顯示器<br>有機發光顯示器",
        "website_url": "http://www.auo.com",
        "ceo": "柯富仁",
        "pe_ratio": -7,
        "report_year_from": 2001,
        "report_year_to": 2023,
        "age": 23,
        "eps_negative_percentage": 30,
        "eps_growth_avg": {
            "last_all": -4.85,
            "last_2y": 0,
            "last_4y": -33.33,
            "last_8y": -12.04,
            "last_12y": -9.36,
            "last_16y": -11.97,
            "last_20y": -4.85,
            "at_2006_last_3y": 16.51,
            "at_2007_last_3y": 17.32,
            "at_2008_last_3y": -14.81,
            "at_2009_last_3y": -25.84,
            "at_2010_last_3y": -19.8,
            "at_2011_last_3y": -86.46,
            "at_2012_last_3y": -100,
            "at_2013_last_3y": -100,
            "at_2014_last_3y": 0,
            "at_2015_last_3y": 14.21,
            "at_2016_last_3y": 28.06,
            "at_2017_last_3y": 46.05,
            "at_2018_last_3y": 3.93,
            "at_2019_last_3y": -3.17,
            "at_2020_last_3y": -22.82,
            "at_2021_last_3y": -22.82,
            "at_2022_last_3y": -33.33,
            "at_2023_last_3y": 0,
            "at_2024_last_3y": 0,
            "at_2006_last_all": 16.51,
            "at_2007_last_all": 33.21,
            "at_2008_last_all": 17.78,
            "at_2009_last_all": 0.95,
            "at_2010_last_all": 0.95,
            "at_2011_last_all": -11.67,
            "at_2012_last_all": -11.67,
            "at_2013_last_all": -11.67,
            "at_2014_last_all": 0.74,
            "at_2015_last_all": -6.49,
            "at_2016_last_all": -0.83,
            "at_2017_last_all": 7.57,
            "at_2018_last_all": 1.72,
            "at_2019_last_all": -5.54,
            "at_2020_last_all": -5.54,
            "at_2021_last_all": 1.49,
            "at_2022_last_all": -4.85,
            "at_2023_last_all": -4.85,
            "at_2024_last_all": -4.85
        },
        "latest_eps": -2.37,
        "latest_price": 16.75,
        "latest_roe": -10.18,
        "latest_gross_margin": 3.37,
        "latest_equity": 165357536,
        "latest_revenue": 63345797,
        "latest_gross_profit": 2133568,
        "latest_net_income": -1407281,
        "latest_debt_ratio": 56.88,
        "latest_current_ratio": 152.48,
        "latest_account_receivable_turnover_ratio": 2.37,
        "latest_inventory_turnover_ratio": 2.08,
        "latest_reinvestment_rate": -47.39,
        "latest_research_to_sale_ratio": 5.3
    },
    "eps_dividends": {
        "2001": {
            "cash": 0,
            "stock": 1.6,
            "eps": -2.39
        },
        "2002": {
            "cash": 0,
            "stock": 0,
            "eps": 1.86
        },
        "2003": {
            "cash": 0.5,
            "stock": 0.5,
            "eps": 3.66
        },
        "2004": {
            "cash": 1.2,
            "stock": 0.5,
            "eps": 6.19
        },
        "2005": {
            "cash": 1.2,
            "stock": 0.9,
            "eps": 2.73
        },
        "2006": {
            "cash": 0.3,
            "stock": 0.3,
            "eps": 1.53
        },
        "2007": {
            "cash": 0.2,
            "stock": 0.2,
            "eps": 7.24
        },
        "2008": {
            "cash": 2.5,
            "stock": 0.5,
            "eps": 2.94
        },
        "2009": {
            "cash": 0.3,
            "stock": 0.3,
            "eps": -3.15
        },
        "2010": {
            "cash": 0,
            "stock": 0,
            "eps": 0.75
        },
        "2011": {
            "cash": 0.4,
            "stock": 0,
            "eps": -6.93
        },
        "2012": {
            "cash": 0,
            "stock": 0,
            "eps": -6.18
        },
        "2013": {
            "cash": 0,
            "stock": 0,
            "eps": 0.42
        },
        "2014": {
            "cash": 0.15,
            "stock": 0,
            "eps": 1.83
        },
        "2015": {
            "cash": 0.5,
            "stock": 0,
            "eps": 0.52
        },
        "2016": {
            "cash": 0.35,
            "stock": 0,
            "eps": 0.81
        },
        "2017": {
            "cash": 0.56,
            "stock": 0,
            "eps": 3.36
        },
        "2018": {
            "cash": 1.5,
            "stock": 0,
            "eps": 1.06
        },
        "2019": {
            "cash": 0.5,
            "stock": 0,
            "eps": -2
        },
        "2020": {
            "cash": 0,
            "stock": 0,
            "eps": 0.35
        },
        "2021": {
            "cash": 0.3,
            "stock": 0,
            "eps": 6.45
        },
        "2022": {
            "cash": 1,
            "stock": 0,
            "eps": -2.61
        },
        "2023": {
            "cash": 0.8,
            "stock": 0,
            "eps": -2.38
        }
    },
    "dividends": {
        "2001-05-10": {
            "cash": 0,
            "stock": 1.6
        },
        "2003-03-06": {
            "cash": 0.5,
            "stock": 0.5
        },
        "2004-02-10": {
            "cash": 1.2,
            "stock": 0.5
        },
        "2005-04-26": {
            "cash": 1.2,
            "stock": 0.9
        },
        "2006-04-07": {
            "cash": 0.3,
            "stock": 0.3
        },
        "2007-04-24": {
            "cash": 0.2,
            "stock": 0.2
        },
        "2008-03-19": {
            "cash": 2.5,
            "stock": 0.5
        },
        "2009-03-20": {
            "cash": 0.3,
            "stock": 0.3
        },
        "2011-03-11": {
            "cash": 0.4,
            "stock": 0
        },
        "2014-06-06": {
            "cash": 0.15,
            "stock": 0
        },
        "2015-08-20": {
            "cash": 0.5,
            "stock": 0
        },
        "2016-08-31": {
            "cash": 0.35,
            "stock": 0
        },
        "2017-07-28": {
            "cash": 0.56,
            "stock": 0
        },
        "2018-08-17": {
            "cash": 1.5,
            "stock": 0
        },
        "2019-08-16": {
            "cash": 0.5,
            "stock": 0
        },
        "2021-07-30": {
            "cash": 0.3,
            "stock": 0
        },
        "2022-08-05": {
            "cash": 1,
            "stock": 0
        },
        "2023-08-31": {
            "cash": 0.8,
            "stock": 0
        }
    },
    "prices": {
        "200101": "23.86",
        "200102": "28.75",
        "200103": "31.48",
        "200104": "35.34",
        "200105": "37.37",
        "200106": "34.07",
        "200107": "26.14",
        "200108": "26.19",
        "200109": "17.80",
        "200110": "14.30",
        "200111": "21.27",
        "200112": "32.80",
        "200201": "43.61",
        "200202": "55.69",
        "200203": "53.09",
        "200204": "53.00",
        "200205": "46.73",
        "200206": "38.24",
        "200207": "32.83",
        "200208": "27.48",
        "200209": "22.08",
        "200210": "19.01",
        "200211": "24.47",
        "200212": "21.71",
        "200301": "23.13",
        "200302": "23.44",
        "200303": "21.01",
        "200304": "20.03",
        "200305": "18.80",
        "200306": "23.94",
        "200307": "30.74",
        "200308": "39.66",
        "200309": "44.59",
        "200310": "46.67",
        "200311": "42.70",
        "200312": "40.56",
        "200401": "44.56",
        "200402": "49.26",
        "200403": "59.78",
        "200404": "70.66",
        "200405": "64.64",
        "200406": "52.60",
        "200407": "44.51",
        "200408": "40.77",
        "200409": "44.56",
        "200410": "40.86",
        "200411": "38.84",
        "200412": "44.04",
        "200501": "43.97",
        "200502": "48.66",
        "200503": "44.80",
        "200504": "48.24",
        "200505": "51.83",
        "200506": "53.05",
        "200507": "51.79",
        "200508": "51.25",
        "200509": "45.37",
        "200510": "39.68",
        "200511": "45.11",
        "200512": "46.58",
        "200601": "48.00",
        "200602": "52.32",
        "200603": "49.08",
        "200604": "50.89",
        "200605": "51.51",
        "200606": "43.56",
        "200607": "46.23",
        "200608": "48.57",
        "200609": "48.00",
        "200610": "46.20",
        "200611": "43.68",
        "200612": "43.80",
        "200701": "44.29",
        "200702": "47.19",
        "200703": "46.95",
        "200704": "51.76",
        "200705": "52.61",
        "200706": "55.80",
        "200707": "56.12",
        "200708": "50.12",
        "200709": "51.08",
        "200710": "63.53",
        "200711": "64.59",
        "200712": "59.58",
        "200801": "56.11",
        "200802": "56.13",
        "200803": "56.81",
        "200804": "56.79",
        "200805": "59.17",
        "200806": "52.10",
        "200807": "42.17",
        "200808": "36.94",
        "200809": "35.04",
        "200810": "29.03",
        "200811": "20.87",
        "200812": "22.24",
        "200901": "24.95",
        "200902": "26.02",
        "200903": "27.08",
        "200904": "32.06",
        "200905": "35.43",
        "200906": "33.43",
        "200907": "36.32",
        "200908": "34.22",
        "200909": "32.47",
        "200910": "31.55",
        "200911": "31.24",
        "200912": "36.24",
        "201001": "39.36",
        "201002": "34.64",
        "201003": "35.42",
        "201004": "36.32",
        "201005": "32.51",
        "201006": "30.28",
        "201007": "30.08",
        "201008": "29.24",
        "201009": "30.21",
        "201010": "30.70",
        "201011": "30.21",
        "201012": "30.53",
        "201101": "29.26",
        "201102": "26.79",
        "201103": "25.71",
        "201104": "24.98",
        "201105": "22.82",
        "201106": "21.26",
        "201107": "17.75",
        "201108": "13.52",
        "201109": "12.79",
        "201110": "12.45",
        "201111": "14.10",
        "201112": "13.57",
        "201201": "13.97",
        "201202": "16.17",
        "201203": "15.14",
        "201204": "14.14",
        "201205": "12.73",
        "201206": "11.80",
        "201207": "10.74",
        "201208": "9.09",
        "201209": "10.76",
        "201210": "10.93",
        "201211": "11.74",
        "201212": "13.31",
        "201301": "12.37",
        "201302": "12.40",
        "201303": "13.07",
        "201304": "13.12",
        "201305": "13.63",
        "201306": "11.88",
        "201307": "10.71",
        "201308": "11.16",
        "201309": "11.44",
        "201310": "10.12",
        "201311": "8.95",
        "201312": "9.13",
        "201401": "9.36",
        "201402": "9.43",
        "201403": "10.28",
        "201404": "11.68",
        "201405": "11.38",
        "201406": "11.86",
        "201407": "13.46",
        "201408": "13.86",
        "201409": "13.93",
        "201410": "12.72",
        "201411": "14.41",
        "201412": "15.14",
        "201501": "17.98",
        "201502": "16.93",
        "201503": "15.72",
        "201504": "15.42",
        "201505": "15.90",
        "201506": "14.80",
        "201507": "12.10",
        "201508": "9.69",
        "201509": "10.40",
        "201510": "10.01",
        "201511": "9.25",
        "201512": "9.10",
        "201601": "9.03",
        "201602": "8.65",
        "201603": "9.57",
        "201604": "9.67",
        "201605": "8.76",
        "201606": "9.43",
        "201607": "11.80",
        "201608": "12.78",
        "201609": "11.70",
        "201610": "12.17",
        "201611": "11.71",
        "201612": "11.80",
        "201701": "12.70",
        "201702": "12.31",
        "201703": "11.97",
        "201704": "12.54",
        "201705": "11.91",
        "201706": "12.59",
        "201707": "12.60",
        "201708": "12.06",
        "201709": "12.38",
        "201710": "12.32",
        "201711": "12.61",
        "201712": "12.49",
        "201801": "13.10",
        "201802": "13.31",
        "201803": "13.50",
        "201804": "12.87",
        "201805": "12.70",
        "201806": "13.15",
        "201807": "12.64",
        "201808": "13.09",
        "201809": "12.91",
        "201810": "11.94",
        "201811": "12.37",
        "201812": "12.37",
        "201901": "12.34",
        "201902": "11.05",
        "201903": "11.48",
        "201904": "11.26",
        "201905": "9.82",
        "201906": "9.18",
        "201907": "9.01",
        "201908": "7.66",
        "201909": "8.21",
        "201910": "8.10",
        "201911": "8.03",
        "201912": "9.56",
        "202001": "10.20",
        "202002": "10.80",
        "202003": "7.71",
        "202004": "7.45",
        "202005": "7.62",
        "202006": "8.97",
        "202007": "9.74",
        "202008": "10.00",
        "202009": "11.70",
        "202010": "11.53",
        "202011": "11.38",
        "202012": "14.72",
        "202101": "14.32",
        "202102": "17.34",
        "202103": "19.32",
        "202104": "26.83",
        "202105": "23.96",
        "202106": "23.53",
        "202107": "21.30",
        "202108": "20.02",
        "202109": "17.58",
        "202110": "17.42",
        "202111": "20.46",
        "202112": "22.13",
        "202201": "21.89",
        "202202": "20.86",
        "202203": "21.02",
        "202204": "18.59",
        "202205": "17.37",
        "202206": "17.04",
        "202207": "14.56",
        "202208": "15.33",
        "202209": "16.85",
        "202210": "17.36",
        "202211": "17.12",
        "202212": "15.50",
        "202301": "15.98",
        "202302": "17.56",
        "202303": "18.35",
        "202304": "18.38",
        "202305": "17.37",
        "202306": "18.72",
        "202307": "19.29",
        "202308": "18.68",
        "202309": "16.83",
        "202310": "15.66",
        "202311": "16.20",
        "202312": "16.84"
    },
    "quarters": {
        "20011": {
            "year_quarter": 20011,
            "year": 2001,
            "quarter": 1,
            "eps": -0.4,
            "eps_growth_year": -159.7,
            "eps_4q": -0.02,
            "eps_4q_growth_year": null,
            "roe": -2.95,
            "roe_4q": -2.95,
            "gross_profit": -224076,
            "gross_margin": -3.51,
            "gross_margin_4q_avg": -3.51,
            "net_income": -1069144,
            "net_income_4q": null,
            "revenue": 6392512,
            "revenue_4q": null,
            "common_shares": 27622816,
            "book_valuer_per_share": 17.95,
            "book_valuer_per_share_4q_avg": 17.95,
            "equity": 49596339,
            "current_ratio": 171.59,
            "debt_ratio": 45.5,
            "inventory_turnover_ratio": 1.23,
            "account_receivable_turnover_ratio": null,
            "reinvestment_rate": null,
            "research_to_sale_ratio": null,
            "price_fair": 0,
            "eps_avg_yearly": 0,
            "eps_latest_yearly": 0,
            "eps_growth_yearly": 0
        },
        "20012": {
            "year_quarter": 20012,
            "year": 2001,
            "quarter": 2,
            "eps": -0.77,
            "eps_growth_year": -211.59,
            "eps_4q": -1.07,
            "eps_4q_growth_year": -155.71,
            "roe": -4.42,
            "roe_4q": -7.37,
            "gross_profit": -1144386,
            "gross_margin": -15.1,
            "gross_margin_4q_avg": -9.31,
            "net_income": -2145133,
            "net_income_4q": null,
            "revenue": 7577338,
            "revenue_4q": null,
            "common_shares": 27622816,
            "book_valuer_per_share": 17.17,
            "book_valuer_per_share_4q_avg": 17.56,
            "equity": 47437205,
            "current_ratio": 137.56,
            "debt_ratio": 46.66,
            "inventory_turnover_ratio": 1.04,
            "account_receivable_turnover_ratio": null,
            "reinvestment_rate": null,
            "research_to_sale_ratio": null,
            "price_fair": 0,
            "eps_avg_yearly": 0,
            "eps_latest_yearly": 0,
            "eps_growth_yearly": 0
        },
        "20013": {
            "year_quarter": 20013,
            "year": 2001,
            "quarter": 3,
            "eps": -0.79,
            "eps_growth_year": -264.58,
            "eps_4q": -1.94,
            "eps_4q_growth_year": -190.04,
            "roe": -4.9,
            "roe_4q": -12.27,
            "gross_profit": -638577,
            "gross_margin": -7.42,
            "gross_margin_4q_avg": -8.68,
            "net_income": -2266989,
            "net_income_4q": null,
            "revenue": 8611997,
            "revenue_4q": null,
            "common_shares": 29705816,
            "book_valuer_per_share": 15.21,
            "book_valuer_per_share_4q_avg": 16.78,
            "equity": 45170215,
            "current_ratio": 117.65,
            "debt_ratio": 50.9,
            "inventory_turnover_ratio": 0.97,
            "account_receivable_turnover_ratio": null,
            "reinvestment_rate": null,
            "research_to_sale_ratio": null,
            "price_fair": 0,
            "eps_avg_yearly": 0,
            "eps_latest_yearly": 0,
            "eps_growth_yearly": 0
        },
        "20014": {
            "year_quarter": 20014,
            "year": 2001,
            "quarter": 4,
            "eps": -0.43,
            "eps_growth_year": null,
            "eps_4q": -2.34,
            "eps_4q_growth_year": -246.25,
            "roe": -2.76,
            "roe_4q": -15.030000000000001,
            "gross_profit": -777931,
            "gross_margin": -5.18,
            "gross_margin_4q_avg": -7.8,
            "net_income": -1228964,
            "net_income_4q": null,
            "revenue": 15006778,
            "revenue_4q": null,
            "common_shares": 29705816,
            "book_valuer_per_share": 14.79,
            "book_valuer_per_share_4q_avg": 16.28,
            "equity": 43947285,
            "current_ratio": 156.53,
            "debt_ratio": 57.5,
            "inventory_turnover_ratio": 1.66,
            "account_receivable_turnover_ratio": null,
            "reinvestment_rate": null,
            "research_to_sale_ratio": null,
            "price_fair": 0,
            "eps_avg_yearly": 0,
            "eps_latest_yearly": 0,
            "eps_growth_yearly": 0
        },
        "20021": {
            "year_quarter": 20021,
            "year": 2002,
            "quarter": 1,
            "eps": 0.63,
            "eps_growth_year": null,
            "eps_4q": -1.12,
            "eps_4q_growth_year": null,
            "roe": 4.31,
            "roe_4q": -7.7700000000000005,
            "gross_profit": 3306837,
            "gross_margin": 16.74,
            "gross_margin_4q_avg": -2.74,
            "net_income": 2034306,
            "net_income_4q": null,
            "revenue": 19749071,
            "revenue_4q": null,
            "common_shares": 29705816,
            "book_valuer_per_share": 16.98,
            "book_valuer_per_share_4q_avg": 16.04,
            "equity": 50454531,
            "current_ratio": 154.73,
            "debt_ratio": 50.89,
            "inventory_turnover_ratio": 1.9,
            "account_receivable_turnover_ratio": null,
            "reinvestment_rate": null,
            "research_to_sale_ratio": null,
            "price_fair": 0,
            "eps_avg_yearly": 0,
            "eps_latest_yearly": 0,
            "eps_growth_yearly": 0
        },
        "20022": {
            "year_quarter": 20022,
            "year": 2002,
            "quarter": 2,
            "eps": 1.19,
            "eps_growth_year": null,
            "eps_4q": 0.74,
            "eps_4q_growth_year": null,
            "roe": 6.11,
            "roe_4q": 2.76,
            "gross_profit": 5944658,
            "gross_margin": 26.22,
            "gross_margin_4q_avg": 7.59,
            "net_income": 3895632,
            "net_income_4q": null,
            "revenue": 22671097,
            "revenue_4q": null,
            "common_shares": 39763971,
            "book_valuer_per_share": 19.39,
            "book_valuer_per_share_4q_avg": 16.59,
            "equity": 77102707,
            "current_ratio": 237.56,
            "debt_ratio": 39.09,
            "inventory_turnover_ratio": 2.03,
            "account_receivable_turnover_ratio": null,
            "reinvestment_rate": null,
            "research_to_sale_ratio": null,
            "price_fair": 166.6,
            "eps_avg_yearly": 4.76,
            "eps_latest_yearly": 4.76,
            "eps_growth_yearly": 355.56
        },
        "20023": {
            "year_quarter": 20023,
            "year": 2002,
            "quarter": 3,
            "eps": 0.25,
            "eps_growth_year": null,
            "eps_4q": 1.6,
            "eps_4q_growth_year": null,
            "roe": 1.12,
            "roe_4q": 8.78,
            "gross_profit": 2437747,
            "gross_margin": 14.24,
            "gross_margin_4q_avg": 13.01,
            "net_income": 870376,
            "net_income_4q": null,
            "revenue": 17123053,
            "revenue_4q": null,
            "common_shares": 39763971,
            "book_valuer_per_share": 19.73,
            "book_valuer_per_share_4q_avg": 17.72,
            "equity": 78440589,
            "current_ratio": 227.31,
            "debt_ratio": 39.25,
            "inventory_turnover_ratio": 1.73,
            "account_receivable_turnover_ratio": null,
            "reinvestment_rate": null,
            "research_to_sale_ratio": null,
            "price_fair": 85.81,
            "eps_avg_yearly": 2.88,
            "eps_latest_yearly": 1,
            "eps_growth_yearly": 19.79
        },
        "20024": {
            "year_quarter": 20024,
            "year": 2002,
            "quarter": 4,
            "eps": -0.21,
            "eps_growth_year": null,
            "eps_4q": 1.65,
            "eps_4q_growth_year": null,
            "roe": -1,
            "roe_4q": 10.54,
            "gross_profit": 1051808,
            "gross_margin": 6.59,
            "gross_margin_4q_avg": 15.95,
            "net_income": -777645,
            "net_income_4q": null,
            "revenue": 15964058,
            "revenue_4q": null,
            "common_shares": 40241945,
            "book_valuer_per_share": 19.34,
            "book_valuer_per_share_4q_avg": 18.86,
            "equity": 77828044,
            "current_ratio": 197.7,
            "debt_ratio": 39.75,
            "inventory_turnover_ratio": 1.73,
            "account_receivable_turnover_ratio": null,
            "reinvestment_rate": null,
            "research_to_sale_ratio": null,
            "price_fair": 85.81,
            "eps_avg_yearly": 2.88,
            "eps_latest_yearly": 1,
            "eps_growth_yearly": 19.79
        },
        "20031": {
            "year_quarter": 20031,
            "year": 2003,
            "quarter": 1,
            "eps": 0.04,
            "eps_growth_year": -93.65,
            "eps_4q": 0.93,
            "eps_4q_growth_year": null,
            "roe": 0.23,
            "roe_4q": 6.460000000000001,
            "gross_profit": 1624118,
            "gross_margin": 9.49,
            "gross_margin_4q_avg": 14.14,
            "net_income": 178890,
            "net_income_4q": null,
            "revenue": 17114884,
            "revenue_4q": null,
            "common_shares": 40258337,
            "book_valuer_per_share": 19.37,
            "book_valuer_per_share_4q_avg": 19.46,
            "equity": 77964698,
            "current_ratio": 178.25,
            "debt_ratio": 37.06,
            "inventory_turnover_ratio": 1.95,
            "account_receivable_turnover_ratio": null,
            "reinvestment_rate": null,
            "research_to_sale_ratio": null,
            "price_fair": 85.81,
            "eps_avg_yearly": 2.88,
            "eps_latest_yearly": 1,
            "eps_growth_yearly": 19.79
        },
        "20032": {
            "year_quarter": 20032,
            "year": 2003,
            "quarter": 2,
            "eps": 0.69,
            "eps_growth_year": -42.02,
            "eps_4q": 0.75,
            "eps_4q_growth_year": 1.42,
            "roe": 3.73,
            "roe_4q": 4.08,
            "gross_profit": 4489033,
            "gross_margin": 20.33,
            "gross_margin_4q_avg": 12.66,
            "net_income": 2925949,
            "net_income_4q": null,
            "revenue": 22076226,
            "revenue_4q": null,
            "common_shares": 40258337,
            "book_valuer_per_share": 19.58,
            "book_valuer_per_share_4q_avg": 19.51,
            "equity": 78812207,
            "current_ratio": 140.8,
            "debt_ratio": 38.83,
            "inventory_turnover_ratio": 2.56,
            "account_receivable_turnover_ratio": null,
            "reinvestment_rate": 1629.42,
            "research_to_sale_ratio": null,
            "price_fair": 99.4,
            "eps_avg_yearly": 2.84,
            "eps_latest_yearly": 2.76,
            "eps_growth_yearly": 2179.86
        },
        "20033": {
            "year_quarter": 20033,
            "year": 2003,
            "quarter": 3,
            "eps": 1.17,
            "eps_growth_year": 368,
            "eps_4q": 1.72,
            "eps_4q_growth_year": 7.22,
            "roe": 6.09,
            "roe_4q": 9.05,
            "gross_profit": 7333000,
            "gross_margin": 25.85,
            "gross_margin_4q_avg": 15.57,
            "net_income": 4989000,
            "net_income_4q": null,
            "revenue": 28371000,
            "revenue_4q": null,
            "common_shares": 43474000,
            "book_valuer_per_share": 19.55,
            "book_valuer_per_share_4q_avg": 19.46,
            "equity": 85009000,
            "current_ratio": 126.32,
            "debt_ratio": 38.4,
            "inventory_turnover_ratio": 2.93,
            "account_receivable_turnover_ratio": null,
            "reinvestment_rate": 795.62,
            "research_to_sale_ratio": null,
            "price_fair": 115.5,
            "eps_avg_yearly": 3.3,
            "eps_latest_yearly": 4.68,
            "eps_growth_yearly": 1704.46
        },
        "20034": {
            "year_quarter": 20034,
            "year": 2003,
            "quarter": 4,
            "eps": 1.76,
            "eps_growth_year": null,
            "eps_4q": 3.64,
            "eps_4q_growth_year": 120.78,
            "roe": 8.52,
            "roe_4q": 18.57,
            "gross_profit": 9637753,
            "gross_margin": 28.03,
            "gross_margin_4q_avg": 20.93,
            "net_income": 7565928,
            "net_income_4q": null,
            "revenue": 34379642,
            "revenue_4q": null,
            "common_shares": 43522372,
            "book_valuer_per_share": 21.29,
            "book_valuer_per_share_4q_avg": 19.95,
            "equity": 92654527,
            "current_ratio": 127.38,
            "debt_ratio": 41.38,
            "inventory_turnover_ratio": 2.76,
            "account_receivable_turnover_ratio": null,
            "reinvestment_rate": 502.21,
            "research_to_sale_ratio": null,
            "price_fair": 141.68,
            "eps_avg_yearly": 4.05,
            "eps_latest_yearly": 7.04,
            "eps_growth_yearly": 1403.91
        },
        "20041": {
            "year_quarter": 20041,
            "year": 2004,
            "quarter": 1,
            "eps": 2.69,
            "eps_growth_year": 6625,
            "eps_4q": 6.26,
            "eps_4q_growth_year": 571.68,
            "roe": 11.86,
            "roe_4q": 30.2,
            "gross_profit": 14045000,
            "gross_margin": 33.98,
            "gross_margin_4q_avg": 27.05,
            "net_income": 11669000,
            "net_income_4q": null,
            "revenue": 41331000,
            "revenue_4q": null,
            "common_shares": 43522000,
            "book_valuer_per_share": 23.92,
            "book_valuer_per_share_4q_avg": 21.09,
            "equity": 104105000,
            "current_ratio": 126.7,
            "debt_ratio": 42.17,
            "inventory_turnover_ratio": 2.45,
            "account_receivable_turnover_ratio": null,
            "reinvestment_rate": 345.86,
            "research_to_sale_ratio": null,
            "price_fair": 180.83,
            "eps_avg_yearly": 5.17,
            "eps_latest_yearly": 10.76,
            "eps_growth_yearly": 1205.15
        },
        "20042": {
            "year_quarter": 20042,
            "year": 2004,
            "quarter": 2,
            "eps": 3.09,
            "eps_growth_year": 347.83,
            "eps_4q": 8.29,
            "eps_4q_growth_year": 999.85,
            "roe": 12.35,
            "roe_4q": 38.82000000000001,
            "gross_profit": 17152000,
            "gross_margin": 35.34,
            "gross_margin_4q_avg": 30.8,
            "net_income": 14385000,
            "net_income_4q": null,
            "revenue": 48530000,
            "revenue_4q": null,
            "common_shares": 49580000,
            "book_valuer_per_share": 26,
            "book_valuer_per_share_4q_avg": 22.69,
            "equity": 128887000,
            "current_ratio": 155.88,
            "debt_ratio": 42.4,
            "inventory_turnover_ratio": 2.08,
            "account_receivable_turnover_ratio": null,
            "reinvestment_rate": 256.68,
            "research_to_sale_ratio": null,
            "price_fair": 216.8,
            "eps_avg_yearly": 6.19,
            "eps_latest_yearly": 12.36,
            "eps_growth_yearly": 1041.49
        },
        "20043": {
            "year_quarter": 20043,
            "year": 2004,
            "quarter": 3,
            "eps": 0.87,
            "eps_growth_year": -25.64,
            "eps_4q": 7.94,
            "eps_4q_growth_year": 362.98,
            "roe": 3.16,
            "roe_4q": 35.89,
            "gross_profit": 7063000,
            "gross_margin": 18.22,
            "gross_margin_4q_avg": 28.89,
            "net_income": 4135000,
            "net_income_4q": null,
            "revenue": 38755000,
            "revenue_4q": null,
            "common_shares": 49580000,
            "book_valuer_per_share": 26.84,
            "book_valuer_per_share_4q_avg": 24.51,
            "equity": 133052000,
            "current_ratio": 148.27,
            "debt_ratio": 38,
            "inventory_turnover_ratio": 1.64,
            "account_receivable_turnover_ratio": null,
            "reinvestment_rate": 254.83,
            "research_to_sale_ratio": null,
            "price_fair": 204.93,
            "eps_avg_yearly": 5.86,
            "eps_latest_yearly": 3.48,
            "eps_growth_yearly": 875.38
        },
        "20044": {
            "year_quarter": 20044,
            "year": 2004,
            "quarter": 4,
            "eps": -0.46,
            "eps_growth_year": -126.14,
            "eps_4q": 5.82,
            "eps_4q_growth_year": 59.77,
            "roe": -1.69,
            "roe_4q": 25.68,
            "gross_profit": 1383305,
            "gross_margin": 3.5,
            "gross_margin_4q_avg": 22.76,
            "net_income": -2226148,
            "net_income_4q": null,
            "revenue": 39495569,
            "revenue_4q": null,
            "common_shares": 49580409,
            "book_valuer_per_share": 26.33,
            "book_valuer_per_share_4q_avg": 25.77,
            "equity": 130565595,
            "current_ratio": 111.47,
            "debt_ratio": 43.4,
            "inventory_turnover_ratio": 2.07,
            "account_receivable_turnover_ratio": null,
            "reinvestment_rate": 298.84,
            "research_to_sale_ratio": null,
            "price_fair": 204.93,
            "eps_avg_yearly": 5.86,
            "eps_latest_yearly": 3.48,
            "eps_growth_yearly": 875.38
        },
        "20051": {
            "year_quarter": 20051,
            "year": 2005,
            "quarter": 1,
            "eps": -0.43,
            "eps_growth_year": -115.99,
            "eps_4q": 2.86,
            "eps_4q_growth_year": -54.29,
            "roe": -1.64,
            "roe_4q": 12.18,
            "gross_profit": 1225000,
            "gross_margin": 3.15,
            "gross_margin_4q_avg": 15.05,
            "net_income": -2129000,
            "net_income_4q": null,
            "revenue": 38837000,
            "revenue_4q": null,
            "common_shares": 49580000,
            "book_valuer_per_share": 25.9,
            "book_valuer_per_share_4q_avg": 26.27,
            "equity": 128423000,
            "current_ratio": 104.68,
            "debt_ratio": 47.61,
            "inventory_turnover_ratio": 2.42,
            "account_receivable_turnover_ratio": null,
            "reinvestment_rate": 265.64,
            "research_to_sale_ratio": null,
            "price_fair": 204.93,
            "eps_avg_yearly": 5.86,
            "eps_latest_yearly": 3.48,
            "eps_growth_yearly": 875.38
        },
        "20052": {
            "year_quarter": 20052,
            "year": 2005,
            "quarter": 2,
            "eps": 0.09,
            "eps_growth_year": -97.09,
            "eps_4q": 0.05,
            "eps_4q_growth_year": -99.42,
            "roe": 0.37,
            "roe_4q": 0.20000000000000018,
            "gross_profit": 3163563,
            "gross_margin": 6.84,
            "gross_margin_4q_avg": 7.93,
            "net_income": 467399,
            "net_income_4q": null,
            "revenue": 46247164,
            "revenue_4q": null,
            "common_shares": 49580409,
            "book_valuer_per_share": 24.65,
            "book_valuer_per_share_4q_avg": 25.93,
            "equity": 122259328,
            "current_ratio": 91.32,
            "debt_ratio": 54.16,
            "inventory_turnover_ratio": 2.86,
            "account_receivable_turnover_ratio": null,
            "reinvestment_rate": 280.65,
            "research_to_sale_ratio": null,
            "price_fair": 204.93,
            "eps_avg_yearly": 5.86,
            "eps_latest_yearly": 3.48,
            "eps_growth_yearly": 875.38
        },
        "20053": {
            "year_quarter": 20053,
            "year": 2005,
            "quarter": 3,
            "eps": 1.04,
            "eps_growth_year": 19.54,
            "eps_4q": 0.35,
            "eps_4q_growth_year": -95.64,
            "roe": 4.37,
            "roe_4q": 1.4100000000000006,
            "gross_profit": 9276437,
            "gross_margin": 15.59,
            "gross_margin_4q_avg": 7.27,
            "net_income": 5819601,
            "net_income_4q": null,
            "revenue": 59504836,
            "revenue_4q": null,
            "common_shares": 58305000,
            "book_valuer_per_share": 24.71,
            "book_valuer_per_share_4q_avg": 25.4,
            "equity": 144128000,
            "current_ratio": 102.12,
            "debt_ratio": 52.56,
            "inventory_turnover_ratio": 3.26,
            "account_receivable_turnover_ratio": null,
            "reinvestment_rate": 279.99,
            "research_to_sale_ratio": null,
            "price_fair": 198.33,
            "eps_avg_yearly": 5.67,
            "eps_latest_yearly": 4.16,
            "eps_growth_yearly": 1247.25
        },
        "20054": {
            "year_quarter": 20054,
            "year": 2005,
            "quarter": 4,
            "eps": 2.03,
            "eps_growth_year": null,
            "eps_4q": 2.77,
            "eps_4q_growth_year": -52.45,
            "roe": 7.64,
            "roe_4q": 10.739999999999998,
            "gross_profit": 16182999,
            "gross_margin": 22.23,
            "gross_margin_4q_avg": 11.95,
            "net_income": 11463139,
            "net_income_4q": null,
            "revenue": 72799388,
            "revenue_4q": null,
            "common_shares": 58305471,
            "book_valuer_per_share": 26.7,
            "book_valuer_per_share_4q_avg": 25.49,
            "equity": 155819492,
            "current_ratio": 106.66,
            "debt_ratio": 52.75,
            "inventory_turnover_ratio": 3.24,
            "account_receivable_turnover_ratio": null,
            "reinvestment_rate": 238.19,
            "research_to_sale_ratio": null,
            "price_fair": 206.92,
            "eps_avg_yearly": 5.91,
            "eps_latest_yearly": 8.12,
            "eps_growth_yearly": 1160.6
        },
        "20061": {
            "year_quarter": 20061,
            "year": 2006,
            "quarter": 1,
            "eps": 1.14,
            "eps_growth_year": null,
            "eps_4q": 4.18,
            "eps_4q_growth_year": 46.24,
            "roe": 4.18,
            "roe_4q": 16.560000000000002,
            "gross_profit": 11073000,
            "gross_margin": 16.71,
            "gross_margin_4q_avg": 15.34,
            "net_income": 6650000,
            "net_income_4q": null,
            "revenue": 66252000,
            "revenue_4q": null,
            "common_shares": 58305000,
            "book_valuer_per_share": 27.84,
            "book_valuer_per_share_4q_avg": 25.98,
            "equity": 162586000,
            "current_ratio": 114.34,
            "debt_ratio": 51.48,
            "inventory_turnover_ratio": 2.64,
            "account_receivable_turnover_ratio": null,
            "reinvestment_rate": 229.34,
            "research_to_sale_ratio": null,
            "price_fair": 202.62,
            "eps_avg_yearly": 5.79,
            "eps_latest_yearly": 4.56,
            "eps_growth_yearly": 1039.15
        },
        "20062": {
            "year_quarter": 20062,
            "year": 2006,
            "quarter": 2,
            "eps": 0.03,
            "eps_growth_year": -66.67,
            "eps_4q": 4.01,
            "eps_4q_growth_year": 8240.29,
            "roe": 0.11,
            "roe_4q": 16.3,
            "gross_profit": 5193762,
            "gross_margin": 8.53,
            "gross_margin_4q_avg": 15.77,
            "net_income": 180384,
            "net_income_4q": null,
            "revenue": 60896154,
            "revenue_4q": null,
            "common_shares": 58305471,
            "book_valuer_per_share": 27.5,
            "book_valuer_per_share_4q_avg": 26.69,
            "equity": 160679121,
            "current_ratio": 96.66,
            "debt_ratio": 52.61,
            "inventory_turnover_ratio": 2.31,
            "account_receivable_turnover_ratio": null,
            "reinvestment_rate": 258.71,
            "research_to_sale_ratio": null,
            "price_fair": 187.85,
            "eps_avg_yearly": 5.37,
            "eps_latest_yearly": 0.12,
            "eps_growth_yearly": 971.42
        },
        "20063": {
            "year_quarter": 20063,
            "year": 2006,
            "quarter": 3,
            "eps": 0.1,
            "eps_growth_year": -90.38,
            "eps_4q": 3.07,
            "eps_4q_growth_year": 787.91,
            "roe": 0.38,
            "roe_4q": 12.309999999999999,
            "gross_profit": 5938238,
            "gross_margin": 8.33,
            "gross_margin_4q_avg": 13.95,
            "net_income": 615616,
            "net_income_4q": null,
            "revenue": 71312846,
            "revenue_4q": null,
            "common_shares": 60941000,
            "book_valuer_per_share": 26.44,
            "book_valuer_per_share_4q_avg": 27.12,
            "equity": 161460000,
            "current_ratio": 106.68,
            "debt_ratio": 57.47,
            "inventory_turnover_ratio": 5.02,
            "account_receivable_turnover_ratio": null,
            "reinvestment_rate": 283.82,
            "research_to_sale_ratio": null,
            "price_fair": 185.95,
            "eps_avg_yearly": 5.31,
            "eps_latest_yearly": 0.4,
            "eps_growth_yearly": 1084.99
        },
        "20064": {
            "year_quarter": 20064,
            "year": 2006,
            "quarter": 4,
            "eps": 0.26,
            "eps_growth_year": -87.19,
            "eps_4q": 1.44,
            "eps_4q_growth_year": -48.08,
            "roe": 0.84,
            "roe_4q": 5.51,
            "gross_profit": 7645285,
            "gross_margin": 8.08,
            "gross_margin_4q_avg": 10.41,
            "net_income": 1647395,
            "net_income_4q": null,
            "revenue": 94645770,
            "revenue_4q": null,
            "common_shares": 75734028,
            "book_valuer_per_share": 30.47,
            "book_valuer_per_share_4q_avg": 28.06,
            "equity": 231076318,
            "current_ratio": 91.29,
            "debt_ratio": 60.03,
            "inventory_turnover_ratio": 4.07,
            "account_receivable_turnover_ratio": null,
            "reinvestment_rate": 454.37,
            "research_to_sale_ratio": null,
            "price_fair": 173.48,
            "eps_avg_yearly": 4.96,
            "eps_latest_yearly": 1.04,
            "eps_growth_yearly": 1047.91
        },
        "20071": {
            "year_quarter": 20071,
            "year": 2007,
            "quarter": 1,
            "eps": -0.67,
            "eps_growth_year": -158.77,
            "eps_4q": -0.35,
            "eps_4q_growth_year": -108.32,
            "roe": -2.23,
            "roe_4q": -0.9000000000000002,
            "gross_profit": 344000,
            "gross_margin": 0.43,
            "gross_margin_4q_avg": 6.34,
            "net_income": -5105000,
            "net_income_4q": null,
            "revenue": 80720000,
            "revenue_4q": null,
            "common_shares": 75738000,
            "book_valuer_per_share": 29.81,
            "book_valuer_per_share_4q_avg": 28.56,
            "equity": 226151000,
            "current_ratio": 85.73,
            "debt_ratio": 58.54,
            "inventory_turnover_ratio": 1.85,
            "account_receivable_turnover_ratio": null,
            "reinvestment_rate": 485.84,
            "research_to_sale_ratio": null,
            "price_fair": 173.48,
            "eps_avg_yearly": 4.96,
            "eps_latest_yearly": 1.04,
            "eps_growth_yearly": 1047.91
        },
        "20072": {
            "year_quarter": 20072,
            "year": 2007,
            "quarter": 2,
            "eps": 0.79,
            "eps_growth_year": 2533.33,
            "eps_4q": 0.42,
            "eps_4q_growth_year": -89.5,
            "roe": 2.54,
            "roe_4q": 1.5299999999999998,
            "gross_profit": 12049478,
            "gross_margin": 11.37,
            "gross_margin_4q_avg": 7.05,
            "net_income": 5917413,
            "net_income_4q": null,
            "revenue": 106008594,
            "revenue_4q": null,
            "common_shares": 75737829,
            "book_valuer_per_share": 30.57,
            "book_valuer_per_share_4q_avg": 29.32,
            "equity": 240437907,
            "current_ratio": 89.2,
            "debt_ratio": 56.87,
            "inventory_turnover_ratio": 2.1,
            "account_receivable_turnover_ratio": null,
            "reinvestment_rate": 465.29,
            "research_to_sale_ratio": null,
            "price_fair": 180.47,
            "eps_avg_yearly": 5.16,
            "eps_latest_yearly": 1.04,
            "eps_growth_yearly": 552.27
        },
        "20073": {
            "year_quarter": 20073,
            "year": 2007,
            "quarter": 3,
            "eps": 2.89,
            "eps_growth_year": 2790,
            "eps_4q": 3.21,
            "eps_4q_growth_year": 4.5,
            "roe": 8.96,
            "roe_4q": 10.11,
            "gross_profit": 31792522,
            "gross_margin": 23.04,
            "gross_margin_4q_avg": 10.73,
            "net_income": 22570587,
            "net_income_4q": null,
            "revenue": 137960406,
            "revenue_4q": null,
            "common_shares": 78057000,
            "book_valuer_per_share": 32.62,
            "book_valuer_per_share_4q_avg": 30.87,
            "equity": 263586000,
            "current_ratio": 103.15,
            "debt_ratio": 55.25,
            "inventory_turnover_ratio": 2.43,
            "account_receivable_turnover_ratio": null,
            "reinvestment_rate": 343.08,
            "research_to_sale_ratio": null,
            "price_fair": 202.36,
            "eps_avg_yearly": 5.78,
            "eps_latest_yearly": 11.56,
            "eps_growth_yearly": 623.63
        },
        "20074": {
            "year_quarter": 20074,
            "year": 2007,
            "quarter": 4,
            "eps": 4.23,
            "eps_growth_year": 1526.92,
            "eps_4q": 7.21,
            "eps_4q_growth_year": 401.92,
            "roe": 11.73,
            "roe_4q": 21,
            "gross_profit": 41992225,
            "gross_margin": 27.01,
            "gross_margin_4q_avg": 15.46,
            "net_income": 33092934,
            "net_income_4q": null,
            "revenue": 155494626,
            "revenue_4q": null,
            "common_shares": 78177055,
            "book_valuer_per_share": 37.32,
            "book_valuer_per_share_4q_avg": 32.58,
            "equity": 300819865,
            "current_ratio": 124.84,
            "debt_ratio": 51.28,
            "inventory_turnover_ratio": 2.9,
            "account_receivable_turnover_ratio": null,
            "reinvestment_rate": 241.2,
            "research_to_sale_ratio": null,
            "price_fair": 233.8,
            "eps_avg_yearly": 6.68,
            "eps_latest_yearly": 16.92,
            "eps_growth_yearly": 622.15
        },
        "20081": {
            "year_quarter": 20081,
            "year": 2008,
            "quarter": 1,
            "eps": 3.41,
            "eps_growth_year": null,
            "eps_4q": 11.17,
            "eps_4q_growth_year": null,
            "roe": 8.59,
            "roe_4q": 31.82,
            "gross_profit": 37084109,
            "gross_margin": 27.14,
            "gross_margin_4q_avg": 22.14,
            "net_income": 26985484,
            "net_income_4q": null,
            "revenue": 136629846,
            "revenue_4q": null,
            "common_shares": 78652006,
            "book_valuer_per_share": 40.45,
            "book_valuer_per_share_4q_avg": 35.24,
            "equity": 327253619,
            "current_ratio": 138.76,
            "debt_ratio": 48.64,
            "inventory_turnover_ratio": 2.74,
            "account_receivable_turnover_ratio": null,
            "reinvestment_rate": 201.85,
            "research_to_sale_ratio": null,
            "price_fair": 242.96,
            "eps_avg_yearly": 6.94,
            "eps_latest_yearly": 13.64,
            "eps_growth_yearly": 595.89
        },
        "20082": {
            "year_quarter": 20082,
            "year": 2008,
            "quarter": 2,
            "eps": 2.56,
            "eps_growth_year": 224.05,
            "eps_4q": 12.88,
            "eps_4q_growth_year": 2958.58,
            "roe": 6.24,
            "roe_4q": 35.52,
            "gross_profit": 30815143,
            "gross_margin": 24.96,
            "gross_margin_4q_avg": 25.54,
            "net_income": 20391661,
            "net_income_4q": null,
            "revenue": 123476086,
            "revenue_4q": null,
            "common_shares": 78682067,
            "book_valuer_per_share": 40.28,
            "book_valuer_per_share_4q_avg": 37.67,
            "equity": 326336741,
            "current_ratio": 108,
            "debt_ratio": 47.6,
            "inventory_turnover_ratio": 2.29,
            "account_receivable_turnover_ratio": null,
            "reinvestment_rate": 189.6,
            "research_to_sale_ratio": null,
            "price_fair": 236.22,
            "eps_avg_yearly": 6.75,
            "eps_latest_yearly": 10.24,
            "eps_growth_yearly": 581.42
        },
        "20083": {
            "year_quarter": 20083,
            "year": 2008,
            "quarter": 3,
            "eps": 0.09,
            "eps_growth_year": -96.89,
            "eps_4q": 8.46,
            "eps_4q_growth_year": 163.67,
            "roe": 0.26,
            "roe_4q": 26.82,
            "gross_profit": 8360128,
            "gross_margin": 8.03,
            "gross_margin_4q_avg": 21.79,
            "net_income": 859561,
            "net_income_4q": null,
            "revenue": 104072130,
            "revenue_4q": null,
            "common_shares": 85055254,
            "book_valuer_per_share": 37.33,
            "book_valuer_per_share_4q_avg": 38.85,
            "equity": 326878892,
            "current_ratio": 114.9,
            "debt_ratio": 45.73,
            "inventory_turnover_ratio": 2.29,
            "account_receivable_turnover_ratio": null,
            "reinvestment_rate": 183.18,
            "research_to_sale_ratio": null,
            "price_fair": 226.29,
            "eps_avg_yearly": 6.47,
            "eps_latest_yearly": 0.36,
            "eps_growth_yearly": 572.46
        },
        "20084": {
            "year_quarter": 20084,
            "year": 2008,
            "quarter": 4,
            "eps": -3.12,
            "eps_growth_year": -173.76,
            "eps_4q": 2.46,
            "eps_4q_growth_year": -65.93,
            "roe": -8.49,
            "roe_4q": 6.6,
            "gross_profit": -20931517,
            "gross_margin": -35.03,
            "gross_margin_4q_avg": 6.28,
            "net_income": -26594861,
            "net_income_4q": null,
            "revenue": 59750131,
            "revenue_4q": null,
            "common_shares": 85057196,
            "book_valuer_per_share": 34.1,
            "book_valuer_per_share_4q_avg": 38.04,
            "equity": 299258736,
            "current_ratio": 95.94,
            "debt_ratio": 47.21,
            "inventory_turnover_ratio": 2.54,
            "account_receivable_turnover_ratio": 5.01,
            "reinvestment_rate": 223.28,
            "research_to_sale_ratio": null,
            "price_fair": 226.29,
            "eps_avg_yearly": 6.47,
            "eps_latest_yearly": 0.36,
            "eps_growth_yearly": 572.46
        },
        "20091": {
            "year_quarter": 20091,
            "year": 2009,
            "quarter": 1,
            "eps": -2.39,
            "eps_growth_year": -170.09,
            "eps_4q": -3.05,
            "eps_4q_growth_year": -127.29,
            "roe": -6.97,
            "roe_4q": -8.96,
            "gross_profit": -15909735,
            "gross_margin": -31.35,
            "gross_margin_4q_avg": -8.35,
            "net_income": -20215749,
            "net_income_4q": null,
            "revenue": 50741415,
            "revenue_4q": null,
            "common_shares": 85057196,
            "book_valuer_per_share": 31.85,
            "book_valuer_per_share_4q_avg": 35.89,
            "equity": 280846167,
            "current_ratio": 92.7,
            "debt_ratio": 49.33,
            "inventory_turnover_ratio": 2.81,
            "account_receivable_turnover_ratio": 1.81,
            "reinvestment_rate": 252.7,
            "research_to_sale_ratio": null,
            "price_fair": 226.29,
            "eps_avg_yearly": 6.47,
            "eps_latest_yearly": 0.36,
            "eps_growth_yearly": 572.46
        },
        "20092": {
            "year_quarter": 20092,
            "year": 2009,
            "quarter": 2,
            "eps": -0.8,
            "eps_growth_year": -131.25,
            "eps_4q": -6.22,
            "eps_4q_growth_year": -148.3,
            "roe": -2.37,
            "roe_4q": -17.569999999999997,
            "gross_profit": 1136198,
            "gross_margin": 1.38,
            "gross_margin_4q_avg": -14.24,
            "net_income": -6598615,
            "net_income_4q": null,
            "revenue": 82485597,
            "revenue_4q": null,
            "common_shares": 85057196,
            "book_valuer_per_share": 30.97,
            "book_valuer_per_share_4q_avg": 33.56,
            "equity": 274933803,
            "current_ratio": 94.33,
            "debt_ratio": 51.86,
            "inventory_turnover_ratio": 2.89,
            "account_receivable_turnover_ratio": 2.07,
            "reinvestment_rate": 247.78,
            "research_to_sale_ratio": null,
            "price_fair": 226.29,
            "eps_avg_yearly": 6.47,
            "eps_latest_yearly": 0.36,
            "eps_growth_yearly": 572.46
        },
        "20093": {
            "year_quarter": 20093,
            "year": 2009,
            "quarter": 3,
            "eps": 0.83,
            "eps_growth_year": 822.22,
            "eps_4q": -5.19,
            "eps_4q_growth_year": -161.34,
            "roe": 2.64,
            "roe_4q": -15.19,
            "gross_profit": 13048696,
            "gross_margin": 11.73,
            "gross_margin_4q_avg": -13.32,
            "net_income": 7419542,
            "net_income_4q": null,
            "revenue": 111243061,
            "revenue_4q": null,
            "common_shares": 88270455,
            "book_valuer_per_share": 30.67,
            "book_valuer_per_share_4q_avg": 31.9,
            "equity": 286722988,
            "current_ratio": 93.9,
            "debt_ratio": 53.21,
            "inventory_turnover_ratio": 2.61,
            "account_receivable_turnover_ratio": 1.95,
            "reinvestment_rate": 238.52,
            "research_to_sale_ratio": null,
            "price_fair": 234.36,
            "eps_avg_yearly": 6.7,
            "eps_latest_yearly": 0.36,
            "eps_growth_yearly": 207.48
        },
        "20094": {
            "year_quarter": 20094,
            "year": 2009,
            "quarter": 4,
            "eps": -0.79,
            "eps_growth_year": null,
            "eps_4q": -3.03,
            "eps_4q_growth_year": -223.44,
            "roe": -2.8,
            "roe_4q": -9.5,
            "gross_profit": 8765717,
            "gross_margin": 7.63,
            "gross_margin_4q_avg": -2.65,
            "net_income": -7849992,
            "net_income_4q": null,
            "revenue": 114861272,
            "revenue_4q": null,
            "common_shares": 88270455,
            "book_valuer_per_share": 29.69,
            "book_valuer_per_share_4q_avg": 30.8,
            "equity": 274918992,
            "current_ratio": 96.91,
            "debt_ratio": 55.84,
            "inventory_turnover_ratio": 2.59,
            "account_receivable_turnover_ratio": 3.69,
            "reinvestment_rate": 305.5,
            "research_to_sale_ratio": null,
            "price_fair": 228.82,
            "eps_avg_yearly": 6.54,
            "eps_latest_yearly": 0.36,
            "eps_growth_yearly": 188.23
        },
        "20101": {
            "year_quarter": 20101,
            "year": 2010,
            "quarter": 1,
            "eps": 0.8,
            "eps_growth_year": null,
            "eps_4q": 0.08,
            "eps_4q_growth_year": null,
            "roe": 2.61,
            "roe_4q": 0.08000000000000007,
            "gross_profit": 14270034,
            "gross_margin": 12.79,
            "gross_margin_4q_avg": 8.38,
            "net_income": 7274443,
            "net_income_4q": null,
            "revenue": 111563974,
            "revenue_4q": null,
            "common_shares": 88270455,
            "book_valuer_per_share": 30.35,
            "book_valuer_per_share_4q_avg": 30.42,
            "equity": 282756499,
            "current_ratio": 105.67,
            "debt_ratio": 55.7,
            "inventory_turnover_ratio": 2.23,
            "account_receivable_turnover_ratio": 1.69,
            "reinvestment_rate": 286.67,
            "research_to_sale_ratio": 1.9,
            "price_fair": 237.48,
            "eps_avg_yearly": 6.79,
            "eps_latest_yearly": 0.36,
            "eps_growth_yearly": 233.68
        },
        "20102": {
            "year_quarter": 20102,
            "year": 2010,
            "quarter": 2,
            "eps": 1.24,
            "eps_growth_year": null,
            "eps_4q": 2.09,
            "eps_4q_growth_year": null,
            "roe": 3.91,
            "roe_4q": 6.359999999999999,
            "gross_profit": 20324161,
            "gross_margin": 15.81,
            "gross_margin_4q_avg": 11.99,
            "net_income": 11245673,
            "net_income_4q": null,
            "revenue": 128586020,
            "revenue_4q": null,
            "common_shares": 88270455,
            "book_valuer_per_share": 31.74,
            "book_valuer_per_share_4q_avg": 30.61,
            "equity": 293005449,
            "current_ratio": 110.1,
            "debt_ratio": 54.61,
            "inventory_turnover_ratio": 2.12,
            "account_receivable_turnover_ratio": 1.76,
            "reinvestment_rate": 212.43,
            "research_to_sale_ratio": 1.52,
            "price_fair": 258.65,
            "eps_avg_yearly": 7.39,
            "eps_latest_yearly": 4.96,
            "eps_growth_yearly": 309.86
        },
        "20103": {
            "year_quarter": 20103,
            "year": 2010,
            "quarter": 3,
            "eps": 0.01,
            "eps_growth_year": -98.66,
            "eps_4q": 1.27,
            "eps_4q_growth_year": null,
            "roe": 0.08,
            "roe_4q": 3.8,
            "gross_profit": 6241141,
            "gross_margin": 5.02,
            "gross_margin_4q_avg": 10.31,
            "net_income": 226747,
            "net_income_4q": null,
            "revenue": 124402815,
            "revenue_4q": null,
            "common_shares": 88270455,
            "book_valuer_per_share": 31.79,
            "book_valuer_per_share_4q_avg": 30.89,
            "equity": 293917158,
            "current_ratio": 102.27,
            "debt_ratio": 54.15,
            "inventory_turnover_ratio": 2.28,
            "account_receivable_turnover_ratio": 1.65,
            "reinvestment_rate": 201.88,
            "research_to_sale_ratio": 0.66,
            "price_fair": 257.08,
            "eps_avg_yearly": 7.35,
            "eps_latest_yearly": 0.04,
            "eps_growth_yearly": 143.6
        },
        "20104": {
            "year_quarter": 20104,
            "year": 2010,
            "quarter": 4,
            "eps": -1.3,
            "eps_growth_year": null,
            "eps_4q": 0.76,
            "eps_4q_growth_year": null,
            "roe": -3.94,
            "roe_4q": 2.66,
            "gross_profit": -4536743,
            "gross_margin": -4.42,
            "gross_margin_4q_avg": 7.3,
            "net_income": -11338776,
            "net_income_4q": null,
            "revenue": 102605155,
            "revenue_4q": null,
            "common_shares": 88270455,
            "book_valuer_per_share": 30.38,
            "book_valuer_per_share_4q_avg": 31.07,
            "equity": 282324557,
            "current_ratio": 108.24,
            "debt_ratio": 55.14,
            "inventory_turnover_ratio": 2.27,
            "account_receivable_turnover_ratio": 1.53,
            "reinvestment_rate": 34.68,
            "research_to_sale_ratio": 1.49,
            "price_fair": 288.6,
            "eps_avg_yearly": 8.25,
            "eps_latest_yearly": 0.04,
            "eps_growth_yearly": 72.69
        },
        "20111": {
            "year_quarter": 20111,
            "year": 2011,
            "quarter": 1,
            "eps": -1.58,
            "eps_growth_year": -297.5,
            "eps_4q": -1.63,
            "eps_4q_growth_year": -2267.13,
            "roe": -5.05,
            "roe_4q": -5,
            "gross_profit": -6270297,
            "gross_margin": -6.73,
            "gross_margin_4q_avg": 2.42,
            "net_income": -13898807,
            "net_income_4q": null,
            "revenue": 93229838,
            "revenue_4q": null,
            "common_shares": 88270455,
            "book_valuer_per_share": 28.75,
            "book_valuer_per_share_4q_avg": 30.67,
            "equity": 267992190,
            "current_ratio": 107.84,
            "debt_ratio": 56.24,
            "inventory_turnover_ratio": 2.11,
            "account_receivable_turnover_ratio": 1.51,
            "reinvestment_rate": 24.88,
            "research_to_sale_ratio": 1.97,
            "price_fair": 288.6,
            "eps_avg_yearly": 8.25,
            "eps_latest_yearly": 0.04,
            "eps_growth_yearly": 72.69
        },
        "20112": {
            "year_quarter": 20112,
            "year": 2011,
            "quarter": 2,
            "eps": -1.22,
            "eps_growth_year": -198.57,
            "eps_4q": -4.09,
            "eps_4q_growth_year": -296.1,
            "roe": -4.13,
            "roe_4q": -13.04,
            "gross_profit": -2481595,
            "gross_margin": -2.53,
            "gross_margin_4q_avg": -2.17,
            "net_income": -10765524,
            "net_income_4q": null,
            "revenue": 98049595,
            "revenue_4q": null,
            "common_shares": 88270455,
            "book_valuer_per_share": 27.11,
            "book_valuer_per_share_4q_avg": 29.51,
            "equity": 253722557,
            "current_ratio": 112.9,
            "debt_ratio": 59.04,
            "inventory_turnover_ratio": 1.97,
            "account_receivable_turnover_ratio": 1.62,
            "reinvestment_rate": -16.14,
            "research_to_sale_ratio": 2.16,
            "price_fair": 288.6,
            "eps_avg_yearly": 8.25,
            "eps_latest_yearly": 0.04,
            "eps_growth_yearly": 72.69
        },
        "20113": {
            "year_quarter": 20113,
            "year": 2011,
            "quarter": 3,
            "eps": -1.79,
            "eps_growth_year": -16252.11,
            "eps_4q": -5.9,
            "eps_4q_growth_year": -563.46,
            "roe": -6.4,
            "roe_4q": -19.520000000000003,
            "gross_profit": -9142405,
            "gross_margin": -9.24,
            "gross_margin_4q_avg": -5.73,
            "net_income": -15796269,
            "net_income_4q": null,
            "revenue": 98927104,
            "revenue_4q": null,
            "common_shares": 88270455,
            "book_valuer_per_share": 25.51,
            "book_valuer_per_share_4q_avg": 27.94,
            "equity": 239581998,
            "current_ratio": 110.17,
            "debt_ratio": 61.49,
            "inventory_turnover_ratio": 2.08,
            "account_receivable_turnover_ratio": 1.62,
            "reinvestment_rate": null,
            "research_to_sale_ratio": 2.2,
            "price_fair": 23.08,
            "eps_avg_yearly": 7.69,
            "eps_latest_yearly": 0.04,
            "eps_growth_yearly": -92.42
        },
        "20114": {
            "year_quarter": 20114,
            "year": 2011,
            "quarter": 4,
            "eps": -2.34,
            "eps_growth_year": null,
            "eps_4q": -6.94,
            "eps_4q_growth_year": -1015.39,
            "roe": -9.11,
            "roe_4q": -24.69,
            "gross_profit": -10293020,
            "gross_margin": -11.5,
            "gross_margin_4q_avg": -7.5,
            "net_income": -20986450,
            "net_income_4q": null,
            "revenue": 89505341,
            "revenue_4q": null,
            "common_shares": 88270455,
            "book_valuer_per_share": 23.27,
            "book_valuer_per_share_4q_avg": 26.16,
            "equity": 221276938,
            "current_ratio": 99.26,
            "debt_ratio": 63.89,
            "inventory_turnover_ratio": 2.01,
            "account_receivable_turnover_ratio": 1.55,
            "reinvestment_rate": null,
            "research_to_sale_ratio": 2.79,
            "price_fair": 17.54,
            "eps_avg_yearly": 5.85,
            "eps_latest_yearly": 0.04,
            "eps_growth_yearly": -147.99
        },
        "20121": {
            "year_quarter": 20121,
            "year": 2012,
            "quarter": 1,
            "eps": -1.54,
            "eps_growth_year": null,
            "eps_4q": -6.9,
            "eps_4q_growth_year": null,
            "roe": -6.44,
            "roe_4q": -26.080000000000002,
            "gross_profit": -6448561,
            "gross_margin": -7.95,
            "gross_margin_4q_avg": -7.81,
            "net_income": -13795627,
            "net_income_4q": null,
            "revenue": 81101650,
            "revenue_4q": null,
            "common_shares": 88270455,
            "book_valuer_per_share": 21.59,
            "book_valuer_per_share_4q_avg": 24.37,
            "equity": 206836319,
            "current_ratio": 106.8,
            "debt_ratio": 65.79,
            "inventory_turnover_ratio": 1.72,
            "account_receivable_turnover_ratio": 1.59,
            "reinvestment_rate": null,
            "research_to_sale_ratio": 2.94,
            "price_fair": 11.7,
            "eps_avg_yearly": 3.9,
            "eps_latest_yearly": 0.04,
            "eps_growth_yearly": -165.6
        },
        "20122": {
            "year_quarter": 20122,
            "year": 2012,
            "quarter": 2,
            "eps": -1.39,
            "eps_growth_year": null,
            "eps_4q": -7.07,
            "eps_4q_growth_year": null,
            "roe": -6.18,
            "roe_4q": -28.130000000000003,
            "gross_profit": -3186434,
            "gross_margin": -3.35,
            "gross_margin_4q_avg": -8.01,
            "net_income": -12460812,
            "net_income_4q": null,
            "revenue": 95188539,
            "revenue_4q": null,
            "common_shares": 88270455,
            "book_valuer_per_share": 20.21,
            "book_valuer_per_share_4q_avg": 22.65,
            "equity": 196101621,
            "current_ratio": 106.11,
            "debt_ratio": 67.13,
            "inventory_turnover_ratio": 1.87,
            "account_receivable_turnover_ratio": 1.85,
            "reinvestment_rate": null,
            "research_to_sale_ratio": 2.68,
            "price_fair": 5.36,
            "eps_avg_yearly": 1.79,
            "eps_latest_yearly": 0.04,
            "eps_growth_yearly": -187.57
        },
        "20123": {
            "year_quarter": 20123,
            "year": 2012,
            "quarter": 3,
            "eps": -1.84,
            "eps_growth_year": null,
            "eps_4q": -7.12,
            "eps_4q_growth_year": null,
            "roe": -8.85,
            "roe_4q": -30.58,
            "gross_profit": -1861882,
            "gross_margin": -1.81,
            "gross_margin_4q_avg": -6.15,
            "net_income": -16479023,
            "net_income_4q": null,
            "revenue": 102780523,
            "revenue_4q": null,
            "common_shares": 88270455,
            "book_valuer_per_share": 18.33,
            "book_valuer_per_share_4q_avg": 20.85,
            "equity": 176169819,
            "current_ratio": 98.46,
            "debt_ratio": 69.18,
            "inventory_turnover_ratio": 2.13,
            "account_receivable_turnover_ratio": 1.97,
            "reinvestment_rate": null,
            "research_to_sale_ratio": 2.42,
            "price_fair": 7.5,
            "eps_avg_yearly": 2.5,
            "eps_latest_yearly": 0.04,
            "eps_growth_yearly": -88.39
        },
        "20124": {
            "year_quarter": 20124,
            "year": 2012,
            "quarter": 4,
            "eps": -1.41,
            "eps_growth_year": null,
            "eps_4q": -6.19,
            "eps_4q_growth_year": null,
            "roe": -7.76,
            "roe_4q": -29.23,
            "gross_profit": 2821840,
            "gross_margin": 2.84,
            "gross_margin_4q_avg": -2.57,
            "net_income": -13171542,
            "net_income_4q": null,
            "revenue": 99400223,
            "revenue_4q": null,
            "common_shares": 88270455,
            "book_valuer_per_share": 16.9,
            "book_valuer_per_share_4q_avg": 19.26,
            "equity": 163235482,
            "current_ratio": 91.72,
            "debt_ratio": 69.76,
            "inventory_turnover_ratio": 2.15,
            "account_receivable_turnover_ratio": 2.1,
            "reinvestment_rate": null,
            "research_to_sale_ratio": 2.76,
            "price_fair": 7.5,
            "eps_avg_yearly": 2.5,
            "eps_latest_yearly": 0.04,
            "eps_growth_yearly": -88.39
        },
        "20131": {
            "year_quarter": 20131,
            "year": 2013,
            "quarter": 1,
            "eps": -0.36,
            "eps_growth_year": null,
            "eps_4q": -5.01,
            "eps_4q_growth_year": null,
            "roe": -2.05,
            "roe_4q": -24.839999999999996,
            "gross_profit": 4548237,
            "gross_margin": 4.83,
            "gross_margin_4q_avg": 0.63,
            "net_income": -3319641,
            "net_income_4q": null,
            "revenue": 94244179,
            "revenue_4q": null,
            "common_shares": 88270455,
            "book_valuer_per_share": 16.52,
            "book_valuer_per_share_4q_avg": 17.99,
            "equity": 159980910,
            "current_ratio": 90.54,
            "debt_ratio": 69.48,
            "inventory_turnover_ratio": 2,
            "account_receivable_turnover_ratio": 2.32,
            "reinvestment_rate": null,
            "research_to_sale_ratio": 2.25,
            "price_fair": 7.5,
            "eps_avg_yearly": 2.5,
            "eps_latest_yearly": 0.04,
            "eps_growth_yearly": -88.39
        },
        "20132": {
            "year_quarter": 20132,
            "year": 2013,
            "quarter": 2,
            "eps": 0.42,
            "eps_growth_year": null,
            "eps_4q": -2.91,
            "eps_4q_growth_year": null,
            "roe": 2.38,
            "roe_4q": -16.28,
            "gross_profit": 11514559,
            "gross_margin": 10.25,
            "gross_margin_4q_avg": 4.03,
            "net_income": 3981530,
            "net_income_4q": null,
            "revenue": 112334834,
            "revenue_4q": null,
            "common_shares": 96242451,
            "book_valuer_per_share": 16.7,
            "book_valuer_per_share_4q_avg": 17.11,
            "equity": 174590276,
            "current_ratio": 100.28,
            "debt_ratio": 66.55,
            "inventory_turnover_ratio": 2.27,
            "account_receivable_turnover_ratio": 2.68,
            "reinvestment_rate": null,
            "research_to_sale_ratio": 1.96,
            "price_fair": 7.5,
            "eps_avg_yearly": 2.5,
            "eps_latest_yearly": 0.04,
            "eps_growth_yearly": -88.39
        },
        "20133": {
            "year_quarter": 20133,
            "year": 2013,
            "quarter": 3,
            "eps": 0.26,
            "eps_growth_year": null,
            "eps_4q": -0.96,
            "eps_4q_growth_year": null,
            "roe": 1.43,
            "roe_4q": -6,
            "gross_profit": 10265581,
            "gross_margin": 9.59,
            "gross_margin_4q_avg": 6.88,
            "net_income": 2509868,
            "net_income_4q": null,
            "revenue": 107080772,
            "revenue_4q": null,
            "common_shares": 96242451,
            "book_valuer_per_share": 16.91,
            "book_valuer_per_share_4q_avg": 16.76,
            "equity": 176478377,
            "current_ratio": 96.69,
            "debt_ratio": 65.01,
            "inventory_turnover_ratio": 2.32,
            "account_receivable_turnover_ratio": 2.34,
            "reinvestment_rate": null,
            "research_to_sale_ratio": 2.08,
            "price_fair": 6.04,
            "eps_avg_yearly": 2.01,
            "eps_latest_yearly": 1.04,
            "eps_growth_yearly": -109.72
        },
        "20134": {
            "year_quarter": 20134,
            "year": 2013,
            "quarter": 4,
            "eps": 0.1,
            "eps_growth_year": null,
            "eps_4q": 0.43,
            "eps_4q_growth_year": null,
            "roe": 0.61,
            "roe_4q": 2.37,
            "gross_profit": 7655690,
            "gross_margin": 7.45,
            "gross_margin_4q_avg": 8.03,
            "net_income": 1081341,
            "net_income_4q": null,
            "revenue": 102703220,
            "revenue_4q": null,
            "common_shares": 96242451,
            "book_valuer_per_share": 17.07,
            "book_valuer_per_share_4q_avg": 16.8,
            "equity": 178345869,
            "current_ratio": 93.72,
            "debt_ratio": 63.77,
            "inventory_turnover_ratio": 2.4,
            "account_receivable_turnover_ratio": 2.27,
            "reinvestment_rate": null,
            "research_to_sale_ratio": 1.93,
            "price_fair": 4.83,
            "eps_avg_yearly": 1.61,
            "eps_latest_yearly": 0.4,
            "eps_growth_yearly": -143.83
        },
        "20141": {
            "year_quarter": 20141,
            "year": 2014,
            "quarter": 1,
            "eps": 0.03,
            "eps_growth_year": null,
            "eps_4q": 0.79,
            "eps_4q_growth_year": null,
            "roe": 0.09,
            "roe_4q": 4.51,
            "gross_profit": 6894383,
            "gross_margin": 7.35,
            "gross_margin_4q_avg": 8.66,
            "net_income": 165971,
            "net_income_4q": null,
            "revenue": 93801648,
            "revenue_4q": null,
            "common_shares": 96242451,
            "book_valuer_per_share": 17.12,
            "book_valuer_per_share_4q_avg": 16.95,
            "equity": 179013380,
            "current_ratio": 104.55,
            "debt_ratio": 62.28,
            "inventory_turnover_ratio": 2.32,
            "account_receivable_turnover_ratio": 2.12,
            "reinvestment_rate": null,
            "research_to_sale_ratio": 2.1,
            "price_fair": 3.94,
            "eps_avg_yearly": 1.31,
            "eps_latest_yearly": 0.12,
            "eps_growth_yearly": -171.06
        },
        "20142": {
            "year_quarter": 20142,
            "year": 2014,
            "quarter": 2,
            "eps": 0.42,
            "eps_growth_year": 0,
            "eps_4q": 0.8,
            "eps_4q_growth_year": null,
            "roe": 2.24,
            "roe_4q": 4.37,
            "gross_profit": 10616032,
            "gross_margin": 10.4,
            "gross_margin_4q_avg": 8.7,
            "net_income": 4023711,
            "net_income_4q": null,
            "revenue": 102042059,
            "revenue_4q": null,
            "common_shares": 96242451,
            "book_valuer_per_share": 17.32,
            "book_valuer_per_share_4q_avg": 17.11,
            "equity": 180457598,
            "current_ratio": 108.08,
            "debt_ratio": 61.52,
            "inventory_turnover_ratio": 2.51,
            "account_receivable_turnover_ratio": 2.19,
            "reinvestment_rate": null,
            "research_to_sale_ratio": 2.21,
            "price_fair": 22.96,
            "eps_avg_yearly": 0.66,
            "eps_latest_yearly": 1.68,
            "eps_growth_yearly": 824.94
        },
        "20143": {
            "year_quarter": 20143,
            "year": 2014,
            "quarter": 3,
            "eps": 0.76,
            "eps_growth_year": 192.31,
            "eps_4q": 1.31,
            "eps_4q_growth_year": null,
            "roe": 3.95,
            "roe_4q": 6.890000000000001,
            "gross_profit": 15379492,
            "gross_margin": 14.39,
            "gross_margin_4q_avg": 9.9,
            "net_income": 7300102,
            "net_income_4q": null,
            "revenue": 106886497,
            "revenue_4q": null,
            "common_shares": 96242451,
            "book_valuer_per_share": 18.16,
            "book_valuer_per_share_4q_avg": 17.42,
            "equity": 188765762,
            "current_ratio": 110.34,
            "debt_ratio": 59,
            "inventory_turnover_ratio": 2.59,
            "account_receivable_turnover_ratio": 2.16,
            "reinvestment_rate": null,
            "research_to_sale_ratio": 2.28,
            "price_fair": 43.96,
            "eps_avg_yearly": 1.26,
            "eps_latest_yearly": 3.04,
            "eps_growth_yearly": 969.05
        },
        "20144": {
            "year_quarter": 20144,
            "year": 2014,
            "quarter": 4,
            "eps": 0.62,
            "eps_growth_year": 538.42,
            "eps_4q": 1.83,
            "eps_4q_growth_year": 321.7,
            "roe": 3.38,
            "roe_4q": 9.66,
            "gross_profit": 15620738,
            "gross_margin": 14.81,
            "gross_margin_4q_avg": 11.74,
            "net_income": 6574925,
            "net_income_4q": null,
            "revenue": 105448546,
            "revenue_4q": null,
            "common_shares": 96242451,
            "book_valuer_per_share": 18.8,
            "book_valuer_per_share_4q_avg": 17.85,
            "equity": 200369924,
            "current_ratio": 107.64,
            "debt_ratio": 57.36,
            "inventory_turnover_ratio": 2.51,
            "account_receivable_turnover_ratio": 1.91,
            "reinvestment_rate": null,
            "research_to_sale_ratio": 2.37,
            "price_fair": 51.1,
            "eps_avg_yearly": 1.46,
            "eps_latest_yearly": 2.48,
            "eps_growth_yearly": 795.27
        },
        "20151": {
            "year_quarter": 20151,
            "year": 2015,
            "quarter": 1,
            "eps": 0.54,
            "eps_growth_year": 1700,
            "eps_4q": 2.34,
            "eps_4q_growth_year": 195.86,
            "roe": 2.6,
            "roe_4q": 12.17,
            "gross_profit": 14347731,
            "gross_margin": 15.06,
            "gross_margin_4q_avg": 13.67,
            "net_income": 5272116,
            "net_income_4q": null,
            "revenue": 95301935,
            "revenue_4q": null,
            "common_shares": 96242451,
            "book_valuer_per_share": 19.29,
            "book_valuer_per_share_4q_avg": 18.39,
            "equity": 204844927,
            "current_ratio": 111.89,
            "debt_ratio": 54.96,
            "inventory_turnover_ratio": 2.17,
            "account_receivable_turnover_ratio": 1.66,
            "reinvestment_rate": null,
            "research_to_sale_ratio": 2.39,
            "price_fair": 54.6,
            "eps_avg_yearly": 1.56,
            "eps_latest_yearly": 2.16,
            "eps_growth_yearly": 674.28
        },
        "20152": {
            "year_quarter": 20152,
            "year": 2015,
            "quarter": 2,
            "eps": 0.47,
            "eps_growth_year": 11.9,
            "eps_4q": 2.39,
            "eps_4q_growth_year": 197.67,
            "roe": 2.17,
            "roe_4q": 12.099999999999998,
            "gross_profit": 11852710,
            "gross_margin": 12.84,
            "gross_margin_4q_avg": 14.28,
            "net_income": 4430574,
            "net_income_4q": null,
            "revenue": 92303480,
            "revenue_4q": null,
            "common_shares": 96242451,
            "book_valuer_per_share": 19.23,
            "book_valuer_per_share_4q_avg": 18.87,
            "equity": 203059725,
            "current_ratio": 115.07,
            "debt_ratio": 55.43,
            "inventory_turnover_ratio": 2.13,
            "account_receivable_turnover_ratio": 1.77,
            "reinvestment_rate": null,
            "research_to_sale_ratio": 2.54,
            "price_fair": 56,
            "eps_avg_yearly": 1.6,
            "eps_latest_yearly": 1.88,
            "eps_growth_yearly": 583.52
        },
        "20153": {
            "year_quarter": 20153,
            "year": 2015,
            "quarter": 3,
            "eps": 0.36,
            "eps_growth_year": -52.63,
            "eps_4q": 1.99,
            "eps_4q_growth_year": 52.16,
            "roe": 1.62,
            "roe_4q": 9.77,
            "gross_profit": 9148059,
            "gross_margin": 10.24,
            "gross_margin_4q_avg": 13.24,
            "net_income": 3379426,
            "net_income_4q": null,
            "revenue": 89298990,
            "revenue_4q": null,
            "common_shares": 96242451,
            "book_valuer_per_share": 19.83,
            "book_valuer_per_share_4q_avg": 19.29,
            "equity": 214106501,
            "current_ratio": 115.92,
            "debt_ratio": 52.44,
            "inventory_turnover_ratio": 2.12,
            "account_receivable_turnover_ratio": 1.92,
            "reinvestment_rate": null,
            "research_to_sale_ratio": 2.52,
            "price_fair": 55.38,
            "eps_avg_yearly": 1.58,
            "eps_latest_yearly": 1.44,
            "eps_growth_yearly": 508.28
        },
        "20154": {
            "year_quarter": 20154,
            "year": 2015,
            "quarter": 4,
            "eps": -0.85,
            "eps_growth_year": -236.26,
            "eps_4q": 0.51,
            "eps_4q_growth_year": -72.02,
            "roe": -3.94,
            "roe_4q": 2.45,
            "gross_profit": 4488555,
            "gross_margin": 5.38,
            "gross_margin_4q_avg": 10.88,
            "net_income": -8239234,
            "net_income_4q": null,
            "revenue": 83442089,
            "revenue_4q": null,
            "common_shares": 96242451,
            "book_valuer_per_share": 18.91,
            "book_valuer_per_share_4q_avg": 19.32,
            "equity": 204636405,
            "current_ratio": 114.6,
            "debt_ratio": 51.91,
            "inventory_turnover_ratio": 2.26,
            "account_receivable_turnover_ratio": 2.12,
            "reinvestment_rate": null,
            "research_to_sale_ratio": 2.44,
            "price_fair": 55.38,
            "eps_avg_yearly": 1.58,
            "eps_latest_yearly": 1.44,
            "eps_growth_yearly": 508.28
        },
        "20161": {
            "year_quarter": 20161,
            "year": 2016,
            "quarter": 1,
            "eps": -0.57,
            "eps_growth_year": -205.56,
            "eps_4q": -0.59,
            "eps_4q_growth_year": -125.31,
            "roe": -2.78,
            "roe_4q": -2.9299999999999997,
            "gross_profit": 389520,
            "gross_margin": 0.55,
            "gross_margin_4q_avg": 7.25,
            "net_income": -5580424,
            "net_income_4q": null,
            "revenue": 71135232,
            "revenue_4q": null,
            "common_shares": 96242451,
            "book_valuer_per_share": 18.23,
            "book_valuer_per_share_4q_avg": 19.05,
            "equity": 197357530,
            "current_ratio": 110.07,
            "debt_ratio": 51.57,
            "inventory_turnover_ratio": 2.25,
            "account_receivable_turnover_ratio": 2.15,
            "reinvestment_rate": null,
            "research_to_sale_ratio": 3.11,
            "price_fair": 55.38,
            "eps_avg_yearly": 1.58,
            "eps_latest_yearly": 1.44,
            "eps_growth_yearly": 508.28
        },
        "20162": {
            "year_quarter": 20162,
            "year": 2016,
            "quarter": 2,
            "eps": -0.06,
            "eps_growth_year": -112.77,
            "eps_4q": -1.12,
            "eps_4q_growth_year": -146.85,
            "roe": -0.41,
            "roe_4q": -5.51,
            "gross_profit": 5564339,
            "gross_margin": 6.95,
            "gross_margin_4q_avg": 5.78,
            "net_income": -803574,
            "net_income_4q": null,
            "revenue": 80090903,
            "revenue_4q": null,
            "common_shares": 96242451,
            "book_valuer_per_share": 17.74,
            "book_valuer_per_share_4q_avg": 18.68,
            "equity": 191309665,
            "current_ratio": 118.82,
            "debt_ratio": 54.16,
            "inventory_turnover_ratio": 2.53,
            "account_receivable_turnover_ratio": 2.34,
            "reinvestment_rate": null,
            "research_to_sale_ratio": 2.73,
            "price_fair": 55.38,
            "eps_avg_yearly": 1.58,
            "eps_latest_yearly": 1.44,
            "eps_growth_yearly": 508.28
        },
        "20163": {
            "year_quarter": 20163,
            "year": 2016,
            "quarter": 3,
            "eps": 0.51,
            "eps_growth_year": 41.67,
            "eps_4q": -0.97,
            "eps_4q_growth_year": -148.82,
            "roe": 2.41,
            "roe_4q": -4.72,
            "gross_profit": 11307959,
            "gross_margin": 13.15,
            "gross_margin_4q_avg": 6.51,
            "net_income": 4615612,
            "net_income_4q": null,
            "revenue": 86017319,
            "revenue_4q": null,
            "common_shares": 96242451,
            "book_valuer_per_share": 17.99,
            "book_valuer_per_share_4q_avg": 18.22,
            "equity": 192309270,
            "current_ratio": 127.92,
            "debt_ratio": 54.17,
            "inventory_turnover_ratio": 2.73,
            "account_receivable_turnover_ratio": 2.14,
            "reinvestment_rate": -953.94,
            "research_to_sale_ratio": 2.59,
            "price_fair": 55.38,
            "eps_avg_yearly": 1.58,
            "eps_latest_yearly": 1.44,
            "eps_growth_yearly": 508.28
        },
        "20164": {
            "year_quarter": 20164,
            "year": 2016,
            "quarter": 4,
            "eps": 0.93,
            "eps_growth_year": null,
            "eps_4q": 0.81,
            "eps_4q_growth_year": 58.54,
            "roe": 4.27,
            "roe_4q": 3.4899999999999998,
            "gross_profit": 17229201,
            "gross_margin": 18.76,
            "gross_margin_4q_avg": 9.85,
            "net_income": 8375097,
            "net_income_4q": null,
            "revenue": 91845582,
            "revenue_4q": null,
            "common_shares": 96242451,
            "book_valuer_per_share": 18.83,
            "book_valuer_per_share_4q_avg": 18.2,
            "equity": 199635182,
            "current_ratio": 139.3,
            "debt_ratio": 53.55,
            "inventory_turnover_ratio": 2.73,
            "account_receivable_turnover_ratio": 2.01,
            "reinvestment_rate": -284.81,
            "research_to_sale_ratio": 2.68,
            "price_fair": 62.86,
            "eps_avg_yearly": 1.8,
            "eps_latest_yearly": 3.72,
            "eps_growth_yearly": 490.39
        },
        "20171": {
            "year_quarter": 20171,
            "year": 2017,
            "quarter": 1,
            "eps": 0.98,
            "eps_growth_year": null,
            "eps_4q": 2.37,
            "eps_4q_growth_year": null,
            "roe": 4.66,
            "roe_4q": 10.93,
            "gross_profit": 17432749,
            "gross_margin": 19.69,
            "gross_margin_4q_avg": 14.64,
            "net_income": 9434633,
            "net_income_4q": null,
            "revenue": 88556816,
            "revenue_4q": null,
            "common_shares": 96242451,
            "book_valuer_per_share": 19.55,
            "book_valuer_per_share_4q_avg": 18.53,
            "equity": 205650304,
            "current_ratio": 151.82,
            "debt_ratio": 51.65,
            "inventory_turnover_ratio": 2.67,
            "account_receivable_turnover_ratio": 1.85,
            "reinvestment_rate": -203.19,
            "research_to_sale_ratio": 2.8,
            "price_fair": 69.62,
            "eps_avg_yearly": 1.99,
            "eps_latest_yearly": 3.92,
            "eps_growth_yearly": 447.77
        },
        "20172": {
            "year_quarter": 20172,
            "year": 2017,
            "quarter": 2,
            "eps": 1.02,
            "eps_growth_year": null,
            "eps_4q": 3.45,
            "eps_4q_growth_year": null,
            "roe": 4.29,
            "roe_4q": 15.629999999999999,
            "gross_profit": 17120819,
            "gross_margin": 20.28,
            "gross_margin_4q_avg": 17.97,
            "net_income": 8946489,
            "net_income_4q": null,
            "revenue": 84412400,
            "revenue_4q": null,
            "common_shares": 96242451,
            "book_valuer_per_share": 20.2,
            "book_valuer_per_share_4q_avg": 19.14,
            "equity": 211145172,
            "current_ratio": 153.21,
            "debt_ratio": 52.14,
            "inventory_turnover_ratio": 2.63,
            "account_receivable_turnover_ratio": 1.83,
            "reinvestment_rate": -156.23,
            "research_to_sale_ratio": 2.89,
            "price_fair": 75.72,
            "eps_avg_yearly": 2.16,
            "eps_latest_yearly": 4.08,
            "eps_growth_yearly": 411.81
        },
        "20173": {
            "year_quarter": 20173,
            "year": 2017,
            "quarter": 3,
            "eps": 0.92,
            "eps_growth_year": 80.39,
            "eps_4q": 3.86,
            "eps_4q_growth_year": null,
            "roe": 3.81,
            "roe_4q": 17.03,
            "gross_profit": 15312500,
            "gross_margin": 17.52,
            "gross_margin_4q_avg": 19.06,
            "net_income": 8223807,
            "net_income_4q": null,
            "revenue": 87395435,
            "revenue_4q": null,
            "common_shares": 96242451,
            "book_valuer_per_share": 21.18,
            "book_valuer_per_share_4q_avg": 19.94,
            "equity": 220316533,
            "current_ratio": 156.59,
            "debt_ratio": 50.96,
            "inventory_turnover_ratio": 2.85,
            "account_receivable_turnover_ratio": 1.88,
            "reinvestment_rate": -117.17,
            "research_to_sale_ratio": 2.82,
            "price_fair": 83.42,
            "eps_avg_yearly": 2.38,
            "eps_latest_yearly": 3.68,
            "eps_growth_yearly": 421.24
        },
        "20174": {
            "year_quarter": 20174,
            "year": 2017,
            "quarter": 4,
            "eps": 0.44,
            "eps_growth_year": -53.24,
            "eps_4q": 3.36,
            "eps_4q_growth_year": 313.86,
            "roe": 1.64,
            "roe_4q": 14.4,
            "gross_profit": 11175677,
            "gross_margin": 13.85,
            "gross_margin_4q_avg": 17.84,
            "net_income": 3653559,
            "net_income_4q": null,
            "revenue": 80663616,
            "revenue_4q": null,
            "common_shares": 96242451,
            "book_valuer_per_share": 21.63,
            "book_valuer_per_share_4q_avg": 20.64,
            "equity": 225245115,
            "current_ratio": 168.02,
            "debt_ratio": 48.98,
            "inventory_turnover_ratio": 2.79,
            "account_receivable_turnover_ratio": 1.81,
            "reinvestment_rate": -78.81,
            "research_to_sale_ratio": 3.06,
            "price_fair": 87.38,
            "eps_avg_yearly": 2.5,
            "eps_latest_yearly": 1.76,
            "eps_growth_yearly": 424.36
        },
        "20181": {
            "year_quarter": 20181,
            "year": 2018,
            "quarter": 1,
            "eps": 0.45,
            "eps_growth_year": -54.08,
            "eps_4q": 2.83,
            "eps_4q_growth_year": 19.38,
            "roe": 1.77,
            "roe_4q": 11.510000000000002,
            "gross_profit": 8141204,
            "gross_margin": 10.94,
            "gross_margin_4q_avg": 15.65,
            "net_income": 4027451,
            "net_income_4q": null,
            "revenue": 74444548,
            "revenue_4q": null,
            "common_shares": 96242451,
            "book_valuer_per_share": 22.15,
            "book_valuer_per_share_4q_avg": 21.29,
            "equity": 230271281,
            "current_ratio": 163.36,
            "debt_ratio": 47.13,
            "inventory_turnover_ratio": 2.67,
            "account_receivable_turnover_ratio": 1.85,
            "reinvestment_rate": -63.49,
            "research_to_sale_ratio": 3.1,
            "price_fair": 92.28,
            "eps_avg_yearly": 2.64,
            "eps_latest_yearly": 1.8,
            "eps_growth_yearly": 448.46
        },
        "20182": {
            "year_quarter": 20182,
            "year": 2018,
            "quarter": 2,
            "eps": 0.13,
            "eps_growth_year": -87.25,
            "eps_4q": 1.93,
            "eps_4q_growth_year": -43.9,
            "roe": 0.02,
            "roe_4q": 7.24,
            "gross_profit": 7273576,
            "gross_margin": 9.69,
            "gross_margin_4q_avg": 13,
            "net_income": 39713,
            "net_income_4q": null,
            "revenue": 75053957,
            "revenue_4q": null,
            "common_shares": 96242451,
            "book_valuer_per_share": 20.77,
            "book_valuer_per_share_4q_avg": 21.43,
            "equity": 215454374,
            "current_ratio": 115.11,
            "debt_ratio": 49.64,
            "inventory_turnover_ratio": 2.66,
            "account_receivable_turnover_ratio": 1.78,
            "reinvestment_rate": -49.02,
            "research_to_sale_ratio": 2.96,
            "price_fair": 7.62,
            "eps_avg_yearly": 2.54,
            "eps_latest_yearly": 0.52,
            "eps_growth_yearly": -8.58
        },
        "20183": {
            "year_quarter": 20183,
            "year": 2018,
            "quarter": 3,
            "eps": 0.45,
            "eps_growth_year": -51.09,
            "eps_4q": 1.46,
            "eps_4q_growth_year": -62.1,
            "roe": 2,
            "roe_4q": 5.43,
            "gross_profit": 8640992,
            "gross_margin": 10.66,
            "gross_margin_4q_avg": 11.29,
            "net_income": 4319054,
            "net_income_4q": null,
            "revenue": 81042525,
            "revenue_4q": null,
            "common_shares": 96242451,
            "book_valuer_per_share": 21.02,
            "book_valuer_per_share_4q_avg": 21.39,
            "equity": 217275048,
            "current_ratio": 118.22,
            "debt_ratio": 47.25,
            "inventory_turnover_ratio": 2.71,
            "account_receivable_turnover_ratio": 1.73,
            "reinvestment_rate": -34.56,
            "research_to_sale_ratio": 3.06,
            "price_fair": 85.28,
            "eps_avg_yearly": 2.44,
            "eps_latest_yearly": 1.8,
            "eps_growth_yearly": 46.49
        },
        "20184": {
            "year_quarter": 20184,
            "year": 2018,
            "quarter": 4,
            "eps": 0.03,
            "eps_growth_year": -93.31,
            "eps_4q": 1.06,
            "eps_4q_growth_year": -68.6,
            "roe": -0.2,
            "roe_4q": 3.59,
            "gross_profit": 4083732,
            "gross_margin": 5.3,
            "gross_margin_4q_avg": 9.15,
            "net_income": -426323,
            "net_income_4q": null,
            "revenue": 77093359,
            "revenue_4q": null,
            "common_shares": 96242451,
            "book_valuer_per_share": 21.08,
            "book_valuer_per_share_4q_avg": 21.26,
            "equity": 217278688,
            "current_ratio": 115.61,
            "debt_ratio": 46.98,
            "inventory_turnover_ratio": 2.73,
            "account_receivable_turnover_ratio": 1.59,
            "reinvestment_rate": -34.04,
            "research_to_sale_ratio": 3.3,
            "price_fair": 70.59,
            "eps_avg_yearly": 2.24,
            "eps_latest_yearly": 0.12,
            "eps_growth_yearly": 21.51
        },
        "20191": {
            "year_quarter": 20191,
            "year": 2019,
            "quarter": 1,
            "eps": -0.38,
            "eps_growth_year": -184.44,
            "eps_4q": 0.22,
            "eps_4q_growth_year": -92.04,
            "roe": -2.27,
            "roe_4q": -0.4500000000000002,
            "gross_profit": 243512,
            "gross_margin": 0.37,
            "gross_margin_4q_avg": 6.51,
            "net_income": -4892704,
            "net_income_4q": null,
            "revenue": 66704984,
            "revenue_4q": null,
            "common_shares": 96242451,
            "book_valuer_per_share": 20.76,
            "book_valuer_per_share_4q_avg": 20.91,
            "equity": 213106154,
            "current_ratio": 130.03,
            "debt_ratio": 48.71,
            "inventory_turnover_ratio": 2.48,
            "account_receivable_turnover_ratio": 1.49,
            "reinvestment_rate": -23.96,
            "research_to_sale_ratio": 3.77,
            "price_fair": 78.65,
            "eps_avg_yearly": 2.25,
            "eps_latest_yearly": 0.12,
            "eps_growth_yearly": 28.16
        },
        "20192": {
            "year_quarter": 20192,
            "year": 2019,
            "quarter": 2,
            "eps": -0.28,
            "eps_growth_year": -315.38,
            "eps_4q": -0.18,
            "eps_4q_growth_year": -109.52,
            "roe": -1.35,
            "roe_4q": -1.8200000000000003,
            "gross_profit": 1982916,
            "gross_margin": 2.83,
            "gross_margin_4q_avg": 4.79,
            "net_income": -2828229,
            "net_income_4q": null,
            "revenue": 70065194,
            "revenue_4q": null,
            "common_shares": 96242451,
            "book_valuer_per_share": 19.97,
            "book_valuer_per_share_4q_avg": 20.71,
            "equity": 205017634,
            "current_ratio": 155.62,
            "debt_ratio": 51.39,
            "inventory_turnover_ratio": 2.52,
            "account_receivable_turnover_ratio": 1.71,
            "reinvestment_rate": -11.99,
            "research_to_sale_ratio": 3.56,
            "price_fair": 79.94,
            "eps_avg_yearly": 2.28,
            "eps_latest_yearly": 0.12,
            "eps_growth_yearly": 36.16
        },
        "20193": {
            "year_quarter": 20193,
            "year": 2019,
            "quarter": 3,
            "eps": -0.41,
            "eps_growth_year": -191.11,
            "eps_4q": -1.05,
            "eps_4q_growth_year": -171.81,
            "roe": -2.35,
            "roe_4q": -6.170000000000001,
            "gross_profit": -272152,
            "gross_margin": -0.39,
            "gross_margin_4q_avg": 2.03,
            "net_income": -4736953,
            "net_income_4q": null,
            "revenue": 70053307,
            "revenue_4q": null,
            "common_shares": 96242451,
            "book_valuer_per_share": 19.47,
            "book_valuer_per_share_4q_avg": 20.32,
            "equity": 198531259,
            "current_ratio": 156,
            "debt_ratio": 51.26,
            "inventory_turnover_ratio": 2.7,
            "account_receivable_turnover_ratio": 1.76,
            "reinvestment_rate": -36.46,
            "research_to_sale_ratio": 3.42,
            "price_fair": 83.22,
            "eps_avg_yearly": 2.38,
            "eps_latest_yearly": 0.12,
            "eps_growth_yearly": 50.58
        },
        "20194": {
            "year_quarter": 20194,
            "year": 2019,
            "quarter": 4,
            "eps": -0.93,
            "eps_growth_year": -3284.96,
            "eps_4q": -2.02,
            "eps_4q_growth_year": -291.3,
            "roe": -4.73,
            "roe_4q": -10.7,
            "gross_profit": -1498333,
            "gross_margin": -2.42,
            "gross_margin_4q_avg": 0.1,
            "net_income": -9141530,
            "net_income_4q": null,
            "revenue": 61968209,
            "revenue_4q": null,
            "common_shares": 96242451,
            "book_valuer_per_share": 18.6,
            "book_valuer_per_share_4q_avg": 19.7,
            "equity": 187976749,
            "current_ratio": 158.18,
            "debt_ratio": 52.73,
            "inventory_turnover_ratio": 2.6,
            "account_receivable_turnover_ratio": 1.73,
            "reinvestment_rate": -34.03,
            "research_to_sale_ratio": 3.89,
            "price_fair": 83.22,
            "eps_avg_yearly": 2.38,
            "eps_latest_yearly": 0.12,
            "eps_growth_yearly": 50.58
        },
        "20201": {
            "year_quarter": 20201,
            "year": 2020,
            "quarter": 1,
            "eps": -0.53,
            "eps_growth_year": null,
            "eps_4q": -2.16,
            "eps_4q_growth_year": -1059.55,
            "roe": -3.14,
            "roe_4q": -11.57,
            "gross_profit": -354609,
            "gross_margin": -0.66,
            "gross_margin_4q_avg": -0.16,
            "net_income": -5778097,
            "net_income_4q": null,
            "revenue": 53690183,
            "revenue_4q": null,
            "common_shares": 96242451,
            "book_valuer_per_share": 17.8,
            "book_valuer_per_share_4q_avg": 18.96,
            "equity": 179520100,
            "current_ratio": 167.54,
            "debt_ratio": 53.76,
            "inventory_turnover_ratio": 2.11,
            "account_receivable_turnover_ratio": 1.79,
            "reinvestment_rate": -41.75,
            "research_to_sale_ratio": 4.65,
            "price_fair": 83.22,
            "eps_avg_yearly": 2.38,
            "eps_latest_yearly": 0.12,
            "eps_growth_yearly": 50.58
        },
        "20202": {
            "year_quarter": 20202,
            "year": 2020,
            "quarter": 2,
            "eps": -0.31,
            "eps_growth_year": null,
            "eps_4q": -2.19,
            "eps_4q_growth_year": null,
            "roe": -1.8,
            "roe_4q": -12.020000000000001,
            "gross_profit": 1715155,
            "gross_margin": 2.7,
            "gross_margin_4q_avg": -0.19,
            "net_income": -3202471,
            "net_income_4q": null,
            "revenue": 63500181,
            "revenue_4q": null,
            "common_shares": 96242451,
            "book_valuer_per_share": 17.5,
            "book_valuer_per_share_4q_avg": 18.34,
            "equity": 176304133,
            "current_ratio": 161.49,
            "debt_ratio": 54.26,
            "inventory_turnover_ratio": 2.27,
            "account_receivable_turnover_ratio": 1.96,
            "reinvestment_rate": -86.84,
            "research_to_sale_ratio": 4.06,
            "price_fair": 83.22,
            "eps_avg_yearly": 2.38,
            "eps_latest_yearly": 0.12,
            "eps_growth_yearly": 50.58
        },
        "20203": {
            "year_quarter": 20203,
            "year": 2020,
            "quarter": 3,
            "eps": 0.3,
            "eps_growth_year": null,
            "eps_4q": -1.46,
            "eps_4q_growth_year": null,
            "roe": 1.69,
            "roe_4q": -7.98,
            "gross_profit": 7757136,
            "gross_margin": 10.59,
            "gross_margin_4q_avg": 2.55,
            "net_income": 3010324,
            "net_income_4q": null,
            "revenue": 73229997,
            "revenue_4q": null,
            "common_shares": 96242451,
            "book_valuer_per_share": 17.89,
            "book_valuer_per_share_4q_avg": 17.95,
            "equity": 180235181,
            "current_ratio": 169.62,
            "debt_ratio": 54.26,
            "inventory_turnover_ratio": 2.45,
            "account_receivable_turnover_ratio": 1.79,
            "reinvestment_rate": -82.17,
            "research_to_sale_ratio": 3.48,
            "price_fair": 83.22,
            "eps_avg_yearly": 2.38,
            "eps_latest_yearly": 0.12,
            "eps_growth_yearly": 50.58
        },
        "20204": {
            "year_quarter": 20204,
            "year": 2020,
            "quarter": 4,
            "eps": 0.89,
            "eps_growth_year": null,
            "eps_4q": 0.36,
            "eps_4q_growth_year": null,
            "roe": 4.75,
            "roe_4q": 1.4999999999999996,
            "gross_profit": 13647657,
            "gross_margin": 16.95,
            "gross_margin_4q_avg": 7.4,
            "net_income": 8877671,
            "net_income_4q": null,
            "revenue": 80535020,
            "revenue_4q": null,
            "common_shares": 96242451,
            "book_valuer_per_share": 19.24,
            "book_valuer_per_share_4q_avg": 18.11,
            "equity": 193790365,
            "current_ratio": 171.16,
            "debt_ratio": 52.42,
            "inventory_turnover_ratio": 2.5,
            "account_receivable_turnover_ratio": 1.76,
            "reinvestment_rate": -97.36,
            "research_to_sale_ratio": 3.31,
            "price_fair": 82.6,
            "eps_avg_yearly": 2.36,
            "eps_latest_yearly": 3.56,
            "eps_growth_yearly": 101.39
        },
        "20211": {
            "year_quarter": 20211,
            "year": 2021,
            "quarter": 1,
            "eps": 1.25,
            "eps_growth_year": null,
            "eps_4q": 2.13,
            "eps_4q_growth_year": null,
            "roe": 5.97,
            "roe_4q": 10.609999999999998,
            "gross_profit": 18262833,
            "gross_margin": 22.02,
            "gross_margin_4q_avg": 13.07,
            "net_income": 11841515,
            "net_income_4q": null,
            "revenue": 82940619,
            "revenue_4q": null,
            "common_shares": 96242451,
            "book_valuer_per_share": 20.11,
            "book_valuer_per_share_4q_avg": 18.69,
            "equity": 202915708,
            "current_ratio": 175.74,
            "debt_ratio": 52.8,
            "inventory_turnover_ratio": 2.32,
            "account_receivable_turnover_ratio": 1.66,
            "reinvestment_rate": -73.57,
            "research_to_sale_ratio": 3.48,
            "price_fair": 86.8,
            "eps_avg_yearly": 2.48,
            "eps_latest_yearly": 5,
            "eps_growth_yearly": 116.98
        },
        "20212": {
            "year_quarter": 20212,
            "year": 2021,
            "quarter": 2,
            "eps": 2.06,
            "eps_growth_year": null,
            "eps_4q": 4.49,
            "eps_4q_growth_year": null,
            "roe": 9.35,
            "roe_4q": 21.76,
            "gross_profit": 27489144,
            "gross_margin": 28.74,
            "gross_margin_4q_avg": 19.58,
            "net_income": 19862456,
            "net_income_4q": null,
            "revenue": 95655500,
            "revenue_4q": null,
            "common_shares": 96242451,
            "book_valuer_per_share": 22.07,
            "book_valuer_per_share_4q_avg": 19.83,
            "equity": 221842694,
            "current_ratio": 187.03,
            "debt_ratio": 50,
            "inventory_turnover_ratio": 2.25,
            "account_receivable_turnover_ratio": 1.65,
            "reinvestment_rate": -70.31,
            "research_to_sale_ratio": 3.52,
            "price_fair": 102.98,
            "eps_avg_yearly": 2.94,
            "eps_latest_yearly": 8.24,
            "eps_growth_yearly": 143.96
        },
        "20213": {
            "year_quarter": 20213,
            "year": 2021,
            "quarter": 3,
            "eps": 2.03,
            "eps_growth_year": 576.67,
            "eps_4q": 6.18,
            "eps_4q_growth_year": null,
            "roe": 8.6,
            "roe_4q": 28.669999999999998,
            "gross_profit": 27413425,
            "gross_margin": 27.68,
            "gross_margin_4q_avg": 23.85,
            "net_income": 19963883,
            "net_income_4q": null,
            "revenue": 99054986,
            "revenue_4q": null,
            "common_shares": 96242451,
            "book_valuer_per_share": 24.01,
            "book_valuer_per_share_4q_avg": 21.36,
            "equity": 242282810,
            "current_ratio": 165.64,
            "debt_ratio": 44.31,
            "inventory_turnover_ratio": 2.17,
            "account_receivable_turnover_ratio": 1.54,
            "reinvestment_rate": -63.68,
            "research_to_sale_ratio": 3.36,
            "price_fair": 120.24,
            "eps_avg_yearly": 3.44,
            "eps_latest_yearly": 8.12,
            "eps_growth_yearly": 147.67
        },
        "20214": {
            "year_quarter": 20214,
            "year": 2021,
            "quarter": 4,
            "eps": 1.11,
            "eps_growth_year": 25.39,
            "eps_4q": 6.41,
            "eps_4q_growth_year": 1703.05,
            "roe": 4.91,
            "roe_4q": 28.83,
            "gross_profit": 17602355,
            "gross_margin": 18.92,
            "gross_margin_4q_avg": 24.34,
            "net_income": 11791244,
            "net_income_4q": null,
            "revenue": 93034036,
            "revenue_4q": null,
            "common_shares": 96242451,
            "book_valuer_per_share": 24.22,
            "book_valuer_per_share_4q_avg": 22.6,
            "equity": 237966471,
            "current_ratio": 155.17,
            "debt_ratio": 43.98,
            "inventory_turnover_ratio": 2.18,
            "account_receivable_turnover_ratio": 1.46,
            "reinvestment_rate": -68.62,
            "research_to_sale_ratio": 3.74,
            "price_fair": 130.67,
            "eps_avg_yearly": 3.73,
            "eps_latest_yearly": 4.44,
            "eps_growth_yearly": 150.72
        },
        "20221": {
            "year_quarter": 20221,
            "year": 2022,
            "quarter": 1,
            "eps": 0.54,
            "eps_growth_year": -56.8,
            "eps_4q": 5.71,
            "eps_4q_growth_year": 168.52,
            "roe": 2.18,
            "roe_4q": 25.04,
            "gross_profit": 11694217,
            "gross_margin": 14.34,
            "gross_margin_4q_avg": 22.42,
            "net_income": 5174629,
            "net_income_4q": null,
            "revenue": 81527862,
            "revenue_4q": null,
            "common_shares": 96242451,
            "book_valuer_per_share": 24,
            "book_valuer_per_share_4q_avg": 23.58,
            "equity": 236105867,
            "current_ratio": 156.12,
            "debt_ratio": 45.38,
            "inventory_turnover_ratio": 1.93,
            "account_receivable_turnover_ratio": 1.44,
            "reinvestment_rate": -59.01,
            "research_to_sale_ratio": 3.93,
            "price_fair": 132.07,
            "eps_avg_yearly": 3.77,
            "eps_latest_yearly": 2.16,
            "eps_growth_yearly": 126.89
        },
        "20222": {
            "year_quarter": 20222,
            "year": 2022,
            "quarter": 2,
            "eps": -0.59,
            "eps_growth_year": -128.64,
            "eps_4q": 3.08,
            "eps_4q_growth_year": -31.43,
            "roe": -2.45,
            "roe_4q": 13.24,
            "gross_profit": 1724758,
            "gross_margin": 2.74,
            "gross_margin_4q_avg": 15.92,
            "net_income": -5697216,
            "net_income_4q": null,
            "revenue": 62884442,
            "revenue_4q": null,
            "common_shares": 96242451,
            "book_valuer_per_share": 23.3,
            "book_valuer_per_share_4q_avg": 23.88,
            "equity": 229256972,
            "current_ratio": 157.1,
            "debt_ratio": 43.87,
            "inventory_turnover_ratio": 1.63,
            "account_receivable_turnover_ratio": 1.51,
            "reinvestment_rate": -63.26,
            "research_to_sale_ratio": 5.06,
            "price_fair": 146.3,
            "eps_avg_yearly": 4.18,
            "eps_latest_yearly": 2.16,
            "eps_growth_yearly": 178.3
        },
        "20223": {
            "year_quarter": 20223,
            "year": 2022,
            "quarter": 3,
            "eps": -1.23,
            "eps_growth_year": -160.59,
            "eps_4q": -0.03,
            "eps_4q_growth_year": -100.5,
            "roe": -4.86,
            "roe_4q": -0.22000000000000064,
            "gross_profit": -7264142,
            "gross_margin": -14.61,
            "gross_margin_4q_avg": 5.35,
            "net_income": -10489762,
            "net_income_4q": null,
            "revenue": 49732341,
            "revenue_4q": null,
            "common_shares": 76993961,
            "book_valuer_per_share": 25.69,
            "book_valuer_per_share_4q_avg": 24.3,
            "equity": 202667434,
            "current_ratio": 134.93,
            "debt_ratio": 47.67,
            "inventory_turnover_ratio": 1.7,
            "account_receivable_turnover_ratio": 1.97,
            "reinvestment_rate": -55.22,
            "research_to_sale_ratio": 6.46,
            "price_fair": 158.2,
            "eps_avg_yearly": 4.52,
            "eps_latest_yearly": 2.16,
            "eps_growth_yearly": 63.12
        },
        "20224": {
            "year_quarter": 20224,
            "year": 2022,
            "quarter": 4,
            "eps": -1.33,
            "eps_growth_year": -219.68,
            "eps_4q": -2.75,
            "eps_4q_growth_year": -142.98,
            "roe": -5.06,
            "roe_4q": -10.190000000000001,
            "gross_profit": -4587325,
            "gross_margin": -8.71,
            "gross_margin_4q_avg": -1.56,
            "net_income": -9960831,
            "net_income_4q": null,
            "revenue": 52648029,
            "revenue_4q": null,
            "common_shares": 76993961,
            "book_valuer_per_share": 24.16,
            "book_valuer_per_share_4q_avg": 24.29,
            "equity": 191410648,
            "current_ratio": 144.26,
            "debt_ratio": 50.52,
            "inventory_turnover_ratio": 1.91,
            "account_receivable_turnover_ratio": 2.69,
            "reinvestment_rate": -70.82,
            "research_to_sale_ratio": 6.2,
            "price_fair": 183.87,
            "eps_avg_yearly": 5.25,
            "eps_latest_yearly": 2.16,
            "eps_growth_yearly": 135.86
        },
        "20231": {
            "year_quarter": 20231,
            "year": 2023,
            "quarter": 1,
            "eps": -1.42,
            "eps_growth_year": -362.96,
            "eps_4q": -4.85,
            "eps_4q_growth_year": -184.94,
            "roe": -6.05,
            "roe_4q": -18.419999999999998,
            "gross_profit": -4856745,
            "gross_margin": -9.49,
            "gross_margin_4q_avg": -7.52,
            "net_income": -11087255,
            "net_income_4q": null,
            "revenue": 51188309,
            "revenue_4q": null,
            "common_shares": 76993961,
            "book_valuer_per_share": 22.01,
            "book_valuer_per_share_4q_avg": 23.79,
            "equity": 174979385,
            "current_ratio": 143.64,
            "debt_ratio": 54.44,
            "inventory_turnover_ratio": 1.91,
            "account_receivable_turnover_ratio": 2.65,
            "reinvestment_rate": -76.36,
            "research_to_sale_ratio": 6.24,
            "price_fair": 183.87,
            "eps_avg_yearly": 5.25,
            "eps_latest_yearly": 2.16,
            "eps_growth_yearly": 135.86
        },
        "20232": {
            "year_quarter": 20232,
            "year": 2023,
            "quarter": 2,
            "eps": -0.63,
            "eps_growth_year": null,
            "eps_4q": -4.74,
            "eps_4q_growth_year": -253.9,
            "roe": -2.75,
            "roe_4q": -18.72,
            "gross_profit": 1991950,
            "gross_margin": 3.15,
            "gross_margin_4q_avg": -7.42,
            "net_income": -4733591,
            "net_income_4q": null,
            "revenue": 63320505,
            "revenue_4q": null,
            "common_shares": 76993961,
            "book_valuer_per_share": 21.21,
            "book_valuer_per_share_4q_avg": 23.27,
            "equity": 168669348,
            "current_ratio": 143.38,
            "debt_ratio": 57.55,
            "inventory_turnover_ratio": 2.15,
            "account_receivable_turnover_ratio": 3.06,
            "reinvestment_rate": -87.26,
            "research_to_sale_ratio": 5.16,
            "price_fair": 183.87,
            "eps_avg_yearly": 5.25,
            "eps_latest_yearly": 2.16,
            "eps_growth_yearly": 135.86
        },
        "20233": {
            "year_quarter": 20233,
            "year": 2023,
            "quarter": 3,
            "eps": -0.13,
            "eps_growth_year": null,
            "eps_4q": -3.51,
            "eps_4q_growth_year": null,
            "roe": -0.55,
            "roe_4q": -14.41,
            "gross_profit": 5341595,
            "gross_margin": 7.62,
            "gross_margin_4q_avg": -1.86,
            "net_income": -923027,
            "net_income_4q": null,
            "revenue": 70109826,
            "revenue_4q": null,
            "common_shares": 76993961,
            "book_valuer_per_share": 21.24,
            "book_valuer_per_share_4q_avg": 22.16,
            "equity": 169028521,
            "current_ratio": 146.79,
            "debt_ratio": 56.55,
            "inventory_turnover_ratio": 2.23,
            "account_receivable_turnover_ratio": 2.69,
            "reinvestment_rate": -67.79,
            "research_to_sale_ratio": 4.86,
            "price_fair": 183.87,
            "eps_avg_yearly": 5.25,
            "eps_latest_yearly": 2.16,
            "eps_growth_yearly": 135.86
        },
        "20234": {
            "year_quarter": 20234,
            "year": 2023,
            "quarter": 4,
            "eps": -0.2,
            "eps_growth_year": null,
            "eps_4q": -2.37,
            "eps_4q_growth_year": null,
            "roe": -0.84,
            "roe_4q": -10.190000000000001,
            "gross_profit": 2133568,
            "gross_margin": 3.37,
            "gross_margin_4q_avg": 1.16,
            "net_income": -1407281,
            "net_income_4q": null,
            "revenue": 63345797,
            "revenue_4q": null,
            "common_shares": 76993961,
            "book_valuer_per_share": 20.76,
            "book_valuer_per_share_4q_avg": 21.31,
            "equity": 165357536,
            "current_ratio": 152.48,
            "debt_ratio": 56.88,
            "inventory_turnover_ratio": 2.08,
            "account_receivable_turnover_ratio": 2.37,
            "reinvestment_rate": -47.39,
            "research_to_sale_ratio": 5.3,
            "price_fair": 183.87,
            "eps_avg_yearly": 5.25,
            "eps_latest_yearly": 2.16,
            "eps_growth_yearly": 135.86
        }
    },
    "months": {
        "2001-06": {
            "month": "2001-06",
            "price": "34.07",
            "revenue": 1085190
        },
        "2001-07": {
            "month": "2001-07",
            "price": "26.14",
            "revenue": 1867442
        },
        "2001-08": {
            "month": "2001-08",
            "price": "26.19",
            "revenue": 1929621
        },
        "2001-09": {
            "month": "2001-09",
            "price": "17.80",
            "revenue": 2945384
        },
        "2001-10": {
            "month": "2001-10",
            "price": "14.30",
            "revenue": 4348328
        },
        "2001-11": {
            "month": "2001-11",
            "price": "21.27",
            "revenue": 5203987
        },
        "2001-12": {
            "month": "2001-12",
            "price": "32.80",
            "revenue": 5434442
        },
        "2002-01": {
            "month": "2002-01",
            "price": "43.61",
            "revenue": 6225650
        },
        "2002-02": {
            "month": "2002-02",
            "price": "55.69",
            "revenue": 6400410
        },
        "2002-03": {
            "month": "2002-03",
            "price": "53.09",
            "revenue": 7123011
        },
        "2002-04": {
            "month": "2002-04",
            "price": "53.00",
            "revenue": 7539305
        },
        "2002-05": {
            "month": "2002-05",
            "price": "46.73",
            "revenue": 7702894
        },
        "2002-06": {
            "month": "2002-06",
            "price": "38.24",
            "revenue": 7428898
        },
        "2002-07": {
            "month": "2002-07",
            "price": "32.83",
            "revenue": 6144429
        },
        "2002-08": {
            "month": "2002-08",
            "price": "27.48",
            "revenue": 5429411
        },
        "2002-09": {
            "month": "2002-09",
            "price": "22.08",
            "revenue": 5549212
        },
        "2002-10": {
            "month": "2002-10",
            "price": "19.01",
            "revenue": 5877703
        },
        "2002-11": {
            "month": "2002-11",
            "price": "24.47",
            "revenue": 5011217
        },
        "2002-12": {
            "month": "2002-12",
            "price": "21.71",
            "revenue": 5128717
        },
        "2003-01": {
            "month": "2003-01",
            "price": "23.13",
            "revenue": 5345904
        },
        "2003-02": {
            "month": "2003-02",
            "price": "23.44",
            "revenue": 5397961
        },
        "2003-03": {
            "month": "2003-03",
            "price": "21.01",
            "revenue": 6371019
        },
        "2003-04": {
            "month": "2003-04",
            "price": "20.03",
            "revenue": 7090846
        },
        "2003-05": {
            "month": "2003-05",
            "price": "18.80",
            "revenue": 7398051
        },
        "2003-06": {
            "month": "2003-06",
            "price": "23.94",
            "revenue": 7684367
        },
        "2003-07": {
            "month": "2003-07",
            "price": "30.74",
            "revenue": 7882508
        },
        "2003-08": {
            "month": "2003-08",
            "price": "39.66",
            "revenue": 8594550
        },
        "2003-09": {
            "month": "2003-09",
            "price": "44.59",
            "revenue": 9761303
        },
        "2003-10": {
            "month": "2003-10",
            "price": "46.67",
            "revenue": 10359453
        },
        "2003-11": {
            "month": "2003-11",
            "price": "42.70",
            "revenue": 10560539
        },
        "2003-12": {
            "month": "2003-12",
            "price": "40.56",
            "revenue": 11163621
        },
        "2004-01": {
            "month": "2004-01",
            "price": "44.56",
            "revenue": 12135130
        },
        "2004-02": {
            "month": "2004-02",
            "price": "49.26",
            "revenue": 12479918
        },
        "2004-03": {
            "month": "2004-03",
            "price": "59.78",
            "revenue": 13921001
        },
        "2004-04": {
            "month": "2004-04",
            "price": "70.66",
            "revenue": 15848381
        },
        "2004-05": {
            "month": "2004-05",
            "price": "64.64",
            "revenue": 16631232
        },
        "2004-06": {
            "month": "2004-06",
            "price": "52.60",
            "revenue": 15864801
        },
        "2004-07": {
            "month": "2004-07",
            "price": "44.51",
            "revenue": 14563582
        },
        "2004-08": {
            "month": "2004-08",
            "price": "40.77",
            "revenue": 11185455
        },
        "2004-09": {
            "month": "2004-09",
            "price": "44.56",
            "revenue": 12908712
        },
        "2004-10": {
            "month": "2004-10",
            "price": "40.86",
            "revenue": 12767074
        },
        "2004-11": {
            "month": "2004-11",
            "price": "38.84",
            "revenue": 13293589
        },
        "2004-12": {
            "month": "2004-12",
            "price": "44.04",
            "revenue": 13419089
        },
        "2005-01": {
            "month": "2005-01",
            "price": "43.97",
            "revenue": 12689568
        },
        "2005-02": {
            "month": "2005-02",
            "price": "48.66",
            "revenue": 11510713
        },
        "2005-03": {
            "month": "2005-03",
            "price": "44.80",
            "revenue": 14595803
        },
        "2005-04": {
            "month": "2005-04",
            "price": "48.24",
            "revenue": 14882207
        },
        "2005-05": {
            "month": "2005-05",
            "price": "51.83",
            "revenue": 15379372
        },
        "2005-06": {
            "month": "2005-06",
            "price": "53.05",
            "revenue": 15952837
        },
        "2005-07": {
            "month": "2005-07",
            "price": "51.79",
            "revenue": 17428692
        },
        "2005-08": {
            "month": "2005-08",
            "price": "51.25",
            "revenue": 20140145
        },
        "2005-09": {
            "month": "2005-09",
            "price": "45.37",
            "revenue": 21935401
        },
        "2005-10": {
            "month": "2005-10",
            "price": "39.68",
            "revenue": 24000265
        },
        "2005-11": {
            "month": "2005-11",
            "price": "45.11",
            "revenue": 24206986
        },
        "2005-12": {
            "month": "2005-12",
            "price": "46.58",
            "revenue": 24592197
        },
        "2006-01": {
            "month": "2006-01",
            "price": "48.00",
            "revenue": 22200240
        },
        "2006-02": {
            "month": "2006-02",
            "price": "52.32",
            "revenue": 21596543
        },
        "2006-03": {
            "month": "2006-03",
            "price": "49.08",
            "revenue": 22455310
        },
        "2006-04": {
            "month": "2006-04",
            "price": "50.89",
            "revenue": 22444236
        },
        "2006-05": {
            "month": "2006-05",
            "price": "51.51",
            "revenue": 20134150
        },
        "2006-06": {
            "month": "2006-06",
            "price": "43.56",
            "revenue": 18205557
        },
        "2006-07": {
            "month": "2006-07",
            "price": "46.23",
            "revenue": 20110217
        },
        "2006-08": {
            "month": "2006-08",
            "price": "48.57",
            "revenue": 23307815
        },
        "2006-09": {
            "month": "2006-09",
            "price": "48.00",
            "revenue": 27894725
        },
        "2006-10": {
            "month": "2006-10",
            "price": "46.20",
            "revenue": 33270159
        },
        "2006-11": {
            "month": "2006-11",
            "price": "43.68",
            "revenue": 33185272
        },
        "2006-12": {
            "month": "2006-12",
            "price": "43.80",
            "revenue": 28181966
        },
        "2007-01": {
            "month": "2007-01",
            "price": "44.29",
            "revenue": 28457839
        },
        "2007-02": {
            "month": "2007-02",
            "price": "47.19",
            "revenue": 22690453
        },
        "2007-03": {
            "month": "2007-03",
            "price": "46.95",
            "revenue": 29571784
        },
        "2007-04": {
            "month": "2007-04",
            "price": "51.76",
            "revenue": 31550688
        },
        "2007-05": {
            "month": "2007-05",
            "price": "52.61",
            "revenue": 35502669
        },
        "2007-06": {
            "month": "2007-06",
            "price": "55.80",
            "revenue": 38881687
        },
        "2007-07": {
            "month": "2007-07",
            "price": "56.12",
            "revenue": 40125911
        },
        "2007-08": {
            "month": "2007-08",
            "price": "50.12",
            "revenue": 44079127
        },
        "2007-09": {
            "month": "2007-09",
            "price": "51.08",
            "revenue": 53729118
        },
        "2007-10": {
            "month": "2007-10",
            "price": "63.53",
            "revenue": 53120729
        },
        "2007-11": {
            "month": "2007-11",
            "price": "64.59",
            "revenue": 53437685
        },
        "2007-12": {
            "month": "2007-12",
            "price": "59.58",
            "revenue": 48940335
        },
        "2008-01": {
            "month": "2008-01",
            "price": "56.11",
            "revenue": 47097008
        },
        "2008-02": {
            "month": "2008-02",
            "price": "56.13",
            "revenue": 42473970
        },
        "2008-03": {
            "month": "2008-03",
            "price": "56.81",
            "revenue": 47059943
        },
        "2008-04": {
            "month": "2008-04",
            "price": "56.79",
            "revenue": 42400825
        },
        "2008-05": {
            "month": "2008-05",
            "price": "59.17",
            "revenue": 44339069
        },
        "2008-06": {
            "month": "2008-06",
            "price": "52.10",
            "revenue": 36723639
        },
        "2008-07": {
            "month": "2008-07",
            "price": "42.17",
            "revenue": 32653705
        },
        "2008-08": {
            "month": "2008-08",
            "price": "36.94",
            "revenue": 37096858
        },
        "2008-09": {
            "month": "2008-09",
            "price": "35.04",
            "revenue": 34563309
        },
        "2008-10": {
            "month": "2008-10",
            "price": "29.03",
            "revenue": 27261312
        },
        "2008-11": {
            "month": "2008-11",
            "price": "20.87",
            "revenue": 17753588
        },
        "2008-12": {
            "month": "2008-12",
            "price": "22.24",
            "revenue": 14736058
        },
        "2009-01": {
            "month": "2009-01",
            "price": "24.95",
            "revenue": 13245316
        },
        "2009-02": {
            "month": "2009-02",
            "price": "26.02",
            "revenue": 15380625
        },
        "2009-03": {
            "month": "2009-03",
            "price": "27.08",
            "revenue": 22106820
        },
        "2009-04": {
            "month": "2009-04",
            "price": "32.06",
            "revenue": 24358919
        },
        "2009-05": {
            "month": "2009-05",
            "price": "35.43",
            "revenue": 27727537
        },
        "2009-06": {
            "month": "2009-06",
            "price": "33.43",
            "revenue": 30396439
        },
        "2009-07": {
            "month": "2009-07",
            "price": "36.32",
            "revenue": 32551301
        },
        "2009-08": {
            "month": "2009-08",
            "price": "34.22",
            "revenue": 37713361
        },
        "2009-09": {
            "month": "2009-09",
            "price": "32.47",
            "revenue": 41079343
        },
        "2009-10": {
            "month": "2009-10",
            "price": "31.55",
            "revenue": 39602953
        },
        "2009-11": {
            "month": "2009-11",
            "price": "31.24",
            "revenue": 38422250
        },
        "2009-12": {
            "month": "2009-12",
            "price": "36.24",
            "revenue": 37103558
        },
        "2010-01": {
            "month": "2010-01",
            "price": "39.36",
            "revenue": 38224671
        },
        "2010-02": {
            "month": "2010-02",
            "price": "34.64",
            "revenue": 32666035
        },
        "2010-03": {
            "month": "2010-03",
            "price": "35.42",
            "revenue": 40665603
        },
        "2010-04": {
            "month": "2010-04",
            "price": "36.32",
            "revenue": 41154161
        },
        "2010-05": {
            "month": "2010-05",
            "price": "32.51",
            "revenue": 43791525
        },
        "2010-06": {
            "month": "2010-06",
            "price": "30.28",
            "revenue": 43625126
        },
        "2010-07": {
            "month": "2010-07",
            "price": "30.08",
            "revenue": 38872179
        },
        "2010-08": {
            "month": "2010-08",
            "price": "29.24",
            "revenue": 43544618
        },
        "2010-09": {
            "month": "2010-09",
            "price": "30.21",
            "revenue": 41986017
        },
        "2010-10": {
            "month": "2010-10",
            "price": "30.70",
            "revenue": 35130749
        },
        "2010-11": {
            "month": "2010-11",
            "price": "30.21",
            "revenue": 36870180
        },
        "2010-12": {
            "month": "2010-12",
            "price": "30.53",
            "revenue": 30619730
        },
        "2011-01": {
            "month": "2011-01",
            "price": "29.26",
            "revenue": 30187946
        },
        "2011-02": {
            "month": "2011-02",
            "price": "26.79",
            "revenue": 27095033
        },
        "2011-03": {
            "month": "2011-03",
            "price": "25.71",
            "revenue": 35946859
        },
        "2011-04": {
            "month": "2011-04",
            "price": "24.98",
            "revenue": 33174261
        },
        "2011-05": {
            "month": "2011-05",
            "price": "22.82",
            "revenue": 33602754
        },
        "2011-06": {
            "month": "2011-06",
            "price": "21.26",
            "revenue": 31272579
        },
        "2011-07": {
            "month": "2011-07",
            "price": "17.75",
            "revenue": 32739010
        },
        "2011-08": {
            "month": "2011-08",
            "price": "13.52",
            "revenue": 33273307
        },
        "2011-09": {
            "month": "2011-09",
            "price": "12.79",
            "revenue": 32914787
        },
        "2011-10": {
            "month": "2011-10",
            "price": "12.45",
            "revenue": 31210263
        },
        "2011-11": {
            "month": "2011-11",
            "price": "14.10",
            "revenue": 30579406
        },
        "2011-12": {
            "month": "2011-12",
            "price": "13.57",
            "revenue": 27715671
        },
        "2012-01": {
            "month": "2012-01",
            "price": "13.97",
            "revenue": 21705583
        },
        "2012-02": {
            "month": "2012-02",
            "price": "16.17",
            "revenue": 27955213
        },
        "2012-03": {
            "month": "2012-03",
            "price": "15.14",
            "revenue": 31440854
        },
        "2012-04": {
            "month": "2012-04",
            "price": "14.14",
            "revenue": 30360549
        },
        "2012-05": {
            "month": "2012-05",
            "price": "12.73",
            "revenue": 31401908
        },
        "2012-06": {
            "month": "2012-06",
            "price": "11.80",
            "revenue": 33426082
        },
        "2012-07": {
            "month": "2012-07",
            "price": "10.74",
            "revenue": 31719201
        },
        "2012-08": {
            "month": "2012-08",
            "price": "9.09",
            "revenue": 35103151
        },
        "2012-09": {
            "month": "2012-09",
            "price": "10.76",
            "revenue": 35955327
        },
        "2012-10": {
            "month": "2012-10",
            "price": "10.93",
            "revenue": 33448193
        },
        "2012-11": {
            "month": "2012-11",
            "price": "11.74",
            "revenue": 33900930
        },
        "2012-12": {
            "month": "2012-12",
            "price": "13.31",
            "revenue": 32055386
        },
        "2013-01": {
            "month": "2013-01",
            "price": "12.37",
            "revenue": 28594917
        },
        "2013-02": {
            "month": "2013-02",
            "price": "12.40",
            "revenue": 27732514
        },
        "2013-03": {
            "month": "2013-03",
            "price": "13.07",
            "revenue": 37916748
        },
        "2013-04": {
            "month": "2013-04",
            "price": "13.12",
            "revenue": 37004697
        },
        "2013-05": {
            "month": "2013-05",
            "price": "13.63",
            "revenue": 38299504
        },
        "2013-06": {
            "month": "2013-06",
            "price": "11.88",
            "revenue": 37030633
        },
        "2013-07": {
            "month": "2013-07",
            "price": "10.71",
            "revenue": 33029119
        },
        "2013-08": {
            "month": "2013-08",
            "price": "11.16",
            "revenue": 37154920
        },
        "2013-09": {
            "month": "2013-09",
            "price": "11.44",
            "revenue": 36896732
        },
        "2013-10": {
            "month": "2013-10",
            "price": "10.12",
            "revenue": 33921834
        },
        "2013-11": {
            "month": "2013-11",
            "price": "8.95",
            "revenue": 35412218
        },
        "2013-12": {
            "month": "2013-12",
            "price": "9.13",
            "revenue": 33399001
        },
        "2014-01": {
            "month": "2014-01",
            "price": "9.36",
            "revenue": 31604060
        },
        "2014-02": {
            "month": "2014-02",
            "price": "9.43",
            "revenue": 28180683
        },
        "2014-03": {
            "month": "2014-03",
            "price": "10.28",
            "revenue": 34016905
        },
        "2014-04": {
            "month": "2014-04",
            "price": "11.68",
            "revenue": 32951826
        },
        "2014-05": {
            "month": "2014-05",
            "price": "11.38",
            "revenue": 34994293
        },
        "2014-06": {
            "month": "2014-06",
            "price": "11.86",
            "revenue": 34095939
        },
        "2014-07": {
            "month": "2014-07",
            "price": "13.46",
            "revenue": 35761440
        },
        "2014-08": {
            "month": "2014-08",
            "price": "13.86",
            "revenue": 35508061
        },
        "2014-09": {
            "month": "2014-09",
            "price": "13.93",
            "revenue": 35619731
        },
        "2014-10": {
            "month": "2014-10",
            "price": "12.72",
            "revenue": 36994844
        },
        "2014-11": {
            "month": "2014-11",
            "price": "14.41",
            "revenue": 34773424
        },
        "2014-12": {
            "month": "2014-12",
            "price": "15.14",
            "revenue": 33680277
        },
        "2015-01": {
            "month": "2015-01",
            "price": "17.98",
            "revenue": 32145017
        },
        "2015-02": {
            "month": "2015-02",
            "price": "16.93",
            "revenue": 28353749
        },
        "2015-03": {
            "month": "2015-03",
            "price": "15.72",
            "revenue": 34803169
        },
        "2015-04": {
            "month": "2015-04",
            "price": "15.42",
            "revenue": 30542369
        },
        "2015-05": {
            "month": "2015-05",
            "price": "15.90",
            "revenue": 31201452
        },
        "2015-06": {
            "month": "2015-06",
            "price": "14.80",
            "revenue": 30559659
        },
        "2015-07": {
            "month": "2015-07",
            "price": "12.10",
            "revenue": 27391484
        },
        "2015-08": {
            "month": "2015-08",
            "price": "9.69",
            "revenue": 30493394
        },
        "2015-09": {
            "month": "2015-09",
            "price": "10.40",
            "revenue": 31414112
        },
        "2015-10": {
            "month": "2015-10",
            "price": "10.01",
            "revenue": 29193167
        },
        "2015-11": {
            "month": "2015-11",
            "price": "9.25",
            "revenue": 28490275
        },
        "2015-12": {
            "month": "2015-12",
            "price": "9.10",
            "revenue": 25758647
        },
        "2016-01": {
            "month": "2016-01",
            "price": "9.03",
            "revenue": 24293716
        },
        "2016-02": {
            "month": "2016-02",
            "price": "8.65",
            "revenue": 20569998
        },
        "2016-03": {
            "month": "2016-03",
            "price": "9.57",
            "revenue": 26271518
        },
        "2016-04": {
            "month": "2016-04",
            "price": "9.67",
            "revenue": 25814126
        },
        "2016-05": {
            "month": "2016-05",
            "price": "8.76",
            "revenue": 26794515
        },
        "2016-06": {
            "month": "2016-06",
            "price": "9.43",
            "revenue": 27482263
        },
        "2016-07": {
            "month": "2016-07",
            "price": "11.80",
            "revenue": 26841027
        },
        "2016-08": {
            "month": "2016-08",
            "price": "12.78",
            "revenue": 28953609
        },
        "2016-09": {
            "month": "2016-09",
            "price": "11.70",
            "revenue": 30222682
        },
        "2016-10": {
            "month": "2016-10",
            "price": "12.17",
            "revenue": 30441605
        },
        "2016-11": {
            "month": "2016-11",
            "price": "11.71",
            "revenue": 30241621
        },
        "2016-12": {
            "month": "2016-12",
            "price": "11.80",
            "revenue": 31162357
        },
        "2017-01": {
            "month": "2017-01",
            "price": "12.70",
            "revenue": 28369472
        },
        "2017-02": {
            "month": "2017-02",
            "price": "12.31",
            "revenue": 29135736
        },
        "2017-03": {
            "month": "2017-03",
            "price": "11.97",
            "revenue": 31051608
        },
        "2017-04": {
            "month": "2017-04",
            "price": "12.54",
            "revenue": 27776109
        },
        "2017-05": {
            "month": "2017-05",
            "price": "11.91",
            "revenue": 28062801
        },
        "2017-06": {
            "month": "2017-06",
            "price": "12.59",
            "revenue": 28573489
        },
        "2017-07": {
            "month": "2017-07",
            "price": "12.60",
            "revenue": 28183401
        },
        "2017-08": {
            "month": "2017-08",
            "price": "12.06",
            "revenue": 30144411
        },
        "2017-09": {
            "month": "2017-09",
            "price": "12.38",
            "revenue": 29067622
        },
        "2017-10": {
            "month": "2017-10",
            "price": "12.32",
            "revenue": 27430375
        },
        "2017-11": {
            "month": "2017-11",
            "price": "12.61",
            "revenue": 27390235
        },
        "2017-12": {
            "month": "2017-12",
            "price": "12.49",
            "revenue": 25843008
        },
        "2018-01": {
            "month": "2018-01",
            "price": "13.10",
            "revenue": 26209789
        },
        "2018-02": {
            "month": "2018-02",
            "price": "13.31",
            "revenue": 22681194
        },
        "2018-03": {
            "month": "2018-03",
            "price": "13.50",
            "revenue": 25553565
        },
        "2018-04": {
            "month": "2018-04",
            "price": "12.87",
            "revenue": 24476733
        },
        "2018-05": {
            "month": "2018-05",
            "price": "12.70",
            "revenue": 25744109
        },
        "2018-06": {
            "month": "2018-06",
            "price": "13.15",
            "revenue": 24833116
        },
        "2018-07": {
            "month": "2018-07",
            "price": "12.64",
            "revenue": 25801062
        },
        "2018-08": {
            "month": "2018-08",
            "price": "13.09",
            "revenue": 27805683
        },
        "2018-09": {
            "month": "2018-09",
            "price": "12.91",
            "revenue": 27435780
        },
        "2018-10": {
            "month": "2018-10",
            "price": "11.94",
            "revenue": 26489388
        },
        "2018-11": {
            "month": "2018-11",
            "price": "12.37",
            "revenue": 25746931
        },
        "2018-12": {
            "month": "2018-12",
            "price": "12.37",
            "revenue": 24857041
        },
        "2019-01": {
            "month": "2019-01",
            "price": "12.34",
            "revenue": 21532821
        },
        "2019-02": {
            "month": "2019-02",
            "price": "11.05",
            "revenue": 20782924
        },
        "2019-03": {
            "month": "2019-03",
            "price": "11.48",
            "revenue": 24389239
        },
        "2019-04": {
            "month": "2019-04",
            "price": "11.26",
            "revenue": 20987887
        },
        "2019-05": {
            "month": "2019-05",
            "price": "9.82",
            "revenue": 24737460
        },
        "2019-06": {
            "month": "2019-06",
            "price": "9.18",
            "revenue": 24339846
        },
        "2019-07": {
            "month": "2019-07",
            "price": "9.01",
            "revenue": 22039879
        },
        "2019-08": {
            "month": "2019-08",
            "price": "7.66",
            "revenue": 24139949
        },
        "2019-09": {
            "month": "2019-09",
            "price": "8.21",
            "revenue": 23873479
        },
        "2019-10": {
            "month": "2019-10",
            "price": "8.10",
            "revenue": 19975703
        },
        "2019-11": {
            "month": "2019-11",
            "price": "8.03",
            "revenue": 21278775
        },
        "2019-12": {
            "month": "2019-12",
            "price": "9.56",
            "revenue": 20713731
        },
        "2020-01": {
            "month": "2020-01",
            "price": "10.20",
            "revenue": 15491047
        },
        "2020-02": {
            "month": "2020-02",
            "price": "10.80",
            "revenue": 17688726
        },
        "2020-03": {
            "month": "2020-03",
            "price": "7.71",
            "revenue": 20510410
        },
        "2020-04": {
            "month": "2020-04",
            "price": "7.45",
            "revenue": 20163563
        },
        "2020-05": {
            "month": "2020-05",
            "price": "7.62",
            "revenue": 21729311
        },
        "2020-06": {
            "month": "2020-06",
            "price": "8.97",
            "revenue": 21607307
        },
        "2020-07": {
            "month": "2020-07",
            "price": "9.74",
            "revenue": 22897746
        },
        "2020-08": {
            "month": "2020-08",
            "price": "10.00",
            "revenue": 24253997
        },
        "2020-09": {
            "month": "2020-09",
            "price": "11.70",
            "revenue": 26078254
        },
        "2020-10": {
            "month": "2020-10",
            "price": "11.53",
            "revenue": 25725236
        },
        "2020-11": {
            "month": "2020-11",
            "price": "11.38",
            "revenue": 25951875
        },
        "2020-12": {
            "month": "2020-12",
            "price": "14.72",
            "revenue": 28857909
        },
        "2021-01": {
            "month": "2021-01",
            "price": "14.32",
            "revenue": 26620298
        },
        "2021-02": {
            "month": "2021-02",
            "price": "17.34",
            "revenue": 25600149
        },
        "2021-03": {
            "month": "2021-03",
            "price": "19.32",
            "revenue": 30720172
        },
        "2021-04": {
            "month": "2021-04",
            "price": "26.83",
            "revenue": 29600923
        },
        "2021-05": {
            "month": "2021-05",
            "price": "23.96",
            "revenue": 32117581
        },
        "2021-06": {
            "month": "2021-06",
            "price": "23.53",
            "revenue": 33936996
        },
        "2021-07": {
            "month": "2021-07",
            "price": "21.30",
            "revenue": 33345632
        },
        "2021-08": {
            "month": "2021-08",
            "price": "20.02",
            "revenue": 32710136
        },
        "2021-09": {
            "month": "2021-09",
            "price": "17.58",
            "revenue": 32999218
        },
        "2021-10": {
            "month": "2021-10",
            "price": "17.42",
            "revenue": 30383626
        },
        "2021-11": {
            "month": "2021-11",
            "price": "20.46",
            "revenue": 30884836
        },
        "2021-12": {
            "month": "2021-12",
            "price": "22.13",
            "revenue": 31765574
        },
        "2022-01": {
            "month": "2022-01",
            "price": "21.89",
            "revenue": 27823033
        },
        "2022-02": {
            "month": "2022-02",
            "price": "20.86",
            "revenue": 25661940
        },
        "2022-03": {
            "month": "2022-03",
            "price": "21.02",
            "revenue": 28042889
        },
        "2022-04": {
            "month": "2022-04",
            "price": "18.59",
            "revenue": 20223010
        },
        "2022-05": {
            "month": "2022-05",
            "price": "17.37",
            "revenue": 21970533
        },
        "2022-06": {
            "month": "2022-06",
            "price": "17.04",
            "revenue": 20690899
        },
        "2022-07": {
            "month": "2022-07",
            "price": "14.56",
            "revenue": 17431035
        },
        "2022-08": {
            "month": "2022-08",
            "price": "15.33",
            "revenue": 16021445
        },
        "2022-09": {
            "month": "2022-09",
            "price": "16.85",
            "revenue": 16279861
        },
        "2022-10": {
            "month": "2022-10",
            "price": "17.36",
            "revenue": 17175791
        },
        "2022-11": {
            "month": "2022-11",
            "price": "17.12",
            "revenue": 17475404
        },
        "2022-12": {
            "month": "2022-12",
            "price": "15.50",
            "revenue": 17996833
        },
        "2023-01": {
            "month": "2023-01",
            "price": "15.98",
            "revenue": 15950503
        },
        "2023-02": {
            "month": "2023-02",
            "price": "17.56",
            "revenue": 16052412
        },
        "2023-03": {
            "month": "2023-03",
            "price": "18.35",
            "revenue": 19185394
        },
        "2023-04": {
            "month": "2023-04",
            "price": "18.38",
            "revenue": 18563158
        },
        "2023-05": {
            "month": "2023-05",
            "price": "17.37",
            "revenue": 21799195
        },
        "2023-06": {
            "month": "2023-06",
            "price": "18.72",
            "revenue": 22950515
        },
        "2023-07": {
            "month": "2023-07",
            "price": "19.29",
            "revenue": 21259538
        },
        "2023-08": {
            "month": "2023-08",
            "price": "18.68",
            "revenue": 24281667
        },
        "2023-09": {
            "month": "2023-09",
            "price": "16.83",
            "revenue": 24568621
        },
        "2023-10": {
            "month": "2023-10",
            "price": "15.66",
            "revenue": 21167778
        },
        "2023-11": {
            "month": "2023-11",
            "price": "16.20",
            "revenue": 20181223
        },
        "2023-12": {
            "month": "2023-12",
            "price": "16.84",
            "revenue": 21996796
        }
    }
}
