{
    "summary": {
        "stock_name": "中華電",
        "stock_id": "2412",
        "category": "通信網路",
        "main_business": "第一、二類電信事業",
        "website_url": "http://www.cht.com.tw",
        "ceo": "郭水義",
        "pe_ratio": 27,
        "report_year_from": 2001,
        "report_year_to": 2023,
        "age": 22,
        "eps_negative_percentage": 0,
        "eps_growth_avg": {
            "last_all": 1.33,
            "last_2y": 3.68,
            "last_4y": -1.12,
            "last_8y": -0.74,
            "last_12y": 0.93,
            "last_16y": 0.07,
            "last_20y": 1.33,
            "at_2006_last_3y": 1.04,
            "at_2007_last_3y": -1.82,
            "at_2008_last_3y": -2.35,
            "at_2009_last_3y": -2.73,
            "at_2010_last_3y": 3.2,
            "at_2011_last_3y": 7.19,
            "at_2012_last_3y": 3.21,
            "at_2013_last_3y": 4.7,
            "at_2014_last_3y": -0.34,
            "at_2015_last_3y": -1.78,
            "at_2016_last_3y": 0.36,
            "at_2017_last_3y": -0.27,
            "at_2018_last_3y": -1.73,
            "at_2019_last_3y": -6.47,
            "at_2020_last_3y": -4.3,
            "at_2021_last_3y": -1.88,
            "at_2022_last_3y": 0.8,
            "at_2023_last_3y": 0.8,
            "at_2006_last_all": 4.04,
            "at_2007_last_all": 3.51,
            "at_2008_last_all": 3.13,
            "at_2009_last_all": 1.97,
            "at_2010_last_all": 3.67,
            "at_2011_last_all": 4.98,
            "at_2012_last_all": 3.16,
            "at_2013_last_all": 2.88,
            "at_2014_last_all": 2.43,
            "at_2015_last_all": 3.05,
            "at_2016_last_all": 2.41,
            "at_2017_last_all": 2.09,
            "at_2018_last_all": 1.45,
            "at_2019_last_all": 0.94,
            "at_2020_last_all": 1,
            "at_2021_last_all": 1.3,
            "at_2022_last_all": 1.33,
            "at_2023_last_all": 1.33
        },
        "latest_eps": 4.78,
        "latest_price": 127,
        "latest_roe": 9.57,
        "latest_gross_margin": 37.96,
        "latest_equity": 403491464,
        "latest_revenue": 54210905,
        "latest_gross_profit": 20581089,
        "latest_net_income": 9873046,
        "latest_debt_ratio": 23.08,
        "latest_current_ratio": 187.38,
        "latest_account_receivable_turnover_ratio": 2.37,
        "latest_inventory_turnover_ratio": 2.88,
        "latest_reinvestment_rate": 6.71,
        "latest_research_to_sale_ratio": 1.8
    },
    "eps_dividends": {
        "2001": {
            "cash": 6,
            "stock": 0,
            "eps": 3.86
        },
        "2002": {
            "cash": 4,
            "stock": 0,
            "eps": 4.48
        },
        "2003": {
            "cash": 4,
            "stock": 0,
            "eps": 5.03
        },
        "2004": {
            "cash": 5,
            "stock": 0,
            "eps": 5.18
        },
        "2005": {
            "cash": 5,
            "stock": 0,
            "eps": 4.94
        },
        "2006": {
            "cash": 4,
            "stock": 0,
            "eps": 4.62
        },
        "2007": {
            "cash": 4,
            "stock": 1,
            "eps": 4.66
        },
        "2008": {
            "cash": 0,
            "stock": 2,
            "eps": 4.7
        },
        "2009": {
            "cash": 4,
            "stock": 1,
            "eps": 4.41
        },
        "2010": {
            "cash": 4,
            "stock": 0,
            "eps": 5.17
        },
        "2011": {
            "cash": 11,
            "stock": 0,
            "eps": 6.04
        },
        "2012": {
            "cash": 0,
            "stock": 0,
            "eps": 5.13
        },
        "2013": {
            "cash": 5,
            "stock": 0,
            "eps": 5.12
        },
        "2014": {
            "cash": 5,
            "stock": 0,
            "eps": 4.97
        },
        "2015": {
            "cash": 5,
            "stock": 0,
            "eps": 5.52
        },
        "2016": {
            "cash": 5,
            "stock": 0,
            "eps": 5.16
        },
        "2017": {
            "cash": 5,
            "stock": 0,
            "eps": 5.02
        },
        "2018": {
            "cash": 5,
            "stock": 0,
            "eps": 4.58
        },
        "2019": {
            "cash": 4,
            "stock": 0,
            "eps": 4.22
        },
        "2020": {
            "cash": 4,
            "stock": 0,
            "eps": 4.31
        },
        "2021": {
            "cash": 4,
            "stock": 0,
            "eps": 4.61
        },
        "2022": {
            "cash": 5,
            "stock": 0,
            "eps": 4.7
        },
        "2023": {
            "cash": 5,
            "stock": 0,
            "eps": 1.24
        }
    },
    "dividends": {
        "2001-06-04": {
            "cash": 5.8,
            "stock": 0
        },
        "2002-06-21": {
            "cash": 3.5,
            "stock": 0
        },
        "2003-04-22": {
            "cash": 4,
            "stock": 0
        },
        "2004-04-15": {
            "cash": 4.5,
            "stock": 0
        },
        "2005-03-29": {
            "cash": 4.7,
            "stock": 0
        },
        "2006-03-28": {
            "cash": 4.3,
            "stock": 0.2
        },
        "2007-04-24": {
            "cash": 3.58,
            "stock": 1
        },
        "2008-06-27": {
            "cash": 0,
            "stock": 2
        },
        "2009-03-27": {
            "cash": 3.83,
            "stock": 1
        },
        "2010-04-27": {
            "cash": 4.06,
            "stock": 0
        },
        "2011-01-01": {
            "cash": 5.46,
            "stock": 0
        },
        "2011-03-29": {
            "cash": 5.52,
            "stock": 0
        },
        "2013-04-30": {
            "cash": 5.35,
            "stock": 0
        },
        "2014-06-24": {
            "cash": 4.53,
            "stock": 0
        },
        "2015-08-27": {
            "cash": 4.86,
            "stock": 0
        },
        "2016-08-26": {
            "cash": 5.49,
            "stock": 0
        },
        "2017-08-25": {
            "cash": 4.94,
            "stock": 0
        },
        "2018-08-24": {
            "cash": 4.8,
            "stock": 0
        },
        "2019-08-28": {
            "cash": 4.48,
            "stock": 0
        },
        "2020-08-06": {
            "cash": 4.23,
            "stock": 0
        },
        "2021-09-28": {
            "cash": 4.31,
            "stock": 0
        },
        "2022-08-05": {
            "cash": 4.61,
            "stock": 0
        },
        "2023-02-24": {
            "cash": 4.7,
            "stock": 0
        }
    },
    "prices": {
        "200101": "80.25",
        "200102": "76.34",
        "200103": "64.25",
        "200104": "62.98",
        "200105": "64.43",
        "200106": "56.94",
        "200107": "44.66",
        "200108": "44.32",
        "200109": "43.94",
        "200110": "46.04",
        "200111": "46.70",
        "200112": "53.03",
        "200201": "50.63",
        "200202": "50.40",
        "200203": "50.25",
        "200204": "50.56",
        "200205": "51.48",
        "200206": "53.38",
        "200207": "50.73",
        "200208": "44.87",
        "200209": "45.52",
        "200210": "47.41",
        "200211": "49.40",
        "200212": "49.62",
        "200301": "53.18",
        "200302": "54.06",
        "200303": "52.83",
        "200304": "51.64",
        "200305": "50.30",
        "200306": "51.10",
        "200307": "51.23",
        "200308": "47.61",
        "200309": "48.19",
        "200310": "50.98",
        "200311": "50.96",
        "200312": "48.95",
        "200401": "51.80",
        "200402": "54.02",
        "200403": "57.28",
        "200404": "56.45",
        "200405": "54.95",
        "200406": "55.95",
        "200407": "55.07",
        "200408": "53.55",
        "200409": "54.62",
        "200410": "57.02",
        "200411": "60.95",
        "200412": "62.65",
        "200501": "63.86",
        "200502": "63.54",
        "200503": "64.13",
        "200504": "62.80",
        "200505": "60.79",
        "200506": "63.45",
        "200507": "64.78",
        "200508": "60.50",
        "200509": "58.13",
        "200510": "56.83",
        "200511": "57.32",
        "200512": "57.07",
        "200601": "57.03",
        "200602": "57.68",
        "200603": "59.95",
        "200604": "60.42",
        "200605": "61.14",
        "200606": "59.44",
        "200607": "58.89",
        "200608": "56.05",
        "200609": "54.49",
        "200610": "56.40",
        "200611": "57.95",
        "200612": "60.02",
        "200701": "60.95",
        "200702": "63.52",
        "200703": "62.45",
        "200704": "64.12",
        "200705": "63.06",
        "200706": "62.33",
        "200707": "62.50",
        "200708": "54.47",
        "200709": "59.28",
        "200710": "61.47",
        "200711": "60.57",
        "200712": "61.85",
        "200801": "69.25",
        "200802": "72.00",
        "200803": "77.03",
        "200804": "78.46",
        "200805": "77.36",
        "200806": "75.76",
        "200807": "75.16",
        "200808": "77.79",
        "200809": "76.29",
        "200810": "60.31",
        "200811": "52.16",
        "200812": "51.56",
        "200901": "51.01",
        "200902": "51.60",
        "200903": "62.39",
        "200904": "61.34",
        "200905": "61.32",
        "200906": "64.20",
        "200907": "64.60",
        "200908": "56.36",
        "200909": "56.95",
        "200910": "57.58",
        "200911": "57.63",
        "200912": "58.42",
        "201001": "58.63",
        "201002": "59.61",
        "201003": "61.10",
        "201004": "61.64",
        "201005": "61.52",
        "201006": "62.88",
        "201007": "66.27",
        "201008": "66.05",
        "201009": "68.48",
        "201010": "70.92",
        "201011": "74.18",
        "201012": "73.90",
        "201101": "81.10",
        "201102": "87.54",
        "201103": "88.76",
        "201104": "91.43",
        "201105": "92.57",
        "201106": "97.72",
        "201107": "102.97",
        "201108": "98.72",
        "201109": "99.68",
        "201110": "100.00",
        "201111": "100.54",
        "201112": "100.74",
        "201201": "98.47",
        "201202": "94.25",
        "201203": "91.32",
        "201204": "90.16",
        "201205": "90.71",
        "201206": "91.09",
        "201207": "91.89",
        "201208": "89.95",
        "201209": "91.83",
        "201210": "92.41",
        "201211": "92.71",
        "201212": "93.82",
        "201301": "94.25",
        "201302": "93.04",
        "201303": "92.22",
        "201304": "93.36",
        "201305": "96.47",
        "201306": "95.49",
        "201307": "97.47",
        "201308": "93.92",
        "201309": "94.43",
        "201310": "93.20",
        "201311": "92.41",
        "201312": "92.47",
        "201401": "92.06",
        "201402": "91.05",
        "201403": "92.76",
        "201404": "93.93",
        "201405": "95.15",
        "201406": "96.19",
        "201407": "93.98",
        "201408": "92.42",
        "201409": "91.86",
        "201410": "91.58",
        "201411": "92.74",
        "201412": "92.54",
        "201501": "94.18",
        "201502": "96.57",
        "201503": "98.51",
        "201504": "98.75",
        "201505": "98.43",
        "201506": "96.89",
        "201507": "96.82",
        "201508": "97.64",
        "201509": "97.82",
        "201510": "99.42",
        "201511": "99.20",
        "201512": "98.80",
        "201601": "100.87",
        "201602": "104.12",
        "201603": "107.54",
        "201604": "109.55",
        "201605": "110.43",
        "201606": "112.57",
        "201607": "119.22",
        "201608": "115.22",
        "201609": "112.68",
        "201610": "111.60",
        "201611": "107.23",
        "201612": "103.41",
        "201701": "102.19",
        "201702": "100.94",
        "201703": "103.74",
        "201704": "103.42",
        "201705": "105.35",
        "201706": "108.09",
        "201707": "107.19",
        "201708": "102.76",
        "201709": "104.05",
        "201710": "102.92",
        "201711": "103.05",
        "201712": "104.95",
        "201801": "108.52",
        "201802": "108.35",
        "201803": "110.13",
        "201804": "113.03",
        "201805": "109.86",
        "201806": "109.75",
        "201807": "109.73",
        "201808": "107.24",
        "201809": "109.16",
        "201810": "108.20",
        "201811": "106.86",
        "201812": "107.26",
        "201901": "107.05",
        "201902": "106.54",
        "201903": "107.90",
        "201904": "109.85",
        "201905": "111.30",
        "201906": "113.21",
        "201907": "111.65",
        "201908": "107.36",
        "201909": "110.89",
        "201910": "112.36",
        "201911": "113.21",
        "201912": "111.41",
        "202001": "109.40",
        "202002": "108.82",
        "202003": "107.30",
        "202004": "108.50",
        "202005": "110.20",
        "202006": "113.12",
        "202007": "110.41",
        "202008": "108.86",
        "202009": "108.45",
        "202010": "107.34",
        "202011": "109.69",
        "202012": "108.98",
        "202101": "109.75",
        "202102": "109.00",
        "202103": "110.66",
        "202104": "113.21",
        "202105": "113.07",
        "202106": "114.14",
        "202107": "114.75",
        "202108": "115.66",
        "202109": "110.98",
        "202110": "110.92",
        "202111": "112.45",
        "202112": "114.73",
        "202201": "116.61",
        "202202": "121.33",
        "202203": "124.96",
        "202204": "129.82",
        "202205": "125.07",
        "202206": "125.98",
        "202207": "122.90",
        "202208": "122.57",
        "202209": "118.52",
        "202210": "109.45",
        "202211": "109.43",
        "202212": "112.14",
        "202301": "114.00",
        "202302": "113.58",
        "202303": "118.63",
        "202304": "124.59",
        "202305": "126.32"
    },
    "quarters": {
        "20011": {
            "year_quarter": 20011,
            "year": 2001,
            "quarter": 1,
            "eps": 0.95,
            "eps_growth_year": -7.77,
            "eps_4q": 4.12,
            "eps_4q_growth_year": null,
            "roe": 2.68,
            "roe_4q": 2.68,
            "gross_profit": 20310571,
            "gross_margin": 44.07,
            "gross_margin_4q_avg": 44.07,
            "net_income": 9191350,
            "revenue": 46089576,
            "common_shares": 96477249,
            "book_valuer_per_share": 36.37,
            "book_valuer_per_share_4q_avg": 36.37,
            "equity": 350865245,
            "current_ratio": 60.93,
            "debt_ratio": 26.11,
            "inventory_turnover_ratio": 8.02,
            "account_receivable_turnover_ratio": null,
            "reinvestment_rate": null,
            "research_to_sale_ratio": null,
            "price_fair": 0,
            "eps_avg_yearly": 0,
            "eps_latest_yearly": 0,
            "eps_growth_yearly": 0
        },
        "20012": {
            "year_quarter": 20012,
            "year": 2001,
            "quarter": 2,
            "eps": 0.81,
            "eps_growth_year": -19,
            "eps_4q": 3.95,
            "eps_4q_growth_year": null,
            "roe": 2.19,
            "roe_4q": 4.87,
            "gross_profit": 19602596,
            "gross_margin": 42.32,
            "gross_margin_4q_avg": 43.2,
            "net_income": 7768408,
            "revenue": 46320573,
            "common_shares": 96477249,
            "book_valuer_per_share": 37.17,
            "book_valuer_per_share_4q_avg": 36.77,
            "equity": 358633653,
            "current_ratio": 73.72,
            "debt_ratio": 24.17,
            "inventory_turnover_ratio": 9.82,
            "account_receivable_turnover_ratio": null,
            "reinvestment_rate": null,
            "research_to_sale_ratio": null,
            "price_fair": 0,
            "eps_avg_yearly": 0,
            "eps_latest_yearly": 0,
            "eps_growth_yearly": 0
        },
        "20013": {
            "year_quarter": 20013,
            "year": 2001,
            "quarter": 3,
            "eps": 1.19,
            "eps_growth_year": 3.48,
            "eps_4q": 3.96,
            "eps_4q_growth_year": null,
            "roe": 3.16,
            "roe_4q": 8.03,
            "gross_profit": 21709082,
            "gross_margin": 47.02,
            "gross_margin_4q_avg": 44.47,
            "net_income": 11522597,
            "revenue": 46166329,
            "common_shares": 96477249,
            "book_valuer_per_share": 38.37,
            "book_valuer_per_share_4q_avg": 37.3,
            "equity": 370156250,
            "current_ratio": 125.75,
            "debt_ratio": 18.44,
            "inventory_turnover_ratio": 10.7,
            "account_receivable_turnover_ratio": null,
            "reinvestment_rate": null,
            "research_to_sale_ratio": null,
            "price_fair": 0,
            "eps_avg_yearly": 0,
            "eps_latest_yearly": 0,
            "eps_growth_yearly": 0
        },
        "20014": {
            "year_quarter": 20014,
            "year": 2001,
            "quarter": 4,
            "eps": 0.91,
            "eps_growth_year": -10.78,
            "eps_4q": 3.86,
            "eps_4q_growth_year": -8.06,
            "roe": 2.46,
            "roe_4q": 10.49,
            "gross_profit": 19666588,
            "gross_margin": 45.13,
            "gross_margin_4q_avg": 44.64,
            "net_income": 8789065,
            "revenue": 43578239,
            "common_shares": 96477249,
            "book_valuer_per_share": 35.75,
            "book_valuer_per_share_4q_avg": 36.92,
            "equity": 344933201,
            "current_ratio": 36.07,
            "debt_ratio": 24.31,
            "inventory_turnover_ratio": 12.64,
            "account_receivable_turnover_ratio": null,
            "reinvestment_rate": null,
            "research_to_sale_ratio": null,
            "price_fair": 0,
            "eps_avg_yearly": 0,
            "eps_latest_yearly": 0,
            "eps_growth_yearly": 0
        },
        "20021": {
            "year_quarter": 20021,
            "year": 2002,
            "quarter": 1,
            "eps": 1.3,
            "eps_growth_year": 36.84,
            "eps_4q": 4.21,
            "eps_4q_growth_year": 2.18,
            "roe": 3.57,
            "roe_4q": 11.379999999999999,
            "gross_profit": 21429214,
            "gross_margin": 50.53,
            "gross_margin_4q_avg": 46.25,
            "net_income": 12549555,
            "revenue": 42405059,
            "common_shares": 96477249,
            "book_valuer_per_share": 37.05,
            "book_valuer_per_share_4q_avg": 37.09,
            "equity": 357482756,
            "current_ratio": 31.8,
            "debt_ratio": 23.3,
            "inventory_turnover_ratio": 12.63,
            "account_receivable_turnover_ratio": null,
            "reinvestment_rate": null,
            "research_to_sale_ratio": null,
            "price_fair": 182,
            "eps_avg_yearly": 5.2,
            "eps_latest_yearly": 5.2,
            "eps_growth_yearly": 171.43
        },
        "20022": {
            "year_quarter": 20022,
            "year": 2002,
            "quarter": 2,
            "eps": 1.3,
            "eps_growth_year": 60.49,
            "eps_4q": 4.72,
            "eps_4q_growth_year": 19.27,
            "roe": 3.44,
            "roe_4q": 12.629999999999999,
            "gross_profit": 21483947,
            "gross_margin": 48.98,
            "gross_margin_4q_avg": 47.92,
            "net_income": 12503484,
            "revenue": 43860127,
            "common_shares": 96477249,
            "book_valuer_per_share": 38.35,
            "book_valuer_per_share_4q_avg": 37.38,
            "equity": 369985658,
            "current_ratio": 55.04,
            "debt_ratio": 23.54,
            "inventory_turnover_ratio": 13.09,
            "account_receivable_turnover_ratio": null,
            "reinvestment_rate": null,
            "research_to_sale_ratio": null,
            "price_fair": 182,
            "eps_avg_yearly": 5.2,
            "eps_latest_yearly": 5.2,
            "eps_growth_yearly": 85.71
        },
        "20023": {
            "year_quarter": 20023,
            "year": 2002,
            "quarter": 3,
            "eps": 1.24,
            "eps_growth_year": 4.2,
            "eps_4q": 4.75,
            "eps_4q_growth_year": 19.84,
            "roe": 3.18,
            "roe_4q": 12.649999999999999,
            "gross_profit": 23038818,
            "gross_margin": 50.43,
            "gross_margin_4q_avg": 48.77,
            "net_income": 11966161,
            "revenue": 45682617,
            "common_shares": 96477249,
            "book_valuer_per_share": 39.59,
            "book_valuer_per_share_4q_avg": 37.69,
            "equity": 381951820,
            "current_ratio": 66.44,
            "debt_ratio": 17.09,
            "inventory_turnover_ratio": 12.04,
            "account_receivable_turnover_ratio": null,
            "reinvestment_rate": null,
            "research_to_sale_ratio": null,
            "price_fair": 179.2,
            "eps_avg_yearly": 5.12,
            "eps_latest_yearly": 4.96,
            "eps_growth_yearly": 50.99
        },
        "20024": {
            "year_quarter": 20024,
            "year": 2002,
            "quarter": 4,
            "eps": 0.64,
            "eps_growth_year": -29.67,
            "eps_4q": 4.46,
            "eps_4q_growth_year": 15.48,
            "roe": 1.7,
            "roe_4q": 11.89,
            "gross_profit": 19745087,
            "gross_margin": 44.73,
            "gross_margin_4q_avg": 48.67,
            "net_income": 6208055,
            "revenue": 44141208,
            "common_shares": 96477249,
            "book_valuer_per_share": 36.23,
            "book_valuer_per_share_4q_avg": 37.81,
            "equity": 349569274,
            "current_ratio": 45.94,
            "debt_ratio": 24.96,
            "inventory_turnover_ratio": 16.1,
            "account_receivable_turnover_ratio": null,
            "reinvestment_rate": null,
            "research_to_sale_ratio": null,
            "price_fair": 13.44,
            "eps_avg_yearly": 4.48,
            "eps_latest_yearly": 2.56,
            "eps_growth_yearly": -10.15
        },
        "20031": {
            "year_quarter": 20031,
            "year": 2003,
            "quarter": 1,
            "eps": 1.12,
            "eps_growth_year": -13.85,
            "eps_4q": 4.3,
            "eps_4q_growth_year": 2.18,
            "roe": 2.89,
            "roe_4q": 11.209999999999999,
            "gross_profit": 20957075,
            "gross_margin": 48.53,
            "gross_margin_4q_avg": 48.17,
            "net_income": 10803221,
            "revenue": 43181362,
            "common_shares": 96477249,
            "book_valuer_per_share": 41.35,
            "book_valuer_per_share_4q_avg": 38.88,
            "equity": 398941177,
            "current_ratio": 85.55,
            "debt_ratio": 13.08,
            "inventory_turnover_ratio": 18.78,
            "account_receivable_turnover_ratio": null,
            "reinvestment_rate": null,
            "research_to_sale_ratio": null,
            "price_fair": 156.8,
            "eps_avg_yearly": 4.48,
            "eps_latest_yearly": 4.48,
            "eps_growth_yearly": 51.88
        },
        "20032": {
            "year_quarter": 20032,
            "year": 2003,
            "quarter": 2,
            "eps": 1.36,
            "eps_growth_year": 4.62,
            "eps_4q": 4.37,
            "eps_4q_growth_year": -7.39,
            "roe": 3.39,
            "roe_4q": 11.16,
            "gross_profit": 22565777,
            "gross_margin": 50.36,
            "gross_margin_4q_avg": 48.51,
            "net_income": 13100364,
            "revenue": 44813096,
            "common_shares": 96477249,
            "book_valuer_per_share": 38.71,
            "book_valuer_per_share_4q_avg": 38.97,
            "equity": 373465389,
            "current_ratio": 65.08,
            "debt_ratio": 19.69,
            "inventory_turnover_ratio": 16.92,
            "account_receivable_turnover_ratio": null,
            "reinvestment_rate": null,
            "research_to_sale_ratio": null,
            "price_fair": 162.4,
            "eps_avg_yearly": 4.64,
            "eps_latest_yearly": 5.44,
            "eps_growth_yearly": 57.52
        },
        "20033": {
            "year_quarter": 20033,
            "year": 2003,
            "quarter": 3,
            "eps": 1.3,
            "eps_growth_year": 4.84,
            "eps_4q": 4.43,
            "eps_4q_growth_year": -6.65,
            "roe": 3.29,
            "roe_4q": 11.27,
            "gross_profit": 23384903,
            "gross_margin": 50.93,
            "gross_margin_4q_avg": 48.64,
            "net_income": 12501233,
            "revenue": 45912263,
            "common_shares": 96477249,
            "book_valuer_per_share": 40.01,
            "book_valuer_per_share_4q_avg": 39.08,
            "equity": 385966095,
            "current_ratio": 75.17,
            "debt_ratio": 14.4,
            "inventory_turnover_ratio": 16.66,
            "account_receivable_turnover_ratio": null,
            "reinvestment_rate": null,
            "research_to_sale_ratio": null,
            "price_fair": 165.2,
            "eps_avg_yearly": 4.72,
            "eps_latest_yearly": 5.2,
            "eps_growth_yearly": 46.78
        },
        "20034": {
            "year_quarter": 20034,
            "year": 2003,
            "quarter": 4,
            "eps": 1.25,
            "eps_growth_year": 95.31,
            "eps_4q": 5.01,
            "eps_4q_growth_year": 12.47,
            "roe": 3.27,
            "roe_4q": 12.840000000000002,
            "gross_profit": 21520655,
            "gross_margin": 47.57,
            "gross_margin_4q_avg": 49.35,
            "net_income": 12095930,
            "revenue": 45241822,
            "common_shares": 96477249,
            "book_valuer_per_share": 36.76,
            "book_valuer_per_share_4q_avg": 39.21,
            "equity": 354637221,
            "current_ratio": 43.46,
            "debt_ratio": 23.04,
            "inventory_turnover_ratio": 19,
            "account_receivable_turnover_ratio": null,
            "reinvestment_rate": 12.86,
            "research_to_sale_ratio": null,
            "price_fair": 166.43,
            "eps_avg_yearly": 4.76,
            "eps_latest_yearly": 5,
            "eps_growth_yearly": 39.01
        },
        "20041": {
            "year_quarter": 20041,
            "year": 2004,
            "quarter": 1,
            "eps": 1.34,
            "eps_growth_year": 19.64,
            "eps_4q": 5.25,
            "eps_4q_growth_year": 22.17,
            "roe": 3.37,
            "roe_4q": 13.32,
            "gross_profit": 22623814,
            "gross_margin": 50.29,
            "gross_margin_4q_avg": 49.79,
            "net_income": 12906890,
            "revenue": 44988681,
            "common_shares": 96477249,
            "book_valuer_per_share": 42.6,
            "book_valuer_per_share_4q_avg": 39.52,
            "equity": 410946015,
            "current_ratio": 114.67,
            "debt_ratio": 12.67,
            "inventory_turnover_ratio": 17.21,
            "account_receivable_turnover_ratio": null,
            "reinvestment_rate": 6.36,
            "research_to_sale_ratio": null,
            "price_fair": 168.78,
            "eps_avg_yearly": 4.82,
            "eps_latest_yearly": 5.36,
            "eps_growth_yearly": 37.88
        },
        "20042": {
            "year_quarter": 20042,
            "year": 2004,
            "quarter": 2,
            "eps": 1.4,
            "eps_growth_year": 2.94,
            "eps_4q": 5.3,
            "eps_4q_growth_year": 21.26,
            "roe": 3.4,
            "roe_4q": 13.329999999999998,
            "gross_profit": 23087778,
            "gross_margin": 50.38,
            "gross_margin_4q_avg": 49.79,
            "net_income": 13473058,
            "revenue": 45828220,
            "common_shares": 96477249,
            "book_valuer_per_share": 39.49,
            "book_valuer_per_share_4q_avg": 39.72,
            "equity": 381017169,
            "current_ratio": 83.11,
            "debt_ratio": 20.9,
            "inventory_turnover_ratio": 17.89,
            "account_receivable_turnover_ratio": null,
            "reinvestment_rate": 5.39,
            "research_to_sale_ratio": null,
            "price_fair": 171.5,
            "eps_avg_yearly": 4.9,
            "eps_latest_yearly": 5.6,
            "eps_growth_yearly": 35.88
        },
        "20043": {
            "year_quarter": 20043,
            "year": 2004,
            "quarter": 3,
            "eps": 1.34,
            "eps_growth_year": 3.08,
            "eps_4q": 5.34,
            "eps_4q_growth_year": 20.4,
            "roe": 3.33,
            "roe_4q": 13.370000000000001,
            "gross_profit": 22913075,
            "gross_margin": 49.88,
            "gross_margin_4q_avg": 49.53,
            "net_income": 12904498,
            "revenue": 45937025,
            "common_shares": 96477249,
            "book_valuer_per_share": 40.83,
            "book_valuer_per_share_4q_avg": 39.92,
            "equity": 393921494,
            "current_ratio": 107.61,
            "debt_ratio": 11.67,
            "inventory_turnover_ratio": 17.9,
            "account_receivable_turnover_ratio": null,
            "reinvestment_rate": 1.26,
            "research_to_sale_ratio": null,
            "price_fair": 172.96,
            "eps_avg_yearly": 4.94,
            "eps_latest_yearly": 5.36,
            "eps_growth_yearly": 31.06
        },
        "20044": {
            "year_quarter": 20044,
            "year": 2004,
            "quarter": 4,
            "eps": 1.1,
            "eps_growth_year": -12,
            "eps_4q": 5.18,
            "eps_4q_growth_year": 3.45,
            "roe": 2.81,
            "roe_4q": 12.91,
            "gross_profit": 20978205,
            "gross_margin": 45.8,
            "gross_margin_4q_avg": 49.09,
            "net_income": 10578852,
            "revenue": 45808756,
            "common_shares": 96477249,
            "book_valuer_per_share": 37.23,
            "book_valuer_per_share_4q_avg": 40.04,
            "equity": 359151796,
            "current_ratio": 67.5,
            "debt_ratio": 23.12,
            "inventory_turnover_ratio": 17.43,
            "account_receivable_turnover_ratio": null,
            "reinvestment_rate": -3.42,
            "research_to_sale_ratio": null,
            "price_fair": 159.15,
            "eps_avg_yearly": 4.9,
            "eps_latest_yearly": 4.4,
            "eps_growth_yearly": 22.5
        },
        "20051": {
            "year_quarter": 20051,
            "year": 2005,
            "quarter": 1,
            "eps": 1.21,
            "eps_growth_year": -9.7,
            "eps_4q": 5.06,
            "eps_4q_growth_year": -3.76,
            "roe": 3,
            "roe_4q": 12.540000000000001,
            "gross_profit": 21546759,
            "gross_margin": 48.97,
            "gross_margin_4q_avg": 48.76,
            "net_income": 11626934,
            "revenue": 43999505,
            "common_shares": 96477249,
            "book_valuer_per_share": 43.14,
            "book_valuer_per_share_4q_avg": 40.17,
            "equity": 416237224,
            "current_ratio": 157.78,
            "debt_ratio": 12.19,
            "inventory_turnover_ratio": 17.68,
            "account_receivable_turnover_ratio": null,
            "reinvestment_rate": -11.01,
            "research_to_sale_ratio": null,
            "price_fair": 165.6,
            "eps_avg_yearly": 4.89,
            "eps_latest_yearly": 4.84,
            "eps_growth_yearly": 23.85
        },
        "20052": {
            "year_quarter": 20052,
            "year": 2005,
            "quarter": 2,
            "eps": 1.32,
            "eps_growth_year": -5.71,
            "eps_4q": 4.97,
            "eps_4q_growth_year": -6.2,
            "roe": 3.18,
            "roe_4q": 12.32,
            "gross_profit": 22335723,
            "gross_margin": 48.85,
            "gross_margin_4q_avg": 48.38,
            "net_income": 12701433,
            "revenue": 45719577,
            "common_shares": 96477249,
            "book_valuer_per_share": 39.76,
            "book_valuer_per_share_4q_avg": 40.24,
            "equity": 383586495,
            "current_ratio": 102.9,
            "debt_ratio": 20.95,
            "inventory_turnover_ratio": 20.34,
            "account_receivable_turnover_ratio": null,
            "reinvestment_rate": -14,
            "research_to_sale_ratio": null,
            "price_fair": 170.93,
            "eps_avg_yearly": 4.92,
            "eps_latest_yearly": 5.28,
            "eps_growth_yearly": 24.74
        },
        "20053": {
            "year_quarter": 20053,
            "year": 2005,
            "quarter": 3,
            "eps": 1.43,
            "eps_growth_year": 6.72,
            "eps_4q": 5.04,
            "eps_4q_growth_year": -5.59,
            "roe": 3.54,
            "roe_4q": 12.530000000000001,
            "gross_profit": 24702923,
            "gross_margin": 52.34,
            "gross_margin_4q_avg": 48.99,
            "net_income": 13837727,
            "revenue": 47200499,
            "common_shares": 96477249,
            "book_valuer_per_share": 41.19,
            "book_valuer_per_share_4q_avg": 40.33,
            "equity": 397424222,
            "current_ratio": 164.53,
            "debt_ratio": 10.5,
            "inventory_turnover_ratio": 14.56,
            "account_receivable_turnover_ratio": null,
            "reinvestment_rate": -18.45,
            "research_to_sale_ratio": null,
            "price_fair": 174.07,
            "eps_avg_yearly": 4.97,
            "eps_latest_yearly": 5.72,
            "eps_growth_yearly": 25.31
        },
        "20054": {
            "year_quarter": 20054,
            "year": 2005,
            "quarter": 4,
            "eps": 0.98,
            "eps_growth_year": -10.91,
            "eps_4q": 4.92,
            "eps_4q_growth_year": -5.06,
            "roe": 2.36,
            "roe_4q": 12.08,
            "gross_profit": 20854955,
            "gross_margin": 44.89,
            "gross_margin_4q_avg": 48.76,
            "net_income": 9486790,
            "revenue": 46462270,
            "common_shares": 96477249,
            "book_valuer_per_share": 42.18,
            "book_valuer_per_share_4q_avg": 41.57,
            "equity": 406908188,
            "current_ratio": 182.9,
            "debt_ratio": 11.33,
            "inventory_turnover_ratio": 12.77,
            "account_receivable_turnover_ratio": null,
            "reinvestment_rate": -23.66,
            "research_to_sale_ratio": null,
            "price_fair": 126.94,
            "eps_avg_yearly": 4.91,
            "eps_latest_yearly": 3.92,
            "eps_growth_yearly": 15.87
        },
        "20061": {
            "year_quarter": 20061,
            "year": 2006,
            "quarter": 1,
            "eps": 1.04,
            "eps_growth_year": -14.05,
            "eps_4q": 4.78,
            "eps_4q_growth_year": -5.42,
            "roe": 2.46,
            "roe_4q": 11.54,
            "gross_profit": 22218011,
            "gross_margin": 49.78,
            "gross_margin_4q_avg": 48.97,
            "net_income": 10012509,
            "revenue": 44631942,
            "common_shares": 96477249,
            "book_valuer_per_share": 42.3,
            "book_valuer_per_share_4q_avg": 41.36,
            "equity": 408096739,
            "current_ratio": 208.36,
            "debt_ratio": 10.6,
            "inventory_turnover_ratio": 9.85,
            "account_receivable_turnover_ratio": null,
            "reinvestment_rate": -26.83,
            "research_to_sale_ratio": null,
            "price_fair": 80.78,
            "eps_avg_yearly": 4.84,
            "eps_latest_yearly": 4.16,
            "eps_growth_yearly": 6.68
        },
        "20062": {
            "year_quarter": 20062,
            "year": 2006,
            "quarter": 2,
            "eps": 1.25,
            "eps_growth_year": -5.3,
            "eps_4q": 4.67,
            "eps_4q_growth_year": -5.96,
            "roe": 3.1,
            "roe_4q": 11.46,
            "gross_profit": 22775173,
            "gross_margin": 49.55,
            "gross_margin_4q_avg": 49.14,
            "net_income": 12174764,
            "revenue": 45962399,
            "common_shares": 94557249,
            "book_valuer_per_share": 39.87,
            "book_valuer_per_share_4q_avg": 41.39,
            "equity": 377023243,
            "current_ratio": 121.05,
            "debt_ratio": 19.67,
            "inventory_turnover_ratio": 12.33,
            "account_receivable_turnover_ratio": null,
            "reinvestment_rate": -27.82,
            "research_to_sale_ratio": null,
            "price_fair": 104.96,
            "eps_avg_yearly": 4.83,
            "eps_latest_yearly": 5,
            "eps_growth_yearly": 11.73
        },
        "20063": {
            "year_quarter": 20063,
            "year": 2006,
            "quarter": 3,
            "eps": 1.23,
            "eps_growth_year": -13.99,
            "eps_4q": 4.48,
            "eps_4q_growth_year": -11.04,
            "roe": 3.13,
            "roe_4q": 11.05,
            "gross_profit": 23718681,
            "gross_margin": 50.57,
            "gross_margin_4q_avg": 48.7,
            "net_income": 11983679,
            "revenue": 46900082,
            "common_shares": 96678451,
            "book_valuer_per_share": 40.25,
            "book_valuer_per_share_4q_avg": 41.15,
            "equity": 389139366,
            "current_ratio": 180.83,
            "debt_ratio": 11.77,
            "inventory_turnover_ratio": 15.16,
            "account_receivable_turnover_ratio": null,
            "reinvestment_rate": -29.72,
            "research_to_sale_ratio": null,
            "price_fair": 108.54,
            "eps_avg_yearly": 4.83,
            "eps_latest_yearly": 4.92,
            "eps_growth_yearly": 12.48
        },
        "20064": {
            "year_quarter": 20064,
            "year": 2006,
            "quarter": 4,
            "eps": 1.1,
            "eps_growth_year": 12.24,
            "eps_4q": 4.61,
            "eps_4q_growth_year": -6.43,
            "roe": 2.72,
            "roe_4q": 11.41,
            "gross_profit": 21406564,
            "gross_margin": 45.65,
            "gross_margin_4q_avg": 48.89,
            "net_income": 10720385,
            "revenue": 46892555,
            "common_shares": 96678451,
            "book_valuer_per_share": 41.38,
            "book_valuer_per_share_4q_avg": 40.95,
            "equity": 400114199,
            "current_ratio": 192.34,
            "debt_ratio": 13.28,
            "inventory_turnover_ratio": 13.03,
            "account_receivable_turnover_ratio": null,
            "reinvestment_rate": -33.37,
            "research_to_sale_ratio": null,
            "price_fair": 157.86,
            "eps_avg_yearly": 4.94,
            "eps_latest_yearly": 4.4,
            "eps_growth_yearly": 21.94
        },
        "20071": {
            "year_quarter": 20071,
            "year": 2007,
            "quarter": 1,
            "eps": 1.25,
            "eps_growth_year": 20.19,
            "eps_4q": 4.86,
            "eps_4q_growth_year": 1.6,
            "roe": 2.97,
            "roe_4q": 11.92,
            "gross_profit": 22583412,
            "gross_margin": 49.7,
            "gross_margin_4q_avg": 48.87,
            "net_income": 12084297,
            "revenue": 45443427,
            "common_shares": 96678451,
            "book_valuer_per_share": 42.64,
            "book_valuer_per_share_4q_avg": 41.04,
            "equity": 412374166,
            "current_ratio": 246.37,
            "debt_ratio": 11.76,
            "inventory_turnover_ratio": 9.51,
            "account_receivable_turnover_ratio": null,
            "reinvestment_rate": -32.99,
            "research_to_sale_ratio": null,
            "price_fair": 82.57,
            "eps_avg_yearly": 4.98,
            "eps_latest_yearly": 5,
            "eps_growth_yearly": 6.6
        },
        "20072": {
            "year_quarter": 20072,
            "year": 2007,
            "quarter": 2,
            "eps": 1.18,
            "eps_growth_year": -5.6,
            "eps_4q": 4.42,
            "eps_4q_growth_year": -5.36,
            "roe": 3.14,
            "roe_4q": 11.96,
            "gross_profit": 22867537,
            "gross_margin": 45.49,
            "gross_margin_4q_avg": 47.85,
            "net_income": 12621928,
            "revenue": 50266340,
            "common_shares": 96678451,
            "book_valuer_per_share": 40.23,
            "book_valuer_per_share_4q_avg": 41.13,
            "equity": 391251055,
            "current_ratio": 165.85,
            "debt_ratio": 18.31,
            "inventory_turnover_ratio": 7.93,
            "account_receivable_turnover_ratio": null,
            "reinvestment_rate": -32.26,
            "research_to_sale_ratio": null,
            "price_fair": 14.79,
            "eps_avg_yearly": 4.93,
            "eps_latest_yearly": 4.72,
            "eps_growth_yearly": -0.16
        },
        "20073": {
            "year_quarter": 20073,
            "year": 2007,
            "quarter": 3,
            "eps": 1.24,
            "eps_growth_year": 0.81,
            "eps_4q": 4.49,
            "eps_4q_growth_year": 0.18,
            "roe": 3.38,
            "roe_4q": 12.21,
            "gross_profit": 24258643,
            "gross_margin": 46.9,
            "gross_margin_4q_avg": 46.94,
            "net_income": 13399131,
            "revenue": 51719975,
            "common_shares": 106346296,
            "book_valuer_per_share": 37.52,
            "book_valuer_per_share_4q_avg": 40.44,
            "equity": 401551971,
            "current_ratio": 263.49,
            "debt_ratio": 11.47,
            "inventory_turnover_ratio": 6.43,
            "account_receivable_turnover_ratio": null,
            "reinvestment_rate": -32.66,
            "research_to_sale_ratio": null,
            "price_fair": 60.03,
            "eps_avg_yearly": 4.92,
            "eps_latest_yearly": 4.96,
            "eps_growth_yearly": 2.21
        },
        "20074": {
            "year_quarter": 20074,
            "year": 2007,
            "quarter": 4,
            "eps": 0.99,
            "eps_growth_year": -10,
            "eps_4q": 4.49,
            "eps_4q_growth_year": -2.51,
            "roe": 2.66,
            "roe_4q": 12.15,
            "gross_profit": 21055997,
            "gross_margin": 42.14,
            "gross_margin_4q_avg": 46.06,
            "net_income": 10636983,
            "revenue": 49961141,
            "common_shares": 96678451,
            "book_valuer_per_share": 40.86,
            "book_valuer_per_share_4q_avg": 40.31,
            "equity": 397842269,
            "current_ratio": 202.52,
            "debt_ratio": 15.29,
            "inventory_turnover_ratio": 6.76,
            "account_receivable_turnover_ratio": null,
            "reinvestment_rate": -35.13,
            "research_to_sale_ratio": null,
            "price_fair": 14.55,
            "eps_avg_yearly": 4.85,
            "eps_latest_yearly": 3.96,
            "eps_growth_yearly": -1.86
        },
        "20081": {
            "year_quarter": 20081,
            "year": 2008,
            "quarter": 1,
            "eps": 1.12,
            "eps_growth_year": -10.4,
            "eps_4q": 4.8,
            "eps_4q_growth_year": -1.14,
            "roe": 2.71,
            "roe_4q": 11.89,
            "gross_profit": 22779775,
            "gross_margin": 44.7,
            "gross_margin_4q_avg": 44.81,
            "net_income": 10930338,
            "revenue": 50957027,
            "common_shares": 95577769,
            "book_valuer_per_share": 42.36,
            "book_valuer_per_share_4q_avg": 40.24,
            "equity": 407857922,
            "current_ratio": 254.33,
            "debt_ratio": 13.18,
            "inventory_turnover_ratio": 6.19,
            "account_receivable_turnover_ratio": null,
            "reinvestment_rate": -34.2,
            "research_to_sale_ratio": null,
            "price_fair": 14.39,
            "eps_avg_yearly": 4.8,
            "eps_latest_yearly": 4.48,
            "eps_growth_yearly": -0.38
        },
        "20082": {
            "year_quarter": 20082,
            "year": 2008,
            "quarter": 2,
            "eps": 1.31,
            "eps_growth_year": 11.02,
            "eps_4q": 4.84,
            "eps_4q_growth_year": 9.42,
            "roe": 3.23,
            "roe_4q": 11.98,
            "gross_profit": 22925014,
            "gross_margin": 45.88,
            "gross_margin_4q_avg": 44.91,
            "net_income": 12691922,
            "revenue": 49965527,
            "common_shares": 95577769,
            "book_valuer_per_share": 39.23,
            "book_valuer_per_share_4q_avg": 39.99,
            "equity": 377682462,
            "current_ratio": 155.5,
            "debt_ratio": 21.56,
            "inventory_turnover_ratio": 5.15,
            "account_receivable_turnover_ratio": null,
            "reinvestment_rate": -33.18,
            "research_to_sale_ratio": null,
            "price_fair": 60.8,
            "eps_avg_yearly": 4.77,
            "eps_latest_yearly": 5.24,
            "eps_growth_yearly": 2.74
        },
        "20083": {
            "year_quarter": 20083,
            "year": 2008,
            "quarter": 3,
            "eps": 1.39,
            "eps_growth_year": 12.1,
            "eps_4q": 4.83,
            "eps_4q_growth_year": 7.6,
            "roe": 3.52,
            "roe_4q": 12.120000000000001,
            "gross_profit": 21859958,
            "gross_margin": 42.91,
            "gross_margin_4q_avg": 43.91,
            "net_income": 13521005,
            "revenue": 50939211,
            "common_shares": 95577769,
            "book_valuer_per_share": 40.47,
            "book_valuer_per_share_4q_avg": 40.73,
            "equity": 389791778,
            "current_ratio": 179.31,
            "debt_ratio": 19.54,
            "inventory_turnover_ratio": 4.92,
            "account_receivable_turnover_ratio": null,
            "reinvestment_rate": -31.46,
            "research_to_sale_ratio": null,
            "price_fair": 73.39,
            "eps_avg_yearly": 4.79,
            "eps_latest_yearly": 5.56,
            "eps_growth_yearly": 5.34
        },
        "20084": {
            "year_quarter": 20084,
            "year": 2008,
            "quarter": 4,
            "eps": 0.88,
            "eps_growth_year": -11.11,
            "eps_4q": 4.58,
            "eps_4q_growth_year": 1.99,
            "roe": 2.25,
            "roe_4q": 11.71,
            "gross_profit": 20558485,
            "gross_margin": 41.28,
            "gross_margin_4q_avg": 43.69,
            "net_income": 8648347,
            "revenue": 49807756,
            "common_shares": 96968082,
            "book_valuer_per_share": 38.83,
            "book_valuer_per_share_4q_avg": 40.22,
            "equity": 379693871,
            "current_ratio": 169.02,
            "debt_ratio": 18.1,
            "inventory_turnover_ratio": 4.66,
            "account_receivable_turnover_ratio": 9.18,
            "reinvestment_rate": -30.17,
            "research_to_sale_ratio": null,
            "price_fair": 47.3,
            "eps_avg_yearly": 4.73,
            "eps_latest_yearly": 3.52,
            "eps_growth_yearly": 0.64
        },
        "20091": {
            "year_quarter": 20091,
            "year": 2009,
            "quarter": 1,
            "eps": 1.11,
            "eps_growth_year": -0.89,
            "eps_4q": 4.55,
            "eps_4q_growth_year": -5.18,
            "roe": 2.85,
            "roe_4q": 11.85,
            "gross_profit": 20968284,
            "gross_margin": 42.69,
            "gross_margin_4q_avg": 43.19,
            "net_income": 10987208,
            "revenue": 49120415,
            "common_shares": 96968082,
            "book_valuer_per_share": 39.96,
            "book_valuer_per_share_4q_avg": 39.62,
            "equity": 391098716,
            "current_ratio": 238.91,
            "debt_ratio": 13.41,
            "inventory_turnover_ratio": 4.64,
            "account_receivable_turnover_ratio": 4.51,
            "reinvestment_rate": -29.45,
            "research_to_sale_ratio": null,
            "price_fair": 69.06,
            "eps_avg_yearly": 4.71,
            "eps_latest_yearly": 4.44,
            "eps_growth_yearly": 4.68
        },
        "20092": {
            "year_quarter": 20092,
            "year": 2009,
            "quarter": 2,
            "eps": 1.08,
            "eps_growth_year": -17.56,
            "eps_4q": 4.08,
            "eps_4q_growth_year": -15.59,
            "roe": 3.08,
            "roe_4q": 11.7,
            "gross_profit": 21940753,
            "gross_margin": 45.65,
            "gross_margin_4q_avg": 43.13,
            "net_income": 11645554,
            "revenue": 48058529,
            "common_shares": 96968082,
            "book_valuer_per_share": 37.39,
            "book_valuer_per_share_4q_avg": 39.16,
            "equity": 365648283,
            "current_ratio": 151.24,
            "debt_ratio": 20.77,
            "inventory_turnover_ratio": 4.83,
            "account_receivable_turnover_ratio": 4.37,
            "reinvestment_rate": -28.41,
            "research_to_sale_ratio": null,
            "price_fair": 54.48,
            "eps_avg_yearly": 4.65,
            "eps_latest_yearly": 4.32,
            "eps_growth_yearly": 1.73
        },
        "20093": {
            "year_quarter": 20093,
            "year": 2009,
            "quarter": 3,
            "eps": 1.13,
            "eps_growth_year": -18.7,
            "eps_4q": 4.22,
            "eps_4q_growth_year": -12.56,
            "roe": 3,
            "roe_4q": 11.18,
            "gross_profit": 21382814,
            "gross_margin": 42.72,
            "gross_margin_4q_avg": 43.09,
            "net_income": 11147971,
            "revenue": 50055711,
            "common_shares": 106664890,
            "book_valuer_per_share": 35.07,
            "book_valuer_per_share_4q_avg": 37.81,
            "equity": 377589124,
            "current_ratio": 237.15,
            "debt_ratio": 12.94,
            "inventory_turnover_ratio": 4.91,
            "account_receivable_turnover_ratio": 4.39,
            "reinvestment_rate": -27.76,
            "research_to_sale_ratio": null,
            "price_fair": 45.7,
            "eps_avg_yearly": 4.57,
            "eps_latest_yearly": 4.52,
            "eps_growth_yearly": 0.8
        },
        "20094": {
            "year_quarter": 20094,
            "year": 2009,
            "quarter": 4,
            "eps": 1.09,
            "eps_growth_year": 23.86,
            "eps_4q": 4.51,
            "eps_4q_growth_year": -1.47,
            "roe": 2.83,
            "roe_4q": 11.76,
            "gross_profit": 21333421,
            "gross_margin": 41.73,
            "gross_margin_4q_avg": 43.2,
            "net_income": 10714420,
            "revenue": 51126565,
            "common_shares": 96968082,
            "book_valuer_per_share": 38.69,
            "book_valuer_per_share_4q_avg": 37.78,
            "equity": 378963614,
            "current_ratio": 191.78,
            "debt_ratio": 15.6,
            "inventory_turnover_ratio": 5.6,
            "account_receivable_turnover_ratio": 8.47,
            "reinvestment_rate": -21.7,
            "research_to_sale_ratio": null,
            "price_fair": 81.77,
            "eps_avg_yearly": 4.6,
            "eps_latest_yearly": 4.36,
            "eps_growth_yearly": 7.79
        },
        "20101": {
            "year_quarter": 20101,
            "year": 2010,
            "quarter": 1,
            "eps": 1.24,
            "eps_growth_year": 11.71,
            "eps_4q": 4.64,
            "eps_4q_growth_year": 1.96,
            "roe": 3.19,
            "roe_4q": 12.1,
            "gross_profit": 21823595,
            "gross_margin": 43.99,
            "gross_margin_4q_avg": 43.52,
            "net_income": 12272393,
            "revenue": 49615417,
            "common_shares": 96968082,
            "book_valuer_per_share": 39.92,
            "book_valuer_per_share_4q_avg": 37.77,
            "equity": 391080683,
            "current_ratio": 236.86,
            "debt_ratio": 13.03,
            "inventory_turnover_ratio": 6.88,
            "account_receivable_turnover_ratio": 4.19,
            "reinvestment_rate": -17.57,
            "research_to_sale_ratio": 1.52,
            "price_fair": 91.53,
            "eps_avg_yearly": 4.65,
            "eps_latest_yearly": 4.96,
            "eps_growth_yearly": 9.69
        },
        "20102": {
            "year_quarter": 20102,
            "year": 2010,
            "quarter": 2,
            "eps": 1.33,
            "eps_growth_year": 23.48,
            "eps_4q": 4.79,
            "eps_4q_growth_year": 17.38,
            "roe": 3.49,
            "roe_4q": 12.51,
            "gross_profit": 22317687,
            "gross_margin": 44.94,
            "gross_margin_4q_avg": 43.35,
            "net_income": 13170514,
            "revenue": 49663660,
            "common_shares": 96968082,
            "book_valuer_per_share": 37.16,
            "book_valuer_per_share_4q_avg": 37.71,
            "equity": 363988720,
            "current_ratio": 148.21,
            "debt_ratio": 20.76,
            "inventory_turnover_ratio": 7.14,
            "account_receivable_turnover_ratio": 4.16,
            "reinvestment_rate": -16.32,
            "research_to_sale_ratio": 1.63,
            "price_fair": 76.83,
            "eps_avg_yearly": 4.67,
            "eps_latest_yearly": 5.32,
            "eps_growth_yearly": 6.46
        },
        "20103": {
            "year_quarter": 20103,
            "year": 2010,
            "quarter": 3,
            "eps": 1.23,
            "eps_growth_year": 9.08,
            "eps_4q": 4.9,
            "eps_4q_growth_year": 16.04,
            "roe": 3.3,
            "roe_4q": 12.81,
            "gross_profit": 21916753,
            "gross_margin": 43.1,
            "gross_margin_4q_avg": 43.44,
            "net_income": 12214055,
            "revenue": 50855340,
            "common_shares": 96968082,
            "book_valuer_per_share": 38.45,
            "book_valuer_per_share_4q_avg": 38.56,
            "equity": 376650922,
            "current_ratio": 242.19,
            "debt_ratio": 12.8,
            "inventory_turnover_ratio": 7.7,
            "account_receivable_turnover_ratio": 3.96,
            "reinvestment_rate": -14.92,
            "research_to_sale_ratio": 1.69,
            "price_fair": 69.93,
            "eps_avg_yearly": 4.67,
            "eps_latest_yearly": 4.92,
            "eps_growth_yearly": 4.98
        },
        "20104": {
            "year_quarter": 20104,
            "year": 2010,
            "quarter": 4,
            "eps": 1.37,
            "eps_growth_year": 26.13,
            "eps_4q": 6.14,
            "eps_4q_growth_year": 36,
            "roe": 2.93,
            "roe_4q": 12.91,
            "gross_profit": 21039596,
            "gross_margin": 40.23,
            "gross_margin_4q_avg": 43.07,
            "net_income": 10901337,
            "revenue": 52295605,
            "common_shares": 77574465,
            "book_valuer_per_share": 47,
            "book_valuer_per_share_4q_avg": 40.63,
            "equity": 368603114,
            "current_ratio": 166.98,
            "debt_ratio": 18.87,
            "inventory_turnover_ratio": 7.4,
            "account_receivable_turnover_ratio": 3.74,
            "reinvestment_rate": -13.4,
            "research_to_sale_ratio": 1.58,
            "price_fair": 96.92,
            "eps_avg_yearly": 4.74,
            "eps_latest_yearly": 5.48,
            "eps_growth_yearly": 10.47
        },
        "20111": {
            "year_quarter": 20111,
            "year": 2011,
            "quarter": 1,
            "eps": 1.5,
            "eps_growth_year": 20.97,
            "eps_4q": 6.11,
            "eps_4q_growth_year": 31.53,
            "roe": 3.23,
            "roe_4q": 12.950000000000001,
            "gross_profit": 21231595,
            "gross_margin": 40.46,
            "gross_margin_4q_avg": 42.18,
            "net_income": 12117430,
            "revenue": 52475031,
            "common_shares": 77574465,
            "book_valuer_per_share": 48.52,
            "book_valuer_per_share_4q_avg": 42.78,
            "equity": 380833931,
            "current_ratio": 222.13,
            "debt_ratio": 14.53,
            "inventory_turnover_ratio": 6.07,
            "account_receivable_turnover_ratio": 3.08,
            "reinvestment_rate": -11.51,
            "research_to_sale_ratio": 1.58,
            "price_fair": 93.23,
            "eps_avg_yearly": 4.8,
            "eps_latest_yearly": 6,
            "eps_growth_yearly": 9.43
        },
        "20112": {
            "year_quarter": 20112,
            "year": 2011,
            "quarter": 2,
            "eps": 1.71,
            "eps_growth_year": 28.53,
            "eps_4q": 6.16,
            "eps_4q_growth_year": 28.39,
            "roe": 3.69,
            "roe_4q": 13.149999999999999,
            "gross_profit": 23070335,
            "gross_margin": 42.39,
            "gross_margin_4q_avg": 41.55,
            "net_income": 13497868,
            "revenue": 54424652,
            "common_shares": 77574465,
            "book_valuer_per_share": 44.7,
            "book_valuer_per_share_4q_avg": 44.67,
            "equity": 350363845,
            "current_ratio": 132.33,
            "debt_ratio": 23.11,
            "inventory_turnover_ratio": 5.69,
            "account_receivable_turnover_ratio": 2.64,
            "reinvestment_rate": -8.85,
            "research_to_sale_ratio": 1.6,
            "price_fair": 119.96,
            "eps_avg_yearly": 4.93,
            "eps_latest_yearly": 6.84,
            "eps_growth_yearly": 14.33
        },
        "20113": {
            "year_quarter": 20113,
            "year": 2011,
            "quarter": 3,
            "eps": 1.54,
            "eps_growth_year": 24.8,
            "eps_4q": 6.15,
            "eps_4q_growth_year": 25.55,
            "roe": 3.43,
            "roe_4q": 13.28,
            "gross_profit": 21540762,
            "gross_margin": 38.67,
            "gross_margin_4q_avg": 40.44,
            "net_income": 12230968,
            "revenue": 55706921,
            "common_shares": 77574465,
            "book_valuer_per_share": 46.24,
            "book_valuer_per_share_4q_avg": 46.62,
            "equity": 362785714,
            "current_ratio": 185.36,
            "debt_ratio": 14.26,
            "inventory_turnover_ratio": 6.72,
            "account_receivable_turnover_ratio": 2.54,
            "reinvestment_rate": -6.61,
            "research_to_sale_ratio": 1.62,
            "price_fair": 102.98,
            "eps_avg_yearly": 5.01,
            "eps_latest_yearly": 6.16,
            "eps_growth_yearly": 10.58
        },
        "20114": {
            "year_quarter": 20114,
            "year": 2011,
            "quarter": 4,
            "eps": 1.29,
            "eps_growth_year": -6.2,
            "eps_4q": 6.07,
            "eps_4q_growth_year": -1.14,
            "roe": 2.79,
            "roe_4q": 13.14,
            "gross_profit": 20119174,
            "gross_margin": 36.66,
            "gross_margin_4q_avg": 39.55,
            "net_income": 10248930,
            "revenue": 54886463,
            "common_shares": 77574465,
            "book_valuer_per_share": 47.53,
            "book_valuer_per_share_4q_avg": 46.75,
            "equity": 373042648,
            "current_ratio": 179.72,
            "debt_ratio": 15.78,
            "inventory_turnover_ratio": 6.89,
            "account_receivable_turnover_ratio": 2.46,
            "reinvestment_rate": -5.05,
            "research_to_sale_ratio": 1.68,
            "price_fair": 109.51,
            "eps_avg_yearly": 5.08,
            "eps_latest_yearly": 5.16,
            "eps_growth_yearly": 11.56
        },
        "20121": {
            "year_quarter": 20121,
            "year": 2012,
            "quarter": 1,
            "eps": 1.22,
            "eps_growth_year": -18.67,
            "eps_4q": 5.77,
            "eps_4q_growth_year": -5.61,
            "roe": 2.61,
            "roe_4q": 12.52,
            "gross_profit": 18795865,
            "gross_margin": 33.92,
            "gross_margin_4q_avg": 37.91,
            "net_income": 9878307,
            "revenue": 55418294,
            "common_shares": 77574465,
            "book_valuer_per_share": 48.77,
            "book_valuer_per_share_4q_avg": 46.81,
            "equity": 383030709,
            "current_ratio": 198.41,
            "debt_ratio": 14.77,
            "inventory_turnover_ratio": 6.9,
            "account_receivable_turnover_ratio": 2.49,
            "reinvestment_rate": -1.12,
            "research_to_sale_ratio": 1.55,
            "price_fair": 86.37,
            "eps_avg_yearly": 5.11,
            "eps_latest_yearly": 4.88,
            "eps_growth_yearly": 6.92
        },
        "20122": {
            "year_quarter": 20122,
            "year": 2012,
            "quarter": 2,
            "eps": 1.45,
            "eps_growth_year": -15.23,
            "eps_4q": 5.5,
            "eps_4q_growth_year": -10.58,
            "roe": 3.12,
            "roe_4q": 11.95,
            "gross_profit": 20715128,
            "gross_margin": 38.23,
            "gross_margin_4q_avg": 36.87,
            "net_income": 11469536,
            "revenue": 54187577,
            "common_shares": 77574465,
            "book_valuer_per_share": 44.82,
            "book_valuer_per_share_4q_avg": 46.84,
            "equity": 351729228,
            "current_ratio": 127.26,
            "debt_ratio": 23.09,
            "inventory_turnover_ratio": 6.46,
            "account_receivable_turnover_ratio": 2.3,
            "reinvestment_rate": -0.12,
            "research_to_sale_ratio": 1.71,
            "price_fair": 89.39,
            "eps_avg_yearly": 5.14,
            "eps_latest_yearly": 5.8,
            "eps_growth_yearly": 7.39
        },
        "20123": {
            "year_quarter": 20123,
            "year": 2012,
            "quarter": 3,
            "eps": 1.31,
            "eps_growth_year": -14.56,
            "eps_4q": 5.28,
            "eps_4q_growth_year": -14.18,
            "roe": 2.93,
            "roe_4q": 11.45,
            "gross_profit": 20122164,
            "gross_margin": 36.99,
            "gross_margin_4q_avg": 36.45,
            "net_income": 10468715,
            "revenue": 54402889,
            "common_shares": 77574465,
            "book_valuer_per_share": 46.09,
            "book_valuer_per_share_4q_avg": 46.8,
            "equity": 361751093,
            "current_ratio": 174.77,
            "debt_ratio": 14.1,
            "inventory_turnover_ratio": 7.6,
            "account_receivable_turnover_ratio": 2.2,
            "reinvestment_rate": 1.63,
            "research_to_sale_ratio": 1.76,
            "price_fair": 68.86,
            "eps_avg_yearly": 5.12,
            "eps_latest_yearly": 5.24,
            "eps_growth_yearly": 3.45
        },
        "20124": {
            "year_quarter": 20124,
            "year": 2012,
            "quarter": 4,
            "eps": 1.15,
            "eps_growth_year": -10.57,
            "eps_4q": 5.14,
            "eps_4q_growth_year": -15.22,
            "roe": 2.52,
            "roe_4q": 11.18,
            "gross_profit": 19320511,
            "gross_margin": 34.43,
            "gross_margin_4q_avg": 35.89,
            "net_income": 9221184,
            "revenue": 56122128,
            "common_shares": 77574465,
            "book_valuer_per_share": 47.11,
            "book_valuer_per_share_4q_avg": 46.7,
            "equity": 369910214,
            "current_ratio": 177.86,
            "debt_ratio": 15.82,
            "inventory_turnover_ratio": 6.54,
            "account_receivable_turnover_ratio": 2.3,
            "reinvestment_rate": 0.22,
            "research_to_sale_ratio": 1.7,
            "price_fair": 101.52,
            "eps_avg_yearly": 5.19,
            "eps_latest_yearly": 4.6,
            "eps_growth_yearly": 9.57
        },
        "20131": {
            "year_quarter": 20131,
            "year": 2013,
            "quarter": 1,
            "eps": 1.19,
            "eps_growth_year": -2.46,
            "eps_4q": 5.11,
            "eps_4q_growth_year": -11.42,
            "roe": 2.57,
            "roe_4q": 11.14,
            "gross_profit": 19166312,
            "gross_margin": 33.85,
            "gross_margin_4q_avg": 35.88,
            "net_income": 9614100,
            "revenue": 56616993,
            "common_shares": 77574465,
            "book_valuer_per_share": 47.96,
            "book_valuer_per_share_4q_avg": 46.5,
            "equity": 376935855,
            "current_ratio": 206.1,
            "debt_ratio": 15.38,
            "inventory_turnover_ratio": 4.84,
            "account_receivable_turnover_ratio": 2.25,
            "reinvestment_rate": -1.79,
            "research_to_sale_ratio": 1.54,
            "price_fair": 72.41,
            "eps_avg_yearly": 5.21,
            "eps_latest_yearly": 4.76,
            "eps_growth_yearly": 3.9
        },
        "20132": {
            "year_quarter": 20132,
            "year": 2013,
            "quarter": 2,
            "eps": 1.37,
            "eps_growth_year": -5.71,
            "eps_4q": 5.02,
            "eps_4q_growth_year": -8.71,
            "roe": 3.01,
            "roe_4q": 11.03,
            "gross_profit": 20558893,
            "gross_margin": 36.82,
            "gross_margin_4q_avg": 35.52,
            "net_income": 10886529,
            "revenue": 55837956,
            "common_shares": 77574465,
            "book_valuer_per_share": 43.95,
            "book_valuer_per_share_4q_avg": 46.28,
            "equity": 345288968,
            "current_ratio": 124.93,
            "debt_ratio": 23.95,
            "inventory_turnover_ratio": 4.43,
            "account_receivable_turnover_ratio": 2.25,
            "reinvestment_rate": -0.13,
            "research_to_sale_ratio": 1.67,
            "price_fair": 96.95,
            "eps_avg_yearly": 5.28,
            "eps_latest_yearly": 5.48,
            "eps_growth_yearly": 8.36
        },
        "20133": {
            "year_quarter": 20133,
            "year": 2013,
            "quarter": 3,
            "eps": 1.37,
            "eps_growth_year": 4.22,
            "eps_4q": 5.08,
            "eps_4q_growth_year": -3.74,
            "roe": 3.11,
            "roe_4q": 11.209999999999999,
            "gross_profit": 20933825,
            "gross_margin": 36.91,
            "gross_margin_4q_avg": 35.5,
            "net_income": 10892987,
            "revenue": 56723304,
            "common_shares": 77574465,
            "book_valuer_per_share": 45.3,
            "book_valuer_per_share_4q_avg": 46.08,
            "equity": 356057808,
            "current_ratio": 170.8,
            "debt_ratio": 15.82,
            "inventory_turnover_ratio": 4.55,
            "account_receivable_turnover_ratio": 2.36,
            "reinvestment_rate": 1.07,
            "research_to_sale_ratio": 1.63,
            "price_fair": 91.87,
            "eps_avg_yearly": 5.34,
            "eps_latest_yearly": 5.48,
            "eps_growth_yearly": 7.2
        },
        "20134": {
            "year_quarter": 20134,
            "year": 2013,
            "quarter": 4,
            "eps": 1.19,
            "eps_growth_year": 3.19,
            "eps_4q": 5.12,
            "eps_4q_growth_year": -0.47,
            "roe": 2.62,
            "roe_4q": 11.31,
            "gross_profit": 20033082,
            "gross_margin": 34.07,
            "gross_margin_4q_avg": 35.41,
            "net_income": 9446011,
            "revenue": 58803054,
            "common_shares": 77574465,
            "book_valuer_per_share": 46.44,
            "book_valuer_per_share_4q_avg": 45.91,
            "equity": 365344154,
            "current_ratio": 102.87,
            "debt_ratio": 17.19,
            "inventory_turnover_ratio": 4.87,
            "account_receivable_turnover_ratio": 2.48,
            "reinvestment_rate": -1.64,
            "research_to_sale_ratio": 1.7,
            "price_fair": 79.43,
            "eps_avg_yearly": 5.37,
            "eps_latest_yearly": 4.76,
            "eps_growth_yearly": 4.8
        },
        "20141": {
            "year_quarter": 20141,
            "year": 2014,
            "quarter": 1,
            "eps": 1.32,
            "eps_growth_year": 10.92,
            "eps_4q": 5.25,
            "eps_4q_growth_year": 2.86,
            "roe": 2.8,
            "roe_4q": 11.54,
            "gross_profit": 20049745,
            "gross_margin": 36.42,
            "gross_margin_4q_avg": 36.06,
            "net_income": 10385669,
            "revenue": 55049912,
            "common_shares": 77574465,
            "book_valuer_per_share": 47.73,
            "book_valuer_per_share_4q_avg": 45.86,
            "equity": 375517361,
            "current_ratio": 130.22,
            "debt_ratio": 15.74,
            "inventory_turnover_ratio": 4.17,
            "account_receivable_turnover_ratio": 2.39,
            "reinvestment_rate": -4.06,
            "research_to_sale_ratio": 1.62,
            "price_fair": 75.9,
            "eps_avg_yearly": 5.39,
            "eps_latest_yearly": 5.28,
            "eps_growth_yearly": 4.1
        },
        "20142": {
            "year_quarter": 20142,
            "year": 2014,
            "quarter": 2,
            "eps": 1.36,
            "eps_growth_year": -0.73,
            "eps_4q": 5.25,
            "eps_4q_growth_year": 4.41,
            "roe": 2.95,
            "roe_4q": 11.48,
            "gross_profit": 20747862,
            "gross_margin": 37.19,
            "gross_margin_4q_avg": 36.15,
            "net_income": 10696369,
            "revenue": 55784235,
            "common_shares": 77574465,
            "book_valuer_per_share": 44.57,
            "book_valuer_per_share_4q_avg": 46.01,
            "equity": 350281588,
            "current_ratio": 92.52,
            "debt_ratio": 22.96,
            "inventory_turnover_ratio": 4.09,
            "account_receivable_turnover_ratio": 2.39,
            "reinvestment_rate": -4.01,
            "research_to_sale_ratio": 1.61,
            "price_fair": 70.31,
            "eps_avg_yearly": 5.39,
            "eps_latest_yearly": 5.44,
            "eps_growth_yearly": 3.04
        },
        "20143": {
            "year_quarter": 20143,
            "year": 2014,
            "quarter": 3,
            "eps": 1.25,
            "eps_growth_year": -8.76,
            "eps_4q": 5.13,
            "eps_4q_growth_year": 0.89,
            "roe": 2.76,
            "roe_4q": 11.129999999999999,
            "gross_profit": 19682498,
            "gross_margin": 35.06,
            "gross_margin_4q_avg": 35.69,
            "net_income": 9796123,
            "revenue": 56140678,
            "common_shares": 77574465,
            "book_valuer_per_share": 45.83,
            "book_valuer_per_share_4q_avg": 46.14,
            "equity": 360335164,
            "current_ratio": 106.66,
            "debt_ratio": 17.05,
            "inventory_turnover_ratio": 4.35,
            "account_receivable_turnover_ratio": 2.27,
            "reinvestment_rate": -3.44,
            "research_to_sale_ratio": 1.47,
            "price_fair": 69.61,
            "eps_avg_yearly": 5.4,
            "eps_latest_yearly": 5,
            "eps_growth_yearly": 2.9
        },
        "20144": {
            "year_quarter": 20144,
            "year": 2014,
            "quarter": 4,
            "eps": 1.04,
            "eps_growth_year": -12.61,
            "eps_4q": 4.98,
            "eps_4q_growth_year": -2.77,
            "roe": 2.27,
            "roe_4q": 10.78,
            "gross_profit": 17749021,
            "gross_margin": 29.76,
            "gross_margin_4q_avg": 34.61,
            "net_income": 8287517,
            "revenue": 59633861,
            "common_shares": 77574465,
            "book_valuer_per_share": 46.98,
            "book_valuer_per_share_4q_avg": 46.28,
            "equity": 369513847,
            "current_ratio": 117.85,
            "debt_ratio": 17.28,
            "inventory_turnover_ratio": 5.34,
            "account_receivable_turnover_ratio": 2.29,
            "reinvestment_rate": -1.62,
            "research_to_sale_ratio": 1.49,
            "price_fair": 15.95,
            "eps_avg_yearly": 5.32,
            "eps_latest_yearly": 4.16,
            "eps_growth_yearly": -4.15
        },
        "20151": {
            "year_quarter": 20151,
            "year": 2015,
            "quarter": 1,
            "eps": 1.34,
            "eps_growth_year": 1.52,
            "eps_4q": 5,
            "eps_4q_growth_year": -4.79,
            "roe": 2.82,
            "roe_4q": 10.8,
            "gross_profit": 19776926,
            "gross_margin": 35.02,
            "gross_margin_4q_avg": 34.26,
            "net_income": 10567793,
            "revenue": 56472807,
            "common_shares": 77574465,
            "book_valuer_per_share": 48.38,
            "book_valuer_per_share_4q_avg": 46.44,
            "equity": 380560801,
            "current_ratio": 148.84,
            "debt_ratio": 15.93,
            "inventory_turnover_ratio": 5.25,
            "account_receivable_turnover_ratio": 2.09,
            "reinvestment_rate": -2.34,
            "research_to_sale_ratio": 1.48,
            "price_fair": 52.75,
            "eps_avg_yearly": 5.28,
            "eps_latest_yearly": 5.36,
            "eps_growth_yearly": 0.69
        },
        "20152": {
            "year_quarter": 20152,
            "year": 2015,
            "quarter": 2,
            "eps": 1.44,
            "eps_growth_year": 5.88,
            "eps_4q": 5.07,
            "eps_4q_growth_year": -3.31,
            "roe": 3.1,
            "roe_4q": 10.95,
            "gross_profit": 21209689,
            "gross_margin": 37.26,
            "gross_margin_4q_avg": 34.28,
            "net_income": 11362612,
            "revenue": 56920593,
            "common_shares": 77574465,
            "book_valuer_per_share": 44.85,
            "book_valuer_per_share_4q_avg": 46.51,
            "equity": 353033334,
            "current_ratio": 104.87,
            "debt_ratio": 23.6,
            "inventory_turnover_ratio": 5.26,
            "account_receivable_turnover_ratio": 2.06,
            "reinvestment_rate": -5.82,
            "research_to_sale_ratio": 1.52,
            "price_fair": 15.62,
            "eps_avg_yearly": 5.21,
            "eps_latest_yearly": 5.76,
            "eps_growth_yearly": -0.94
        },
        "20153": {
            "year_quarter": 20153,
            "year": 2015,
            "quarter": 3,
            "eps": 1.52,
            "eps_growth_year": 21.6,
            "eps_4q": 5.34,
            "eps_4q_growth_year": 4.12,
            "roe": 3.34,
            "roe_4q": 11.53,
            "gross_profit": 22282792,
            "gross_margin": 39.66,
            "gross_margin_4q_avg": 35.43,
            "net_income": 11967689,
            "revenue": 56177648,
            "common_shares": 77574465,
            "book_valuer_per_share": 46.33,
            "book_valuer_per_share_4q_avg": 46.64,
            "equity": 364352817,
            "current_ratio": 138.52,
            "debt_ratio": 16.01,
            "inventory_turnover_ratio": 5.11,
            "account_receivable_turnover_ratio": 2.03,
            "reinvestment_rate": -8.18,
            "research_to_sale_ratio": 1.63,
            "price_fair": 67.27,
            "eps_avg_yearly": 5.2,
            "eps_latest_yearly": 6.08,
            "eps_growth_yearly": 2.93
        },
        "20154": {
            "year_quarter": 20154,
            "year": 2015,
            "quarter": 4,
            "eps": 1.22,
            "eps_growth_year": 17.17,
            "eps_4q": 5.52,
            "eps_4q_growth_year": 10.85,
            "roe": 2.65,
            "roe_4q": 11.91,
            "gross_profit": 20399484,
            "gross_margin": 32.78,
            "gross_margin_4q_avg": 36.18,
            "net_income": 9766251,
            "revenue": 62224056,
            "common_shares": 77574465,
            "book_valuer_per_share": 47.53,
            "book_valuer_per_share_4q_avg": 46.77,
            "equity": 374009003,
            "current_ratio": 130.21,
            "debt_ratio": 17.44,
            "inventory_turnover_ratio": 5.45,
            "account_receivable_turnover_ratio": 2.27,
            "reinvestment_rate": -8.88,
            "research_to_sale_ratio": 1.61,
            "price_fair": 62.5,
            "eps_avg_yearly": 5.19,
            "eps_latest_yearly": 4.88,
            "eps_growth_yearly": 2.05
        },
        "20161": {
            "year_quarter": 20161,
            "year": 2016,
            "quarter": 1,
            "eps": 1.5,
            "eps_growth_year": 11.94,
            "eps_4q": 5.68,
            "eps_4q_growth_year": 13.55,
            "roe": 3.13,
            "roe_4q": 12.219999999999999,
            "gross_profit": 21838504,
            "gross_margin": 38.35,
            "gross_margin_4q_avg": 37.01,
            "net_income": 11927310,
            "revenue": 56944156,
            "common_shares": 77574465,
            "book_valuer_per_share": 49.07,
            "book_valuer_per_share_4q_avg": 46.95,
            "equity": 386991963,
            "current_ratio": 155.61,
            "debt_ratio": 15.17,
            "inventory_turnover_ratio": 4.47,
            "account_receivable_turnover_ratio": 2.07,
            "reinvestment_rate": -13.77,
            "research_to_sale_ratio": 1.58,
            "price_fair": 100.63,
            "eps_avg_yearly": 5.26,
            "eps_latest_yearly": 6,
            "eps_growth_yearly": 9.15
        },
        "20162": {
            "year_quarter": 20162,
            "year": 2016,
            "quarter": 2,
            "eps": 1.43,
            "eps_growth_year": -0.69,
            "eps_4q": 5.67,
            "eps_4q_growth_year": 11.77,
            "roe": 3.06,
            "roe_4q": 12.18,
            "gross_profit": 20942203,
            "gross_margin": 37.27,
            "gross_margin_4q_avg": 37.02,
            "net_income": 11333097,
            "revenue": 56195429,
            "common_shares": 77574465,
            "book_valuer_per_share": 44.95,
            "book_valuer_per_share_4q_avg": 46.97,
            "equity": 354557340,
            "current_ratio": 104.24,
            "debt_ratio": 23.61,
            "inventory_turnover_ratio": 5.1,
            "account_receivable_turnover_ratio": 1.94,
            "reinvestment_rate": -15.55,
            "research_to_sale_ratio": 1.68,
            "price_fair": 69.66,
            "eps_avg_yearly": 5.25,
            "eps_latest_yearly": 5.72,
            "eps_growth_yearly": 3.27
        },
        "20163": {
            "year_quarter": 20163,
            "year": 2016,
            "quarter": 3,
            "eps": 1.23,
            "eps_growth_year": -19.08,
            "eps_4q": 5.38,
            "eps_4q_growth_year": 0.82,
            "roe": 2.76,
            "roe_4q": 11.6,
            "gross_profit": 20002554,
            "gross_margin": 34.18,
            "gross_margin_4q_avg": 35.65,
            "net_income": 9918328,
            "revenue": 58517979,
            "common_shares": 77574465,
            "book_valuer_per_share": 46.16,
            "book_valuer_per_share_4q_avg": 46.93,
            "equity": 364284265,
            "current_ratio": 135.42,
            "debt_ratio": 15.46,
            "inventory_turnover_ratio": 5.21,
            "account_receivable_turnover_ratio": 1.78,
            "reinvestment_rate": -18.31,
            "research_to_sale_ratio": 1.61,
            "price_fair": 63.73,
            "eps_avg_yearly": 5.23,
            "eps_latest_yearly": 4.92,
            "eps_growth_yearly": 2.19
        },
        "20164": {
            "year_quarter": 20164,
            "year": 2016,
            "quarter": 4,
            "eps": 1,
            "eps_growth_year": -17.89,
            "eps_4q": 5.16,
            "eps_4q_growth_year": -6.4,
            "roe": 2.19,
            "roe_4q": 11.14,
            "gross_profit": 19656373,
            "gross_margin": 33.7,
            "gross_margin_4q_avg": 35.88,
            "net_income": 8051250,
            "revenue": 58333864,
            "common_shares": 77574465,
            "book_valuer_per_share": 47.01,
            "book_valuer_per_share_4q_avg": 46.8,
            "equity": 371199670,
            "current_ratio": 135.79,
            "debt_ratio": 16.98,
            "inventory_turnover_ratio": 5.06,
            "account_receivable_turnover_ratio": 1.75,
            "reinvestment_rate": -15.45,
            "research_to_sale_ratio": 1.71,
            "price_fair": 51.93,
            "eps_avg_yearly": 5.19,
            "eps_latest_yearly": 4,
            "eps_growth_yearly": 0.56
        },
        "20171": {
            "year_quarter": 20171,
            "year": 2017,
            "quarter": 1,
            "eps": 1.24,
            "eps_growth_year": -17.33,
            "eps_4q": 4.9,
            "eps_4q_growth_year": -13.76,
            "roe": 2.62,
            "roe_4q": 10.63,
            "gross_profit": 19912637,
            "gross_margin": 36.51,
            "gross_margin_4q_avg": 35.42,
            "net_income": 9843456,
            "revenue": 54533400,
            "common_shares": 77574465,
            "book_valuer_per_share": 48.27,
            "book_valuer_per_share_4q_avg": 46.6,
            "equity": 381146050,
            "current_ratio": 173.11,
            "debt_ratio": 15,
            "inventory_turnover_ratio": 4.38,
            "account_receivable_turnover_ratio": 1.84,
            "reinvestment_rate": -12.98,
            "research_to_sale_ratio": 1.69,
            "price_fair": 81.69,
            "eps_avg_yearly": 5.21,
            "eps_latest_yearly": 4.96,
            "eps_growth_yearly": 5.7
        },
        "20172": {
            "year_quarter": 20172,
            "year": 2017,
            "quarter": 2,
            "eps": 1.35,
            "eps_growth_year": -5.59,
            "eps_4q": 4.82,
            "eps_4q_growth_year": -15.02,
            "roe": 2.94,
            "roe_4q": 10.51,
            "gross_profit": 20593177,
            "gross_margin": 36.99,
            "gross_margin_4q_avg": 35.35,
            "net_income": 10778115,
            "revenue": 55671141,
            "common_shares": 77574465,
            "book_valuer_per_share": 44.64,
            "book_valuer_per_share_4q_avg": 46.52,
            "equity": 352519434,
            "current_ratio": 114.21,
            "debt_ratio": 23.12,
            "inventory_turnover_ratio": 3.96,
            "account_receivable_turnover_ratio": 1.92,
            "reinvestment_rate": -14.84,
            "research_to_sale_ratio": 1.72,
            "price_fair": 73.48,
            "eps_avg_yearly": 5.2,
            "eps_latest_yearly": 5.4,
            "eps_growth_yearly": 4.13
        },
        "20173": {
            "year_quarter": 20173,
            "year": 2017,
            "quarter": 3,
            "eps": 1.31,
            "eps_growth_year": 6.5,
            "eps_4q": 4.89,
            "eps_4q_growth_year": -9.11,
            "roe": 2.92,
            "roe_4q": 10.67,
            "gross_profit": 20769535,
            "gross_margin": 36.81,
            "gross_margin_4q_avg": 36,
            "net_income": 10499285,
            "revenue": 56424903,
            "common_shares": 77574465,
            "book_valuer_per_share": 46.13,
            "book_valuer_per_share_4q_avg": 46.51,
            "equity": 366131246,
            "current_ratio": 143.91,
            "debt_ratio": 15.82,
            "inventory_turnover_ratio": 3.88,
            "account_receivable_turnover_ratio": 1.9,
            "reinvestment_rate": -13.84,
            "research_to_sale_ratio": 1.68,
            "price_fair": 69.43,
            "eps_avg_yearly": 5.19,
            "eps_latest_yearly": 5.24,
            "eps_growth_yearly": 3.39
        },
        "20174": {
            "year_quarter": 20174,
            "year": 2017,
            "quarter": 4,
            "eps": 1.12,
            "eps_growth_year": 11.87,
            "eps_4q": 5.01,
            "eps_4q_growth_year": -2.98,
            "roe": 2.41,
            "roe_4q": 10.89,
            "gross_profit": 19401351,
            "gross_margin": 31.87,
            "gross_margin_4q_avg": 35.55,
            "net_income": 8921745,
            "revenue": 60884739,
            "common_shares": 77574465,
            "book_valuer_per_share": 47.04,
            "book_valuer_per_share_4q_avg": 46.52,
            "equity": 373579580,
            "current_ratio": 132.24,
            "debt_ratio": 17.19,
            "inventory_turnover_ratio": 4.64,
            "account_receivable_turnover_ratio": 1.97,
            "reinvestment_rate": -13.25,
            "research_to_sale_ratio": 1.74,
            "price_fair": 67.43,
            "eps_avg_yearly": 5.17,
            "eps_latest_yearly": 4.48,
            "eps_growth_yearly": 3.05
        },
        "20181": {
            "year_quarter": 20181,
            "year": 2018,
            "quarter": 1,
            "eps": 1.13,
            "eps_growth_year": -8.87,
            "eps_4q": 4.9,
            "eps_4q_growth_year": 0.04,
            "roe": 2.34,
            "roe_4q": 10.61,
            "gross_profit": 19181991,
            "gross_margin": 35.77,
            "gross_margin_4q_avg": 35.36,
            "net_income": 8997504,
            "revenue": 53632358,
            "common_shares": 77574465,
            "book_valuer_per_share": 49.79,
            "book_valuer_per_share_4q_avg": 46.9,
            "equity": 395253237,
            "current_ratio": 165.55,
            "debt_ratio": 15.56,
            "inventory_turnover_ratio": 3.46,
            "account_receivable_turnover_ratio": 1.73,
            "reinvestment_rate": -16.56,
            "research_to_sale_ratio": 1.73,
            "price_fair": 51.2,
            "eps_avg_yearly": 5.12,
            "eps_latest_yearly": 4.52,
            "eps_growth_yearly": 0.54
        },
        "20182": {
            "year_quarter": 20182,
            "year": 2018,
            "quarter": 2,
            "eps": 1.27,
            "eps_growth_year": -5.93,
            "eps_4q": 4.82,
            "eps_4q_growth_year": 0.13,
            "roe": 2.63,
            "roe_4q": 10.3,
            "gross_profit": 20465921,
            "gross_margin": 38.14,
            "gross_margin_4q_avg": 35.65,
            "net_income": 10063385,
            "revenue": 53658359,
            "common_shares": 77574465,
            "book_valuer_per_share": 46.4,
            "book_valuer_per_share_4q_avg": 47.34,
            "equity": 369366363,
            "current_ratio": 114.01,
            "debt_ratio": 23.09,
            "inventory_turnover_ratio": 2.88,
            "account_receivable_turnover_ratio": 1.81,
            "reinvestment_rate": -15,
            "research_to_sale_ratio": 1.69,
            "price_fair": 65.66,
            "eps_avg_yearly": 5.1,
            "eps_latest_yearly": 5.08,
            "eps_growth_yearly": 2.88
        },
        "20183": {
            "year_quarter": 20183,
            "year": 2018,
            "quarter": 3,
            "eps": 1.1,
            "eps_growth_year": -16.03,
            "eps_4q": 4.61,
            "eps_4q_growth_year": -5.74,
            "roe": 2.33,
            "roe_4q": 9.71,
            "gross_profit": 18273416,
            "gross_margin": 34.67,
            "gross_margin_4q_avg": 35.11,
            "net_income": 8722276,
            "revenue": 52704885,
            "common_shares": 77574465,
            "book_valuer_per_share": 47.52,
            "book_valuer_per_share_4q_avg": 47.69,
            "equity": 378389381,
            "current_ratio": 137.68,
            "debt_ratio": 17.1,
            "inventory_turnover_ratio": 2.65,
            "account_receivable_turnover_ratio": 1.8,
            "reinvestment_rate": -13.57,
            "research_to_sale_ratio": 1.81,
            "price_fair": 58.48,
            "eps_avg_yearly": 5.06,
            "eps_latest_yearly": 4.4,
            "eps_growth_yearly": 1.56
        },
        "20184": {
            "year_quarter": 20184,
            "year": 2018,
            "quarter": 4,
            "eps": 1.08,
            "eps_growth_year": -3.15,
            "eps_4q": 4.58,
            "eps_4q_growth_year": -8.67,
            "roe": 2.27,
            "roe_4q": 9.57,
            "gross_profit": 18016373,
            "gross_margin": 32.47,
            "gross_margin_4q_avg": 35.26,
            "net_income": 8673006,
            "revenue": 55487556,
            "common_shares": 77574465,
            "book_valuer_per_share": 48.54,
            "book_valuer_per_share_4q_avg": 48.06,
            "equity": 386572320,
            "current_ratio": 149.36,
            "debt_ratio": 17.27,
            "inventory_turnover_ratio": 2.57,
            "account_receivable_turnover_ratio": 1.87,
            "reinvestment_rate": -14.97,
            "research_to_sale_ratio": 1.69,
            "price_fair": 77.58,
            "eps_avg_yearly": 5.07,
            "eps_latest_yearly": 4.32,
            "eps_growth_yearly": 5.3
        },
        "20191": {
            "year_quarter": 20191,
            "year": 2019,
            "quarter": 1,
            "eps": 1.08,
            "eps_growth_year": -4.42,
            "eps_4q": 4.53,
            "eps_4q_growth_year": -7.57,
            "roe": 2.18,
            "roe_4q": 9.41,
            "gross_profit": 17850373,
            "gross_margin": 34.77,
            "gross_margin_4q_avg": 35.01,
            "net_income": 8526713,
            "revenue": 51331161,
            "common_shares": 77574465,
            "book_valuer_per_share": 49.59,
            "book_valuer_per_share_4q_avg": 48.01,
            "equity": 394903914,
            "current_ratio": 166.05,
            "debt_ratio": 17.73,
            "inventory_turnover_ratio": 2.31,
            "account_receivable_turnover_ratio": 1.78,
            "reinvestment_rate": -15.57,
            "research_to_sale_ratio": 1.79,
            "price_fair": 15.02,
            "eps_avg_yearly": 5.01,
            "eps_latest_yearly": 4.32,
            "eps_growth_yearly": -1.91
        },
        "20192": {
            "year_quarter": 20192,
            "year": 2019,
            "quarter": 2,
            "eps": 1.1,
            "eps_growth_year": -13.39,
            "eps_4q": 4.36,
            "eps_4q_growth_year": -9.59,
            "roe": 2.29,
            "roe_4q": 9.07,
            "gross_profit": 17840877,
            "gross_margin": 35.6,
            "gross_margin_4q_avg": 34.38,
            "net_income": 8756498,
            "revenue": 50108175,
            "common_shares": 77574465,
            "book_valuer_per_share": 46.22,
            "book_valuer_per_share_4q_avg": 47.97,
            "equity": 368246099,
            "current_ratio": 116.08,
            "debt_ratio": 24.77,
            "inventory_turnover_ratio": 2.21,
            "account_receivable_turnover_ratio": 1.81,
            "reinvestment_rate": -13.51,
            "research_to_sale_ratio": 1.9,
            "price_fair": 14.76,
            "eps_avg_yearly": 4.92,
            "eps_latest_yearly": 4.4,
            "eps_growth_yearly": -3.31
        },
        "20193": {
            "year_quarter": 20193,
            "year": 2019,
            "quarter": 3,
            "eps": 1.04,
            "eps_growth_year": -5.45,
            "eps_4q": 4.31,
            "eps_4q_growth_year": -6.57,
            "roe": 2.27,
            "roe_4q": 9.01,
            "gross_profit": 17829031,
            "gross_margin": 35.06,
            "gross_margin_4q_avg": 34.48,
            "net_income": 8445995,
            "revenue": 50848160,
            "common_shares": 77574465,
            "book_valuer_per_share": 47.24,
            "book_valuer_per_share_4q_avg": 47.9,
            "equity": 376482967,
            "current_ratio": 141.29,
            "debt_ratio": 19.5,
            "inventory_turnover_ratio": 1.99,
            "account_receivable_turnover_ratio": 1.77,
            "reinvestment_rate": -12.54,
            "research_to_sale_ratio": 2.14,
            "price_fair": 14.4,
            "eps_avg_yearly": 4.8,
            "eps_latest_yearly": 4.16,
            "eps_growth_yearly": -6.06
        },
        "20194": {
            "year_quarter": 20194,
            "year": 2019,
            "quarter": 4,
            "eps": 1,
            "eps_growth_year": -7.55,
            "eps_4q": 4.23,
            "eps_4q_growth_year": -7.64,
            "roe": 2.11,
            "roe_4q": 8.85,
            "gross_profit": 18047240,
            "gross_margin": 32.68,
            "gross_margin_4q_avg": 34.53,
            "net_income": 8034737,
            "revenue": 55232565,
            "common_shares": 77574465,
            "book_valuer_per_share": 48.48,
            "book_valuer_per_share_4q_avg": 47.88,
            "equity": 386393765,
            "current_ratio": 146.18,
            "debt_ratio": 19.07,
            "inventory_turnover_ratio": 2.11,
            "account_receivable_turnover_ratio": 1.97,
            "reinvestment_rate": -10.44,
            "research_to_sale_ratio": 1.77,
            "price_fair": 14.24,
            "eps_avg_yearly": 4.75,
            "eps_latest_yearly": 4,
            "eps_growth_yearly": -2.09
        },
        "20201": {
            "year_quarter": 20201,
            "year": 2020,
            "quarter": 1,
            "eps": 1.07,
            "eps_growth_year": -0.93,
            "eps_4q": 4.22,
            "eps_4q_growth_year": -6.87,
            "roe": 2.19,
            "roe_4q": 8.86,
            "gross_profit": 17759199,
            "gross_margin": 36.88,
            "gross_margin_4q_avg": 35.06,
            "net_income": 8547364,
            "revenue": 48149999,
            "common_shares": 77574465,
            "book_valuer_per_share": 49.37,
            "book_valuer_per_share_4q_avg": 47.83,
            "equity": 393596387,
            "current_ratio": 94.5,
            "debt_ratio": 21.26,
            "inventory_turnover_ratio": 1.73,
            "account_receivable_turnover_ratio": 1.93,
            "reinvestment_rate": -9.4,
            "research_to_sale_ratio": 1.94,
            "price_fair": 13.91,
            "eps_avg_yearly": 4.64,
            "eps_latest_yearly": 4.28,
            "eps_growth_yearly": -6.08
        },
        "20202": {
            "year_quarter": 20202,
            "year": 2020,
            "quarter": 2,
            "eps": 1.11,
            "eps_growth_year": 0.91,
            "eps_4q": 4.22,
            "eps_4q_growth_year": -3.3,
            "roe": 2.32,
            "roe_4q": 8.889999999999999,
            "gross_profit": 18006650,
            "gross_margin": 37.66,
            "gross_margin_4q_avg": 35.57,
            "net_income": 8852986,
            "revenue": 47807864,
            "common_shares": 77574465,
            "book_valuer_per_share": 46.37,
            "book_valuer_per_share_4q_avg": 47.87,
            "equity": 369781514,
            "current_ratio": 75.13,
            "debt_ratio": 26.92,
            "inventory_turnover_ratio": 1.66,
            "account_receivable_turnover_ratio": 1.91,
            "reinvestment_rate": -6.16,
            "research_to_sale_ratio": 2.01,
            "price_fair": 13.67,
            "eps_avg_yearly": 4.56,
            "eps_latest_yearly": 4.44,
            "eps_growth_yearly": -3.98
        },
        "20203": {
            "year_quarter": 20203,
            "year": 2020,
            "quarter": 3,
            "eps": 1.07,
            "eps_growth_year": 2.88,
            "eps_4q": 4.25,
            "eps_4q_growth_year": -1.36,
            "roe": 2.33,
            "roe_4q": 8.95,
            "gross_profit": 17665412,
            "gross_margin": 33.86,
            "gross_margin_4q_avg": 35.27,
            "net_income": 8715777,
            "revenue": 52171326,
            "common_shares": 77574465,
            "book_valuer_per_share": 47.53,
            "book_valuer_per_share_4q_avg": 47.94,
            "equity": 379657116,
            "current_ratio": 103.18,
            "debt_ratio": 23.68,
            "inventory_turnover_ratio": 2.07,
            "account_receivable_turnover_ratio": 2.09,
            "reinvestment_rate": -4.06,
            "research_to_sale_ratio": 1.88,
            "price_fair": 13.55,
            "eps_avg_yearly": 4.52,
            "eps_latest_yearly": 4.28,
            "eps_growth_yearly": -1.38
        },
        "20204": {
            "year_quarter": 20204,
            "year": 2020,
            "quarter": 4,
            "eps": 1.06,
            "eps_growth_year": 5.64,
            "eps_4q": 4.31,
            "eps_4q_growth_year": 1.88,
            "roe": 2.23,
            "roe_4q": 9.07,
            "gross_profit": 17148885,
            "gross_margin": 28.83,
            "gross_margin_4q_avg": 34.31,
            "net_income": 8589416,
            "revenue": 59479809,
            "common_shares": 77574465,
            "book_valuer_per_share": 48.72,
            "book_valuer_per_share_4q_avg": 48,
            "equity": 389258457,
            "current_ratio": 114.51,
            "debt_ratio": 23.13,
            "inventory_turnover_ratio": 3.07,
            "account_receivable_turnover_ratio": 2.58,
            "reinvestment_rate": -6.79,
            "research_to_sale_ratio": 1.63,
            "price_fair": 59.19,
            "eps_avg_yearly": 4.53,
            "eps_latest_yearly": 4.24,
            "eps_growth_yearly": 3.06
        },
        "20211": {
            "year_quarter": 20211,
            "year": 2021,
            "quarter": 1,
            "eps": 1.14,
            "eps_growth_year": 6.54,
            "eps_4q": 4.37,
            "eps_4q_growth_year": 3.7,
            "roe": 2.32,
            "roe_4q": 9.2,
            "gross_profit": 18208080,
            "gross_margin": 36.34,
            "gross_margin_4q_avg": 34.17,
            "net_income": 9121630,
            "revenue": 50100995,
            "common_shares": 77574465,
            "book_valuer_per_share": 49.73,
            "book_valuer_per_share_4q_avg": 48.09,
            "equity": 397450740,
            "current_ratio": 139.08,
            "debt_ratio": 21.53,
            "inventory_turnover_ratio": 2.58,
            "account_receivable_turnover_ratio": 2.26,
            "reinvestment_rate": -3.96,
            "research_to_sale_ratio": 1.75,
            "price_fair": 13.52,
            "eps_avg_yearly": 4.51,
            "eps_latest_yearly": 4.56,
            "eps_growth_yearly": -1.05
        },
        "20212": {
            "year_quarter": 20212,
            "year": 2021,
            "quarter": 2,
            "eps": 1.15,
            "eps_growth_year": 3.6,
            "eps_4q": 4.42,
            "eps_4q_growth_year": 4.83,
            "roe": 2.41,
            "roe_4q": 9.290000000000001,
            "gross_profit": 18542903,
            "gross_margin": 37.38,
            "gross_margin_4q_avg": 34.1,
            "net_income": 9269461,
            "revenue": 49601135,
            "common_shares": 77574465,
            "book_valuer_per_share": 46.56,
            "book_valuer_per_share_4q_avg": 48.14,
            "equity": 372659047,
            "current_ratio": 106.75,
            "debt_ratio": 28.02,
            "inventory_turnover_ratio": 2.6,
            "account_receivable_turnover_ratio": 2.28,
            "reinvestment_rate": 0.26,
            "research_to_sale_ratio": 1.8,
            "price_fair": 13.37,
            "eps_avg_yearly": 4.46,
            "eps_latest_yearly": 4.6,
            "eps_growth_yearly": -3.05
        },
        "20213": {
            "year_quarter": 20213,
            "year": 2021,
            "quarter": 3,
            "eps": 1.21,
            "eps_growth_year": 13.08,
            "eps_4q": 4.55,
            "eps_4q_growth_year": 7.17,
            "roe": 2.58,
            "roe_4q": 9.540000000000001,
            "gross_profit": 18839683,
            "gross_margin": 37.02,
            "gross_margin_4q_avg": 34.89,
            "net_income": 9732777,
            "revenue": 50885502,
            "common_shares": 77574465,
            "book_valuer_per_share": 47.74,
            "book_valuer_per_share_4q_avg": 48.19,
            "equity": 381825903,
            "current_ratio": 130.17,
            "debt_ratio": 23,
            "inventory_turnover_ratio": 2.61,
            "account_receivable_turnover_ratio": 2.34,
            "reinvestment_rate": 1.28,
            "research_to_sale_ratio": 1.84,
            "price_fair": 13.3,
            "eps_avg_yearly": 4.43,
            "eps_latest_yearly": 4.84,
            "eps_growth_yearly": -1.01
        },
        "20214": {
            "year_quarter": 20214,
            "year": 2021,
            "quarter": 4,
            "eps": 1.11,
            "eps_growth_year": 5.14,
            "eps_4q": 4.61,
            "eps_4q_growth_year": 7.03,
            "roe": 2.35,
            "roe_4q": 9.66,
            "gross_profit": 19776531,
            "gross_margin": 33.02,
            "gross_margin_4q_avg": 35.94,
            "net_income": 9071011,
            "revenue": 59890316,
            "common_shares": 77574465,
            "book_valuer_per_share": 48.9,
            "book_valuer_per_share_4q_avg": 48.23,
            "equity": 391262450,
            "current_ratio": 141.57,
            "debt_ratio": 23.74,
            "inventory_turnover_ratio": 3.29,
            "account_receivable_turnover_ratio": 2.64,
            "reinvestment_rate": 0.25,
            "research_to_sale_ratio": 1.64,
            "price_fair": 44.3,
            "eps_avg_yearly": 4.43,
            "eps_latest_yearly": 4.44,
            "eps_growth_yearly": 0.55
        },
        "20221": {
            "year_quarter": 20221,
            "year": 2022,
            "quarter": 1,
            "eps": 1.17,
            "eps_growth_year": 2.63,
            "eps_4q": 4.64,
            "eps_4q_growth_year": 6.13,
            "roe": 2.37,
            "roe_4q": 9.71,
            "gross_profit": 19603845,
            "gross_margin": 38.22,
            "gross_margin_4q_avg": 36.41,
            "net_income": 9390977,
            "revenue": 51294739,
            "common_shares": 77574465,
            "book_valuer_per_share": 50.07,
            "book_valuer_per_share_4q_avg": 48.32,
            "equity": 400382837,
            "current_ratio": 175.55,
            "debt_ratio": 22.76,
            "inventory_turnover_ratio": 2.66,
            "account_receivable_turnover_ratio": 2.27,
            "reinvestment_rate": 4.8,
            "research_to_sale_ratio": 1.65,
            "price_fair": 51.86,
            "eps_avg_yearly": 4.44,
            "eps_latest_yearly": 4.68,
            "eps_growth_yearly": 1.68
        },
        "20222": {
            "year_quarter": 20222,
            "year": 2022,
            "quarter": 2,
            "eps": 1.24,
            "eps_growth_year": 7.83,
            "eps_4q": 4.73,
            "eps_4q_growth_year": 7.04,
            "roe": 2.59,
            "roe_4q": 9.89,
            "gross_profit": 20089891,
            "gross_margin": 38.31,
            "gross_margin_4q_avg": 36.64,
            "net_income": 10035492,
            "revenue": 52435710,
            "common_shares": 77574465,
            "book_valuer_per_share": 46.71,
            "book_valuer_per_share_4q_avg": 48.36,
            "equity": 374082423,
            "current_ratio": 120.03,
            "debt_ratio": 28.96,
            "inventory_turnover_ratio": 2.74,
            "account_receivable_turnover_ratio": 2.41,
            "reinvestment_rate": 3.52,
            "research_to_sale_ratio": 1.82,
            "price_fair": 44.33,
            "eps_avg_yearly": 4.43,
            "eps_latest_yearly": 4.96,
            "eps_growth_yearly": 0.08
        },
        "20223": {
            "year_quarter": 20223,
            "year": 2022,
            "quarter": 3,
            "eps": 1.21,
            "eps_growth_year": 0,
            "eps_4q": 4.73,
            "eps_4q_growth_year": 3.9,
            "roe": 2.58,
            "roe_4q": 9.89,
            "gross_profit": 20332967,
            "gross_margin": 38,
            "gross_margin_4q_avg": 36.89,
            "net_income": 9776130,
            "revenue": 53507811,
            "common_shares": 77574465,
            "book_valuer_per_share": 47.94,
            "book_valuer_per_share_4q_avg": 48.41,
            "equity": 384073807,
            "current_ratio": 153.97,
            "debt_ratio": 23.73,
            "inventory_turnover_ratio": 2.83,
            "account_receivable_turnover_ratio": 2.39,
            "reinvestment_rate": 3.62,
            "research_to_sale_ratio": 1.84,
            "price_fair": 57.18,
            "eps_avg_yearly": 4.46,
            "eps_latest_yearly": 4.84,
            "eps_growth_yearly": 2.82
        },
        "20224": {
            "year_quarter": 20224,
            "year": 2022,
            "quarter": 4,
            "eps": 1.08,
            "eps_growth_year": -2.7,
            "eps_4q": 4.7,
            "eps_4q_growth_year": 2.02,
            "roe": 2.26,
            "roe_4q": 9.8,
            "gross_profit": 19995156,
            "gross_margin": 33.6,
            "gross_margin_4q_avg": 37.03,
            "net_income": 8797440,
            "revenue": 59500974,
            "common_shares": 77574465,
            "book_valuer_per_share": 49.14,
            "book_valuer_per_share_4q_avg": 48.47,
            "equity": 393778428,
            "current_ratio": 155.11,
            "debt_ratio": 24.74,
            "inventory_turnover_ratio": 3.34,
            "account_receivable_turnover_ratio": 2.52,
            "reinvestment_rate": 5.29,
            "research_to_sale_ratio": 1.66,
            "price_fair": 44.6,
            "eps_avg_yearly": 4.46,
            "eps_latest_yearly": 4.32,
            "eps_growth_yearly": 0.59
        },
        "20231": {
            "year_quarter": 20231,
            "year": 2023,
            "quarter": 1,
            "eps": 1.24,
            "eps_growth_year": 5.98,
            "eps_4q": 4.78,
            "eps_4q_growth_year": 2.92,
            "roe": 2.48,
            "roe_4q": 9.91,
            "gross_profit": 20581089,
            "gross_margin": 37.96,
            "gross_margin_4q_avg": 36.97,
            "net_income": 9873046,
            "revenue": 54210905,
            "common_shares": 77574465,
            "book_valuer_per_share": 50.45,
            "book_valuer_per_share_4q_avg": 48.56,
            "equity": 403491464,
            "current_ratio": 187.38,
            "debt_ratio": 23.08,
            "inventory_turnover_ratio": 2.88,
            "account_receivable_turnover_ratio": 2.37,
            "reinvestment_rate": 6.71,
            "research_to_sale_ratio": 1.8,
            "price_fair": 64.31,
            "eps_avg_yearly": 4.5,
            "eps_latest_yearly": 4.96,
            "eps_growth_yearly": 4.29
        }
    },
    "months": {
        "2001-06": {
            "month": "2001-06",
            "price": "56.94",
            "revenue": 15348451
        },
        "2001-07": {
            "month": "2001-07",
            "price": "44.66",
            "revenue": 15172969
        },
        "2001-08": {
            "month": "2001-08",
            "price": "44.32",
            "revenue": 15617993
        },
        "2001-09": {
            "month": "2001-09",
            "price": "43.94",
            "revenue": 15375367
        },
        "2001-10": {
            "month": "2001-10",
            "price": "46.04",
            "revenue": 14389056
        },
        "2001-11": {
            "month": "2001-11",
            "price": "46.70",
            "revenue": 14605444
        },
        "2001-12": {
            "month": "2001-12",
            "price": "53.03",
            "revenue": 14583739
        },
        "2002-01": {
            "month": "2002-01",
            "price": "50.63",
            "revenue": 14684335
        },
        "2002-02": {
            "month": "2002-02",
            "price": "50.40",
            "revenue": 14773959
        },
        "2002-03": {
            "month": "2002-03",
            "price": "50.25",
            "revenue": 13017734
        },
        "2002-04": {
            "month": "2002-04",
            "price": "50.56",
            "revenue": 14767374
        },
        "2002-05": {
            "month": "2002-05",
            "price": "51.48",
            "revenue": 14227480
        },
        "2002-06": {
            "month": "2002-06",
            "price": "53.38",
            "revenue": 14794304
        },
        "2002-07": {
            "month": "2002-07",
            "price": "50.73",
            "revenue": 14667474
        },
        "2002-08": {
            "month": "2002-08",
            "price": "44.87",
            "revenue": 15781728
        },
        "2002-09": {
            "month": "2002-09",
            "price": "45.52",
            "revenue": 15233415
        },
        "2002-10": {
            "month": "2002-10",
            "price": "47.41",
            "revenue": 14498562
        },
        "2002-11": {
            "month": "2002-11",
            "price": "49.40",
            "revenue": 14670288
        },
        "2002-12": {
            "month": "2002-12",
            "price": "49.62",
            "revenue": 14972359
        },
        "2003-01": {
            "month": "2003-01",
            "price": "53.18",
            "revenue": 14777427
        },
        "2003-02": {
            "month": "2003-02",
            "price": "54.06",
            "revenue": 14629467
        },
        "2003-03": {
            "month": "2003-03",
            "price": "52.83",
            "revenue": 13774468
        },
        "2003-04": {
            "month": "2003-04",
            "price": "51.64",
            "revenue": 14782438
        },
        "2003-05": {
            "month": "2003-05",
            "price": "50.30",
            "revenue": 14937366
        },
        "2003-06": {
            "month": "2003-06",
            "price": "51.10",
            "revenue": 15093292
        },
        "2003-07": {
            "month": "2003-07",
            "price": "51.23",
            "revenue": 14893863
        },
        "2003-08": {
            "month": "2003-08",
            "price": "47.61",
            "revenue": 15566297
        },
        "2003-09": {
            "month": "2003-09",
            "price": "48.19",
            "revenue": 15452103
        },
        "2003-10": {
            "month": "2003-10",
            "price": "50.98",
            "revenue": 14826333
        },
        "2003-11": {
            "month": "2003-11",
            "price": "50.96",
            "revenue": 15042434
        },
        "2003-12": {
            "month": "2003-12",
            "price": "48.95",
            "revenue": 15367780
        },
        "2004-01": {
            "month": "2004-01",
            "price": "51.80",
            "revenue": 15398643
        },
        "2004-02": {
            "month": "2004-02",
            "price": "54.02",
            "revenue": 14777968
        },
        "2004-03": {
            "month": "2004-03",
            "price": "57.28",
            "revenue": 14812071
        },
        "2004-04": {
            "month": "2004-04",
            "price": "56.45",
            "revenue": 15289578
        },
        "2004-05": {
            "month": "2004-05",
            "price": "54.95",
            "revenue": 15215773
        },
        "2004-06": {
            "month": "2004-06",
            "price": "55.95",
            "revenue": 15322869
        },
        "2004-07": {
            "month": "2004-07",
            "price": "55.07",
            "revenue": 15193205
        },
        "2004-08": {
            "month": "2004-08",
            "price": "53.55",
            "revenue": 15331470
        },
        "2004-09": {
            "month": "2004-09",
            "price": "54.62",
            "revenue": 15412350
        },
        "2004-10": {
            "month": "2004-10",
            "price": "57.02",
            "revenue": 15089686
        },
        "2004-11": {
            "month": "2004-11",
            "price": "60.95",
            "revenue": 14975319
        },
        "2004-12": {
            "month": "2004-12",
            "price": "62.65",
            "revenue": 15781719
        },
        "2005-01": {
            "month": "2005-01",
            "price": "63.86",
            "revenue": 15305503
        },
        "2005-02": {
            "month": "2005-02",
            "price": "63.54",
            "revenue": 14841445
        },
        "2005-03": {
            "month": "2005-03",
            "price": "64.13",
            "revenue": 13852556
        },
        "2005-04": {
            "month": "2005-04",
            "price": "62.80",
            "revenue": 15320856
        },
        "2005-05": {
            "month": "2005-05",
            "price": "60.79",
            "revenue": 14843786
        },
        "2005-06": {
            "month": "2005-06",
            "price": "63.45",
            "revenue": 15554935
        },
        "2005-07": {
            "month": "2005-07",
            "price": "64.78",
            "revenue": 15524582
        },
        "2005-08": {
            "month": "2005-08",
            "price": "60.50",
            "revenue": 15682355
        },
        "2005-09": {
            "month": "2005-09",
            "price": "58.13",
            "revenue": 15993562
        },
        "2005-10": {
            "month": "2005-10",
            "price": "56.83",
            "revenue": 15320402
        },
        "2005-11": {
            "month": "2005-11",
            "price": "57.32",
            "revenue": 15197733
        },
        "2005-12": {
            "month": "2005-12",
            "price": "57.07",
            "revenue": 15944135
        },
        "2006-01": {
            "month": "2006-01",
            "price": "57.03",
            "revenue": 15275198
        },
        "2006-02": {
            "month": "2006-02",
            "price": "57.68",
            "revenue": 15132506
        },
        "2006-03": {
            "month": "2006-03",
            "price": "59.95",
            "revenue": 14224239
        },
        "2006-04": {
            "month": "2006-04",
            "price": "60.42",
            "revenue": 15477026
        },
        "2006-05": {
            "month": "2006-05",
            "price": "61.14",
            "revenue": 15010567
        },
        "2006-06": {
            "month": "2006-06",
            "price": "59.44",
            "revenue": 15474805
        },
        "2006-07": {
            "month": "2006-07",
            "price": "58.89",
            "revenue": 15555753
        },
        "2006-08": {
            "month": "2006-08",
            "price": "56.05",
            "revenue": 15653865
        },
        "2006-09": {
            "month": "2006-09",
            "price": "54.49",
            "revenue": 15690464
        },
        "2006-10": {
            "month": "2006-10",
            "price": "56.40",
            "revenue": 15237292
        },
        "2006-11": {
            "month": "2006-11",
            "price": "57.95",
            "revenue": 15205238
        },
        "2006-12": {
            "month": "2006-12",
            "price": "60.02",
            "revenue": 16450026
        },
        "2007-01": {
            "month": "2007-01",
            "price": "60.95",
            "revenue": 15440004
        },
        "2007-02": {
            "month": "2007-02",
            "price": "63.52",
            "revenue": 15461412
        },
        "2007-03": {
            "month": "2007-03",
            "price": "62.45",
            "revenue": 14416520
        },
        "2007-04": {
            "month": "2007-04",
            "price": "64.12",
            "revenue": 15831033
        },
        "2007-05": {
            "month": "2007-05",
            "price": "63.06",
            "revenue": 15304407
        },
        "2007-06": {
            "month": "2007-06",
            "price": "62.33",
            "revenue": 15872461
        },
        "2007-07": {
            "month": "2007-07",
            "price": "62.50",
            "revenue": 15676749
        },
        "2007-08": {
            "month": "2007-08",
            "price": "54.47",
            "revenue": 15963690
        },
        "2007-09": {
            "month": "2007-09",
            "price": "59.28",
            "revenue": 15973820
        },
        "2007-10": {
            "month": "2007-10",
            "price": "61.47",
            "revenue": 15313158
        },
        "2007-11": {
            "month": "2007-11",
            "price": "60.57",
            "revenue": 15503570
        },
        "2007-12": {
            "month": "2007-12",
            "price": "61.85",
            "revenue": 15566516
        },
        "2008-01": {
            "month": "2008-01",
            "price": "69.25",
            "revenue": 15915598
        },
        "2008-02": {
            "month": "2008-02",
            "price": "72.00",
            "revenue": 16018813
        },
        "2008-03": {
            "month": "2008-03",
            "price": "77.03",
            "revenue": 14791609
        },
        "2008-04": {
            "month": "2008-04",
            "price": "78.46",
            "revenue": 15565233
        },
        "2008-05": {
            "month": "2008-05",
            "price": "77.36",
            "revenue": 15344947
        },
        "2008-06": {
            "month": "2008-06",
            "price": "75.76",
            "revenue": 15731247
        },
        "2008-07": {
            "month": "2008-07",
            "price": "75.16",
            "revenue": 15424953
        },
        "2008-08": {
            "month": "2008-08",
            "price": "77.79",
            "revenue": 15749223
        },
        "2008-09": {
            "month": "2008-09",
            "price": "76.29",
            "revenue": 15515861
        },
        "2008-10": {
            "month": "2008-10",
            "price": "60.31",
            "revenue": 15405667
        },
        "2008-11": {
            "month": "2008-11",
            "price": "52.16",
            "revenue": 15450642
        },
        "2008-12": {
            "month": "2008-12",
            "price": "51.56",
            "revenue": 15866638
        },
        "2009-01": {
            "month": "2009-01",
            "price": "51.01",
            "revenue": 15392668
        },
        "2009-02": {
            "month": "2009-02",
            "price": "51.60",
            "revenue": 15139546
        },
        "2009-03": {
            "month": "2009-03",
            "price": "62.39",
            "revenue": 14676031
        },
        "2009-04": {
            "month": "2009-04",
            "price": "61.34",
            "revenue": 15083506
        },
        "2009-05": {
            "month": "2009-05",
            "price": "61.32",
            "revenue": 15036262
        },
        "2009-06": {
            "month": "2009-06",
            "price": "64.20",
            "revenue": 15043512
        },
        "2009-07": {
            "month": "2009-07",
            "price": "64.60",
            "revenue": 15186445
        },
        "2009-08": {
            "month": "2009-08",
            "price": "56.36",
            "revenue": 15461199
        },
        "2009-09": {
            "month": "2009-09",
            "price": "56.95",
            "revenue": 15647398
        },
        "2009-10": {
            "month": "2009-10",
            "price": "57.58",
            "revenue": 15594082
        },
        "2009-11": {
            "month": "2009-11",
            "price": "57.63",
            "revenue": 15401165
        },
        "2009-12": {
            "month": "2009-12",
            "price": "58.42",
            "revenue": 16442033
        },
        "2010-01": {
            "month": "2010-01",
            "price": "58.63",
            "revenue": 15599186
        },
        "2010-02": {
            "month": "2010-02",
            "price": "59.61",
            "revenue": 15298086
        },
        "2010-03": {
            "month": "2010-03",
            "price": "61.10",
            "revenue": 14620564
        },
        "2010-04": {
            "month": "2010-04",
            "price": "61.64",
            "revenue": 15668886
        },
        "2010-05": {
            "month": "2010-05",
            "price": "61.52",
            "revenue": 15230759
        },
        "2010-06": {
            "month": "2010-06",
            "price": "62.88",
            "revenue": 15355174
        },
        "2010-07": {
            "month": "2010-07",
            "price": "66.27",
            "revenue": 15357996
        },
        "2010-08": {
            "month": "2010-08",
            "price": "66.05",
            "revenue": 15512819
        },
        "2010-09": {
            "month": "2010-09",
            "price": "68.48",
            "revenue": 15942614
        },
        "2010-10": {
            "month": "2010-10",
            "price": "70.92",
            "revenue": 15782195
        },
        "2010-11": {
            "month": "2010-11",
            "price": "74.18",
            "revenue": 15936184
        },
        "2010-12": {
            "month": "2010-12",
            "price": "73.90",
            "revenue": 16090038
        },
        "2011-01": {
            "month": "2011-01",
            "price": "81.10",
            "revenue": 16205597
        },
        "2011-02": {
            "month": "2011-02",
            "price": "87.54",
            "revenue": 16035621
        },
        "2011-03": {
            "month": "2011-03",
            "price": "88.76",
            "revenue": 15342942
        },
        "2011-04": {
            "month": "2011-04",
            "price": "91.43",
            "revenue": 16017661
        },
        "2011-05": {
            "month": "2011-05",
            "price": "92.57",
            "revenue": 15580335
        },
        "2011-06": {
            "month": "2011-06",
            "price": "97.72",
            "revenue": 16350496
        },
        "2011-07": {
            "month": "2011-07",
            "price": "102.97",
            "revenue": 15962745
        },
        "2011-08": {
            "month": "2011-08",
            "price": "98.72",
            "revenue": 17323629
        },
        "2011-09": {
            "month": "2011-09",
            "price": "99.68",
            "revenue": 15754746
        },
        "2011-10": {
            "month": "2011-10",
            "price": "100.00",
            "revenue": 15791082
        },
        "2011-11": {
            "month": "2011-11",
            "price": "100.54",
            "revenue": 15723420
        },
        "2011-12": {
            "month": "2011-12",
            "price": "100.74",
            "revenue": 16377363
        },
        "2012-01": {
            "month": "2012-01",
            "price": "98.47",
            "revenue": 16825007
        },
        "2012-02": {
            "month": "2012-02",
            "price": "94.25",
            "revenue": 15502317
        },
        "2012-03": {
            "month": "2012-03",
            "price": "91.32",
            "revenue": 15416933
        },
        "2012-04": {
            "month": "2012-04",
            "price": "90.16",
            "revenue": 15672739
        },
        "2012-05": {
            "month": "2012-05",
            "price": "90.71",
            "revenue": 15266518
        },
        "2012-06": {
            "month": "2012-06",
            "price": "91.09",
            "revenue": 15675317
        },
        "2012-07": {
            "month": "2012-07",
            "price": "91.89",
            "revenue": 15419299
        },
        "2012-08": {
            "month": "2012-08",
            "price": "89.95",
            "revenue": 16020239
        },
        "2012-09": {
            "month": "2012-09",
            "price": "91.83",
            "revenue": 15798260
        },
        "2012-10": {
            "month": "2012-10",
            "price": "92.41",
            "revenue": 15694394
        },
        "2012-11": {
            "month": "2012-11",
            "price": "92.71",
            "revenue": 15607214
        },
        "2012-12": {
            "month": "2012-12",
            "price": "93.82",
            "revenue": 18201488
        },
        "2013-01": {
            "month": "2013-01",
            "price": "94.25",
            "revenue": 19874608
        },
        "2013-02": {
            "month": "2013-02",
            "price": "93.04",
            "revenue": 19250625
        },
        "2013-03": {
            "month": "2013-03",
            "price": "92.22",
            "revenue": 17502584
        },
        "2013-04": {
            "month": "2013-04",
            "price": "93.36",
            "revenue": 18497278
        },
        "2013-05": {
            "month": "2013-05",
            "price": "96.47",
            "revenue": 18589022
        },
        "2013-06": {
            "month": "2013-06",
            "price": "95.49",
            "revenue": 18707210
        },
        "2013-07": {
            "month": "2013-07",
            "price": "97.47",
            "revenue": 18633180
        },
        "2013-08": {
            "month": "2013-08",
            "price": "93.92",
            "revenue": 19099879
        },
        "2013-09": {
            "month": "2013-09",
            "price": "94.43",
            "revenue": 18975435
        },
        "2013-10": {
            "month": "2013-10",
            "price": "93.20",
            "revenue": 18868445
        },
        "2013-11": {
            "month": "2013-11",
            "price": "92.41",
            "revenue": 19177242
        },
        "2013-12": {
            "month": "2013-12",
            "price": "92.47",
            "revenue": 20774899
        },
        "2014-01": {
            "month": "2014-01",
            "price": "92.06",
            "revenue": 19314166
        },
        "2014-02": {
            "month": "2014-02",
            "price": "91.05",
            "revenue": 18293256
        },
        "2014-03": {
            "month": "2014-03",
            "price": "92.76",
            "revenue": 17453020
        },
        "2014-04": {
            "month": "2014-04",
            "price": "93.93",
            "revenue": 18394890
        },
        "2014-05": {
            "month": "2014-05",
            "price": "95.15",
            "revenue": 18625167
        },
        "2014-06": {
            "month": "2014-06",
            "price": "96.19",
            "revenue": 18763496
        },
        "2014-07": {
            "month": "2014-07",
            "price": "93.98",
            "revenue": 18431048
        },
        "2014-08": {
            "month": "2014-08",
            "price": "92.42",
            "revenue": 18563811
        },
        "2014-09": {
            "month": "2014-09",
            "price": "91.86",
            "revenue": 19144953
        },
        "2014-10": {
            "month": "2014-10",
            "price": "91.58",
            "revenue": 19033088
        },
        "2014-11": {
            "month": "2014-11",
            "price": "92.74",
            "revenue": 19550839
        },
        "2014-12": {
            "month": "2014-12",
            "price": "92.54",
            "revenue": 21126897
        },
        "2015-01": {
            "month": "2015-01",
            "price": "94.18",
            "revenue": 19326152
        },
        "2015-02": {
            "month": "2015-02",
            "price": "96.57",
            "revenue": 19087539
        },
        "2015-03": {
            "month": "2015-03",
            "price": "98.51",
            "revenue": 18058732
        },
        "2015-04": {
            "month": "2015-04",
            "price": "98.75",
            "revenue": 18927957
        },
        "2015-05": {
            "month": "2015-05",
            "price": "98.43",
            "revenue": 18850952
        },
        "2015-06": {
            "month": "2015-06",
            "price": "96.89",
            "revenue": 19138399
        },
        "2015-07": {
            "month": "2015-07",
            "price": "96.82",
            "revenue": 18657024
        },
        "2015-08": {
            "month": "2015-08",
            "price": "97.64",
            "revenue": 18808323
        },
        "2015-09": {
            "month": "2015-09",
            "price": "97.82",
            "revenue": 18712301
        },
        "2015-10": {
            "month": "2015-10",
            "price": "99.42",
            "revenue": 20354824
        },
        "2015-11": {
            "month": "2015-11",
            "price": "99.20",
            "revenue": 20763742
        },
        "2015-12": {
            "month": "2015-12",
            "price": "98.80",
            "revenue": 21103776
        },
        "2016-01": {
            "month": "2016-01",
            "price": "100.87",
            "revenue": 19582761
        },
        "2016-02": {
            "month": "2016-02",
            "price": "104.12",
            "revenue": 19125864
        },
        "2016-03": {
            "month": "2016-03",
            "price": "107.54",
            "revenue": 18235531
        },
        "2016-04": {
            "month": "2016-04",
            "price": "109.55",
            "revenue": 18500782
        },
        "2016-05": {
            "month": "2016-05",
            "price": "110.43",
            "revenue": 18645271
        },
        "2016-06": {
            "month": "2016-06",
            "price": "112.57",
            "revenue": 19049375
        },
        "2016-07": {
            "month": "2016-07",
            "price": "119.22",
            "revenue": 18669622
        },
        "2016-08": {
            "month": "2016-08",
            "price": "115.22",
            "revenue": 19694230
        },
        "2016-09": {
            "month": "2016-09",
            "price": "112.68",
            "revenue": 20154127
        },
        "2016-10": {
            "month": "2016-10",
            "price": "111.60",
            "revenue": 18691544
        },
        "2016-11": {
            "month": "2016-11",
            "price": "107.23",
            "revenue": 18953369
        },
        "2016-12": {
            "month": "2016-12",
            "price": "103.41",
            "revenue": 20706191
        },
        "2017-01": {
            "month": "2017-01",
            "price": "102.19",
            "revenue": 18727059
        },
        "2017-02": {
            "month": "2017-02",
            "price": "100.94",
            "revenue": 17769274
        },
        "2017-03": {
            "month": "2017-03",
            "price": "103.74",
            "revenue": 18037067
        },
        "2017-04": {
            "month": "2017-04",
            "price": "103.42",
            "revenue": 18551837
        },
        "2017-05": {
            "month": "2017-05",
            "price": "105.35",
            "revenue": 18424969
        },
        "2017-06": {
            "month": "2017-06",
            "price": "108.09",
            "revenue": 18694336
        },
        "2017-07": {
            "month": "2017-07",
            "price": "107.19",
            "revenue": 18623904
        },
        "2017-08": {
            "month": "2017-08",
            "price": "102.76",
            "revenue": 18368753
        },
        "2017-09": {
            "month": "2017-09",
            "price": "104.05",
            "revenue": 19432246
        },
        "2017-10": {
            "month": "2017-10",
            "price": "102.92",
            "revenue": 18790424
        },
        "2017-11": {
            "month": "2017-11",
            "price": "103.05",
            "revenue": 20206453
        },
        "2017-12": {
            "month": "2017-12",
            "price": "104.95",
            "revenue": 21927545
        },
        "2018-01": {
            "month": "2018-01",
            "price": "108.52",
            "revenue": 18196550
        },
        "2018-02": {
            "month": "2018-02",
            "price": "108.35",
            "revenue": 17948284
        },
        "2018-03": {
            "month": "2018-03",
            "price": "110.13",
            "revenue": 17487524
        },
        "2018-04": {
            "month": "2018-04",
            "price": "113.03",
            "revenue": 17307828
        },
        "2018-05": {
            "month": "2018-05",
            "price": "109.86",
            "revenue": 19505499
        },
        "2018-06": {
            "month": "2018-06",
            "price": "109.75",
            "revenue": 16845033
        },
        "2018-07": {
            "month": "2018-07",
            "price": "109.73",
            "revenue": 17138830
        },
        "2018-08": {
            "month": "2018-08",
            "price": "107.24",
            "revenue": 17778092
        },
        "2018-09": {
            "month": "2018-09",
            "price": "109.16",
            "revenue": 17787962
        },
        "2018-10": {
            "month": "2018-10",
            "price": "108.20",
            "revenue": 17772376
        },
        "2018-11": {
            "month": "2018-11",
            "price": "106.86",
            "revenue": 18240664
        },
        "2018-12": {
            "month": "2018-12",
            "price": "107.26",
            "revenue": 19450349
        },
        "2019-01": {
            "month": "2019-01",
            "price": "107.05",
            "revenue": 17629710
        },
        "2019-02": {
            "month": "2019-02",
            "price": "106.54",
            "revenue": 16518734
        },
        "2019-03": {
            "month": "2019-03",
            "price": "107.90",
            "revenue": 17182716
        },
        "2019-04": {
            "month": "2019-04",
            "price": "109.85",
            "revenue": 16529913
        },
        "2019-05": {
            "month": "2019-05",
            "price": "111.30",
            "revenue": 16688845
        },
        "2019-06": {
            "month": "2019-06",
            "price": "113.21",
            "revenue": 16889417
        },
        "2019-07": {
            "month": "2019-07",
            "price": "111.65",
            "revenue": 16695959
        },
        "2019-08": {
            "month": "2019-08",
            "price": "107.36",
            "revenue": 16994320
        },
        "2019-09": {
            "month": "2019-09",
            "price": "110.89",
            "revenue": 17157881
        },
        "2019-10": {
            "month": "2019-10",
            "price": "112.36",
            "revenue": 17538679
        },
        "2019-11": {
            "month": "2019-11",
            "price": "113.21",
            "revenue": 17551585
        },
        "2019-12": {
            "month": "2019-12",
            "price": "111.41",
            "revenue": 20142506
        },
        "2020-01": {
            "month": "2020-01",
            "price": "109.40",
            "revenue": 16696282
        },
        "2020-02": {
            "month": "2020-02",
            "price": "108.82",
            "revenue": 15877867
        },
        "2020-03": {
            "month": "2020-03",
            "price": "107.30",
            "revenue": 15575267
        },
        "2020-04": {
            "month": "2020-04",
            "price": "108.50",
            "revenue": 15717512
        },
        "2020-05": {
            "month": "2020-05",
            "price": "110.20",
            "revenue": 16110489
        },
        "2020-06": {
            "month": "2020-06",
            "price": "113.12",
            "revenue": 15979863
        },
        "2020-07": {
            "month": "2020-07",
            "price": "110.41",
            "revenue": 16296592
        },
        "2020-08": {
            "month": "2020-08",
            "price": "108.86",
            "revenue": 17002235
        },
        "2020-09": {
            "month": "2020-09",
            "price": "108.45",
            "revenue": 18872533
        },
        "2020-10": {
            "month": "2020-10",
            "price": "107.34",
            "revenue": 16708044
        },
        "2020-11": {
            "month": "2020-11",
            "price": "109.69",
            "revenue": 18184893
        },
        "2020-12": {
            "month": "2020-12",
            "price": "108.98",
            "revenue": 24590681
        },
        "2021-01": {
            "month": "2021-01",
            "price": "109.75",
            "revenue": 17119318
        },
        "2021-02": {
            "month": "2021-02",
            "price": "109.00",
            "revenue": 16757265
        },
        "2021-03": {
            "month": "2021-03",
            "price": "110.66",
            "revenue": 16224413
        },
        "2021-04": {
            "month": "2021-04",
            "price": "113.21",
            "revenue": 16340190
        },
        "2021-05": {
            "month": "2021-05",
            "price": "113.07",
            "revenue": 16335973
        },
        "2021-06": {
            "month": "2021-06",
            "price": "114.14",
            "revenue": 16924972
        },
        "2021-07": {
            "month": "2021-07",
            "price": "114.75",
            "revenue": 16561392
        },
        "2021-08": {
            "month": "2021-08",
            "price": "115.66",
            "revenue": 17035427
        },
        "2021-09": {
            "month": "2021-09",
            "price": "110.98",
            "revenue": 17288683
        },
        "2021-10": {
            "month": "2021-10",
            "price": "110.92",
            "revenue": 18920802
        },
        "2021-11": {
            "month": "2021-11",
            "price": "112.45",
            "revenue": 18243232
        },
        "2021-12": {
            "month": "2021-12",
            "price": "114.73",
            "revenue": 22726282
        },
        "2022-01": {
            "month": "2022-01",
            "price": "116.61",
            "revenue": 17416392
        },
        "2022-02": {
            "month": "2022-02",
            "price": "121.33",
            "revenue": 16554952
        },
        "2022-03": {
            "month": "2022-03",
            "price": "124.96",
            "revenue": 17323389
        },
        "2022-04": {
            "month": "2022-04",
            "price": "129.82",
            "revenue": 17602247
        },
        "2022-05": {
            "month": "2022-05",
            "price": "125.07",
            "revenue": 17445703
        },
        "2022-06": {
            "month": "2022-06",
            "price": "125.98",
            "revenue": 17387760
        },
        "2022-07": {
            "month": "2022-07",
            "price": "122.90",
            "revenue": 17184646
        },
        "2022-08": {
            "month": "2022-08",
            "price": "122.57",
            "revenue": 17337298
        },
        "2022-09": {
            "month": "2022-09",
            "price": "118.52",
            "revenue": 18986768
        },
        "2022-10": {
            "month": "2022-10",
            "price": "109.45",
            "revenue": 19230091
        },
        "2022-11": {
            "month": "2022-11",
            "price": "109.43",
            "revenue": 19309438
        },
        "2022-12": {
            "month": "2022-12",
            "price": "112.14",
            "revenue": 20961444
        },
        "2023-01": {
            "month": "2023-01",
            "price": "114.00",
            "revenue": 17764178
        },
        "2023-02": {
            "month": "2023-02",
            "price": "113.58",
            "revenue": 17933483
        },
        "2023-03": {
            "month": "2023-03",
            "price": "118.63",
            "revenue": 18513244
        },
        "2023-04": {
            "month": "2023-04",
            "price": "124.59",
            "revenue": 17079880
        }
    }
}
