{
    "summary": {
        "stock_name": "環科",
        "stock_id": "2413",
        "category": "電子零組件",
        "main_business": "電磁零件、交換式電源供應器<br>資訊通訊產品、光通訊產品<br>其他電子零組件之製造加工及內外銷",
        "website_url": "http://www.umec.com.tw",
        "ceo": "歐正明",
        "pe_ratio": 15,
        "report_year_from": 2001,
        "report_year_to": 2023,
        "age": 22,
        "eps_negative_percentage": 39,
        "eps_growth_avg": {
            "last_all": -35.96,
            "last_2y": 100,
            "last_4y": 0,
            "last_8y": 2.27,
            "last_12y": -12.34,
            "last_16y": -20.12,
            "last_20y": -35.96,
            "at_2006_last_3y": -93.53,
            "at_2007_last_3y": -47.37,
            "at_2008_last_3y": -47.37,
            "at_2009_last_3y": -47.37,
            "at_2010_last_3y": -47.37,
            "at_2011_last_3y": -100,
            "at_2012_last_3y": -100,
            "at_2013_last_3y": -100,
            "at_2014_last_3y": 0,
            "at_2015_last_3y": 100,
            "at_2016_last_3y": 37.88,
            "at_2017_last_3y": 3.41,
            "at_2018_last_3y": -28.79,
            "at_2019_last_3y": -95.45,
            "at_2020_last_3y": -100,
            "at_2021_last_3y": -100,
            "at_2022_last_3y": 0,
            "at_2023_last_3y": 0,
            "at_2006_last_all": -83.47,
            "at_2007_last_all": -61.29,
            "at_2008_last_all": -69.03,
            "at_2009_last_all": -69.03,
            "at_2010_last_all": -69.03,
            "at_2011_last_all": -74.19,
            "at_2012_last_all": -74.19,
            "at_2013_last_all": -74.19,
            "at_2014_last_all": -49.31,
            "at_2015_last_all": -30.64,
            "at_2016_last_all": -36.84,
            "at_2017_last_all": -43.15,
            "at_2018_last_all": -43.15,
            "at_2019_last_all": -48.32,
            "at_2020_last_all": -48.32,
            "at_2021_last_all": -48.32,
            "at_2022_last_all": -35.96,
            "at_2023_last_all": -35.96
        },
        "latest_eps": 2.16,
        "latest_price": 32.1,
        "latest_roe": 13.91,
        "latest_gross_margin": 12.52,
        "latest_equity": 2083324,
        "latest_revenue": 1246586,
        "latest_gross_profit": 156040,
        "latest_net_income": 39492,
        "latest_debt_ratio": 61.47,
        "latest_current_ratio": 144.97,
        "latest_account_receivable_turnover_ratio": 1.54,
        "latest_inventory_turnover_ratio": 0.53,
        "latest_reinvestment_rate": 31.89,
        "latest_research_to_sale_ratio": 3.6
    },
    "eps_dividends": {
        "1997": {
            "cash": 0,
            "stock": 2,
            "eps": 0
        },
        "1998": {
            "cash": 0,
            "stock": 3,
            "eps": 0
        },
        "2000": {
            "cash": 0,
            "stock": 4,
            "eps": 0
        },
        "2001": {
            "cash": 0.4,
            "stock": 2.8,
            "eps": 2.32
        },
        "2002": {
            "cash": 0.5,
            "stock": 1.5,
            "eps": 0.85
        },
        "2003": {
            "cash": 0.3,
            "stock": 0.3,
            "eps": 0.11
        },
        "2004": {
            "cash": 0,
            "stock": 0,
            "eps": -1.21
        },
        "2005": {
            "cash": 0,
            "stock": 0,
            "eps": -3.43
        },
        "2006": {
            "cash": 0,
            "stock": 0,
            "eps": 0.76
        },
        "2007": {
            "cash": 0.3,
            "stock": 0,
            "eps": 0.8
        },
        "2008": {
            "cash": 0.25,
            "stock": 0.25,
            "eps": -0.4
        },
        "2009": {
            "cash": 0,
            "stock": 0,
            "eps": -0.64
        },
        "2010": {
            "cash": 0,
            "stock": 0,
            "eps": 1.14
        },
        "2011": {
            "cash": 0.5,
            "stock": 0,
            "eps": -0.82
        },
        "2012": {
            "cash": 0,
            "stock": 0,
            "eps": -2.28
        },
        "2013": {
            "cash": 0,
            "stock": 0,
            "eps": 0.01
        },
        "2014": {
            "cash": 0,
            "stock": 0,
            "eps": 0.42
        },
        "2015": {
            "cash": 0,
            "stock": 0,
            "eps": 1.32
        },
        "2016": {
            "cash": 0.5,
            "stock": 0,
            "eps": 0.18
        },
        "2017": {
            "cash": 0,
            "stock": 0,
            "eps": -0.99
        },
        "2018": {
            "cash": 0,
            "stock": 0,
            "eps": 0.06
        },
        "2019": {
            "cash": 0,
            "stock": 0,
            "eps": -1.49
        },
        "2020": {
            "cash": 0,
            "stock": 0,
            "eps": -0.1
        },
        "2021": {
            "cash": 0,
            "stock": 0,
            "eps": 0.35
        },
        "2022": {
            "cash": 0,
            "stock": 0,
            "eps": 2.07
        },
        "2023": {
            "cash": 0.5,
            "stock": 0,
            "eps": 0.31
        }
    },
    "dividends": {
        "1997-03-08": {
            "cash": 0,
            "stock": 2
        },
        "1998-03-13": {
            "cash": 0,
            "stock": 3
        },
        "2000-05-06": {
            "cash": 0,
            "stock": 4
        },
        "2001-05-04": {
            "cash": 0.4,
            "stock": 2.8
        },
        "2002-06-03": {
            "cash": 0.5,
            "stock": 1.5
        },
        "2003-03-12": {
            "cash": 0.3,
            "stock": 0.3
        },
        "2007-03-28": {
            "cash": 0.3,
            "stock": 0
        },
        "2008-04-15": {
            "cash": 0.25,
            "stock": 0.25
        },
        "2011-03-23": {
            "cash": 0.5,
            "stock": 0
        },
        "2016-08-23": {
            "cash": 0.5,
            "stock": 0
        },
        "2023-03-16": {
            "cash": 0.5,
            "stock": 0
        }
    },
    "prices": {
        "200101": "78.69",
        "200102": "88.16",
        "200103": "91.16",
        "200104": "91.45",
        "200105": "76.25",
        "200106": "74.20",
        "200107": "55.95",
        "200108": "41.32",
        "200109": "30.31",
        "200110": "26.56",
        "200111": "36.83",
        "200112": "43.16",
        "200201": "41.28",
        "200202": "37.53",
        "200203": "45.16",
        "200204": "45.96",
        "200205": "36.39",
        "200206": "32.74",
        "200207": "26.36",
        "200208": "23.10",
        "200209": "21.02",
        "200210": "19.50",
        "200211": "21.24",
        "200212": "20.78",
        "200301": "19.69",
        "200302": "17.75",
        "200303": "17.80",
        "200304": "17.30",
        "200305": "17.50",
        "200306": "21.74",
        "200307": "23.02",
        "200308": "18.83",
        "200309": "17.28",
        "200310": "17.04",
        "200311": "17.30",
        "200312": "17.26",
        "200401": "19.95",
        "200402": "21.60",
        "200403": "20.45",
        "200404": "19.07",
        "200405": "15.94",
        "200406": "14.52",
        "200407": "13.36",
        "200408": "13.47",
        "200409": "13.32",
        "200410": "13.25",
        "200411": "12.76",
        "200412": "11.37",
        "200501": "10.88",
        "200502": "11.53",
        "200503": "11.55",
        "200504": "10.25",
        "200505": "9.25",
        "200506": "10.55",
        "200507": "11.31",
        "200508": "9.88",
        "200509": "9.01",
        "200510": "8.80",
        "200511": "8.49",
        "200512": "9.59",
        "200601": "10.51",
        "200602": "11.20",
        "200603": "13.33",
        "200604": "14.95",
        "200605": "16.60",
        "200606": "13.22",
        "200607": "12.96",
        "200608": "13.48",
        "200609": "12.95",
        "200610": "14.96",
        "200611": "15.96",
        "200612": "20.35",
        "200701": "22.68",
        "200702": "23.53",
        "200703": "25.30",
        "200704": "27.06",
        "200705": "24.98",
        "200706": "29.40",
        "200707": "31.08",
        "200708": "25.75",
        "200709": "24.16",
        "200710": "25.82",
        "200711": "21.33",
        "200712": "19.52",
        "200801": "16.93",
        "200802": "15.15",
        "200803": "15.92",
        "200804": "17.15",
        "200805": "15.26",
        "200806": "12.30",
        "200807": "10.40",
        "200808": "10.07",
        "200809": "7.64",
        "200810": "7.83",
        "200811": "8.83",
        "200812": "8.94",
        "200901": "8.38",
        "200902": "7.97",
        "200903": "8.74",
        "200904": "11.71",
        "200905": "12.87",
        "200906": "11.81",
        "200907": "12.49",
        "200908": "12.40",
        "200909": "12.79",
        "200910": "13.85",
        "200911": "12.96",
        "200912": "14.43",
        "201001": "16.21",
        "201002": "14.04",
        "201003": "16.58",
        "201004": "21.76",
        "201005": "18.77",
        "201006": "16.70",
        "201007": "16.89",
        "201008": "17.39",
        "201009": "18.20",
        "201010": "18.11",
        "201011": "16.95",
        "201012": "17.58",
        "201101": "17.95",
        "201102": "18.92",
        "201103": "17.40",
        "201104": "16.78",
        "201105": "16.23",
        "201106": "15.88",
        "201107": "14.05",
        "201108": "11.59",
        "201109": "9.91",
        "201110": "9.30",
        "201111": "8.36",
        "201112": "7.29",
        "201201": "7.78",
        "201202": "9.58",
        "201203": "9.62",
        "201204": "7.92",
        "201205": "7.79",
        "201206": "7.71",
        "201207": "7.78",
        "201208": "8.13",
        "201209": "8.42",
        "201210": "7.24",
        "201211": "6.41",
        "201212": "6.85",
        "201301": "7.40",
        "201302": "7.78",
        "201303": "7.67",
        "201304": "8.69",
        "201305": "9.34",
        "201306": "8.28",
        "201307": "8.08",
        "201308": "8.02",
        "201309": "8.59",
        "201310": "9.10",
        "201311": "8.98",
        "201312": "9.33",
        "201401": "12.08",
        "201402": "13.06",
        "201403": "16.34",
        "201404": "17.06",
        "201405": "15.30",
        "201406": "15.56",
        "201407": "14.90",
        "201408": "12.76",
        "201409": "12.09",
        "201410": "10.55",
        "201411": "11.11",
        "201412": "13.64",
        "201501": "14.24",
        "201502": "13.52",
        "201503": "15.64",
        "201504": "15.20",
        "201505": "14.26",
        "201506": "13.63",
        "201507": "12.80",
        "201508": "11.02",
        "201509": "11.64",
        "201510": "12.04",
        "201511": "14.14",
        "201512": "14.70",
        "201601": "13.90",
        "201602": "15.02",
        "201603": "14.72",
        "201604": "13.55",
        "201605": "11.62",
        "201606": "11.74",
        "201607": "12.21",
        "201608": "12.17",
        "201609": "12.36",
        "201610": "11.49",
        "201611": "11.24",
        "201612": "11.68",
        "201701": "11.75",
        "201702": "12.00",
        "201703": "11.86",
        "201704": "11.19",
        "201705": "11.82",
        "201706": "12.73",
        "201707": "11.93",
        "201708": "13.83",
        "201709": "20.47",
        "201710": "20.44",
        "201711": "19.28",
        "201712": "20.78",
        "201801": "21.38",
        "201802": "18.69",
        "201803": "20.68",
        "201804": "20.74",
        "201805": "21.67",
        "201806": "36.04",
        "201807": "24.45",
        "201808": "24.74",
        "201809": "23.74",
        "201810": "22.63",
        "201811": "19.91",
        "201812": "20.98",
        "201901": "23.04",
        "201902": "24.58",
        "201903": "24.45",
        "201904": "22.53",
        "201905": "20.30",
        "201906": "19.22",
        "201907": "19.38",
        "201908": "16.78",
        "201909": "17.54",
        "201910": "17.49",
        "201911": "16.38",
        "201912": "16.05",
        "202001": "16.02",
        "202002": "14.07",
        "202003": "10.78",
        "202004": "10.74",
        "202005": "12.24",
        "202006": "12.58",
        "202007": "15.90",
        "202008": "15.23",
        "202009": "16.28",
        "202010": "18.64",
        "202011": "19.42",
        "202012": "24.00",
        "202101": "24.76",
        "202102": "24.38",
        "202103": "27.27",
        "202104": "29.46",
        "202105": "22.30",
        "202106": "21.70",
        "202107": "20.83",
        "202108": "18.09",
        "202109": "17.58",
        "202110": "18.22",
        "202111": "19.44",
        "202112": "22.73",
        "202201": "21.11",
        "202202": "21.75",
        "202203": "20.65",
        "202204": "20.38",
        "202205": "19.27",
        "202206": "20.06",
        "202207": "18.57",
        "202208": "20.26",
        "202209": "23.19",
        "202210": "24.68",
        "202211": "27.39",
        "202212": "27.40",
        "202301": "26.44",
        "202302": "29.19",
        "202303": "34.17",
        "202304": "38.73",
        "202305": "34.33",
        "202306": "32.28"
    },
    "quarters": {
        "20011": {
            "year_quarter": 20011,
            "year": 2001,
            "quarter": 1,
            "eps": 1.37,
            "eps_growth_year": 67.07,
            "eps_4q": 3.94,
            "eps_4q_growth_year": -1.34,
            "roe": 4.66,
            "roe_4q": 4.66,
            "gross_profit": 148118,
            "gross_margin": 24.84,
            "gross_margin_4q_avg": 24.84,
            "net_income": 128077,
            "revenue": 596236,
            "common_shares": 936980,
            "book_valuer_per_share": 30.02,
            "book_valuer_per_share_4q_avg": 30.02,
            "equity": 2813032,
            "current_ratio": 266.36,
            "debt_ratio": 22.58,
            "inventory_turnover_ratio": 0.87,
            "account_receivable_turnover_ratio": null,
            "reinvestment_rate": null,
            "research_to_sale_ratio": null,
            "price_fair": 0,
            "eps_avg_yearly": 0,
            "eps_latest_yearly": 0,
            "eps_growth_yearly": 0
        },
        "20012": {
            "year_quarter": 20012,
            "year": 2001,
            "quarter": 2,
            "eps": 0.45,
            "eps_growth_year": -64.29,
            "eps_4q": 2.58,
            "eps_4q_growth_year": -22.5,
            "roe": 1.9,
            "roe_4q": 6.5600000000000005,
            "gross_profit": 105136,
            "gross_margin": 22.18,
            "gross_margin_4q_avg": 23.51,
            "net_income": 53822,
            "revenue": 474102,
            "common_shares": 936980,
            "book_valuer_per_share": 30.3,
            "book_valuer_per_share_4q_avg": 30.16,
            "equity": 2839172,
            "current_ratio": 200.54,
            "debt_ratio": 24.58,
            "inventory_turnover_ratio": 0.64,
            "account_receivable_turnover_ratio": null,
            "reinvestment_rate": null,
            "research_to_sale_ratio": null,
            "price_fair": 0,
            "eps_avg_yearly": 0,
            "eps_latest_yearly": 0,
            "eps_growth_yearly": 0
        },
        "20013": {
            "year_quarter": 20013,
            "year": 2001,
            "quarter": 3,
            "eps": 0.17,
            "eps_growth_year": -62.22,
            "eps_4q": 2.37,
            "eps_4q_growth_year": -23.95,
            "roe": 0.72,
            "roe_4q": 7.28,
            "gross_profit": 72855,
            "gross_margin": 20.16,
            "gross_margin_4q_avg": 22.39,
            "net_income": 20615,
            "revenue": 361426,
            "common_shares": 1205865,
            "book_valuer_per_share": 23.73,
            "book_valuer_per_share_4q_avg": 28.02,
            "equity": 2862077,
            "current_ratio": 449.84,
            "debt_ratio": 30.37,
            "inventory_turnover_ratio": 0.5,
            "account_receivable_turnover_ratio": null,
            "reinvestment_rate": null,
            "research_to_sale_ratio": null,
            "price_fair": 0,
            "eps_avg_yearly": 0,
            "eps_latest_yearly": 0,
            "eps_growth_yearly": 0
        },
        "20014": {
            "year_quarter": 20014,
            "year": 2001,
            "quarter": 4,
            "eps": 0.33,
            "eps_growth_year": -64.13,
            "eps_4q": 2.03,
            "eps_4q_growth_year": -35.22,
            "roe": 1.36,
            "roe_4q": 8.64,
            "gross_profit": 87275,
            "gross_margin": 20.11,
            "gross_margin_4q_avg": 21.82,
            "net_income": 39270,
            "revenue": 434029,
            "common_shares": 1205865,
            "book_valuer_per_share": 24.06,
            "book_valuer_per_share_4q_avg": 27.03,
            "equity": 2903102,
            "current_ratio": 459.02,
            "debt_ratio": 30.84,
            "inventory_turnover_ratio": 0.63,
            "account_receivable_turnover_ratio": null,
            "reinvestment_rate": null,
            "research_to_sale_ratio": null,
            "price_fair": 0,
            "eps_avg_yearly": 0,
            "eps_latest_yearly": 0,
            "eps_growth_yearly": 0
        },
        "20021": {
            "year_quarter": 20021,
            "year": 2002,
            "quarter": 1,
            "eps": 0.23,
            "eps_growth_year": -83.21,
            "eps_4q": 1.16,
            "eps_4q_growth_year": -70.59,
            "roe": 0.96,
            "roe_4q": 4.9399999999999995,
            "gross_profit": 78857,
            "gross_margin": 20.31,
            "gross_margin_4q_avg": 20.69,
            "net_income": 28123,
            "revenue": 388279,
            "common_shares": 1203865,
            "book_valuer_per_share": 24.36,
            "book_valuer_per_share_4q_avg": 25.61,
            "equity": 2933205,
            "current_ratio": 456.22,
            "debt_ratio": 28.83,
            "inventory_turnover_ratio": 0.6,
            "account_receivable_turnover_ratio": null,
            "reinvestment_rate": null,
            "research_to_sale_ratio": null,
            "price_fair": 2.76,
            "eps_avg_yearly": 0.92,
            "eps_latest_yearly": 0.92,
            "eps_growth_yearly": -121.21
        },
        "20022": {
            "year_quarter": 20022,
            "year": 2002,
            "quarter": 2,
            "eps": 0.07,
            "eps_growth_year": -84.44,
            "eps_4q": 0.68,
            "eps_4q_growth_year": -73.58,
            "roe": 0.35,
            "roe_4q": 3.3899999999999997,
            "gross_profit": 109573,
            "gross_margin": 20.98,
            "gross_margin_4q_avg": 20.39,
            "net_income": 10084,
            "revenue": 522384,
            "common_shares": 1203865,
            "book_valuer_per_share": 23.58,
            "book_valuer_per_share_4q_avg": 23.93,
            "equity": 2838119,
            "current_ratio": 203.39,
            "debt_ratio": 37.39,
            "inventory_turnover_ratio": 0.81,
            "account_receivable_turnover_ratio": null,
            "reinvestment_rate": null,
            "research_to_sale_ratio": null,
            "price_fair": 1.8,
            "eps_avg_yearly": 0.6,
            "eps_latest_yearly": 0.28,
            "eps_growth_yearly": -199.74
        },
        "20023": {
            "year_quarter": 20023,
            "year": 2002,
            "quarter": 3,
            "eps": 0.12,
            "eps_growth_year": -29.41,
            "eps_4q": 0.7,
            "eps_4q_growth_year": -70.49,
            "roe": 0.56,
            "roe_4q": 3.2300000000000004,
            "gross_profit": 107579,
            "gross_margin": 21.7,
            "gross_margin_4q_avg": 20.78,
            "net_income": 16027,
            "revenue": 495739,
            "common_shares": 1390000,
            "book_valuer_per_share": 20.82,
            "book_valuer_per_share_4q_avg": 23.21,
            "equity": 2893286,
            "current_ratio": 224.45,
            "debt_ratio": 33.68,
            "inventory_turnover_ratio": 0.77,
            "account_receivable_turnover_ratio": null,
            "reinvestment_rate": null,
            "research_to_sale_ratio": null,
            "price_fair": 1.68,
            "eps_avg_yearly": 0.56,
            "eps_latest_yearly": 0.48,
            "eps_growth_yearly": -37.92
        },
        "20024": {
            "year_quarter": 20024,
            "year": 2002,
            "quarter": 4,
            "eps": 0.43,
            "eps_growth_year": 30.3,
            "eps_4q": 0.82,
            "eps_4q_growth_year": -59.52,
            "roe": 2.07,
            "roe_4q": 3.94,
            "gross_profit": 90713,
            "gross_margin": 20.39,
            "gross_margin_4q_avg": 20.85,
            "net_income": 59413,
            "revenue": 444939,
            "common_shares": 1390000,
            "book_valuer_per_share": 20.4,
            "book_valuer_per_share_4q_avg": 22.29,
            "equity": 2837622,
            "current_ratio": 214.93,
            "debt_ratio": 38.61,
            "inventory_turnover_ratio": 0.72,
            "account_receivable_turnover_ratio": null,
            "reinvestment_rate": 128.96,
            "research_to_sale_ratio": null,
            "price_fair": 29.75,
            "eps_avg_yearly": 0.85,
            "eps_latest_yearly": 1.72,
            "eps_growth_yearly": 229.89
        },
        "20031": {
            "year_quarter": 20031,
            "year": 2003,
            "quarter": 1,
            "eps": 0.1,
            "eps_growth_year": -56.52,
            "eps_4q": 0.75,
            "eps_4q_growth_year": -34.97,
            "roe": 0.46,
            "roe_4q": 3.44,
            "gross_profit": 81560,
            "gross_margin": 19.62,
            "gross_margin_4q_avg": 20.67,
            "net_income": 13071,
            "revenue": 415695,
            "common_shares": 1390000,
            "book_valuer_per_share": 20.5,
            "book_valuer_per_share_4q_avg": 21.33,
            "equity": 2848820,
            "current_ratio": 178.53,
            "debt_ratio": 38.01,
            "inventory_turnover_ratio": 0.65,
            "account_receivable_turnover_ratio": null,
            "reinvestment_rate": 88.78,
            "research_to_sale_ratio": null,
            "price_fair": 26.6,
            "eps_avg_yearly": 0.76,
            "eps_latest_yearly": 0.4,
            "eps_growth_yearly": 122.52
        },
        "20032": {
            "year_quarter": 20032,
            "year": 2003,
            "quarter": 2,
            "eps": -0.01,
            "eps_growth_year": -114.29,
            "eps_4q": 0.62,
            "eps_4q_growth_year": -8.3,
            "roe": -0.06,
            "roe_4q": 3.03,
            "gross_profit": 118395,
            "gross_margin": 21.05,
            "gross_margin_4q_avg": 20.69,
            "net_income": -1718,
            "revenue": 562547,
            "common_shares": 1390000,
            "book_valuer_per_share": 20.13,
            "book_valuer_per_share_4q_avg": 20.46,
            "equity": 2798456,
            "current_ratio": 153.84,
            "debt_ratio": 41.33,
            "inventory_turnover_ratio": 0.8,
            "account_receivable_turnover_ratio": null,
            "reinvestment_rate": 94.03,
            "research_to_sale_ratio": null,
            "price_fair": 26.6,
            "eps_avg_yearly": 0.76,
            "eps_latest_yearly": 0.4,
            "eps_growth_yearly": 122.52
        },
        "20033": {
            "year_quarter": 20033,
            "year": 2003,
            "quarter": 3,
            "eps": -0.04,
            "eps_growth_year": -133.33,
            "eps_4q": 0.45,
            "eps_4q_growth_year": -35.46,
            "roe": -0.22,
            "roe_4q": 2.25,
            "gross_profit": 102238,
            "gross_margin": 20.58,
            "gross_margin_4q_avg": 20.41,
            "net_income": -6028,
            "revenue": 496737,
            "common_shares": 1432700,
            "book_valuer_per_share": 19.36,
            "book_valuer_per_share_4q_avg": 20.1,
            "equity": 2773018,
            "current_ratio": 142.09,
            "debt_ratio": 42.75,
            "inventory_turnover_ratio": 0.68,
            "account_receivable_turnover_ratio": null,
            "reinvestment_rate": 104.88,
            "research_to_sale_ratio": null,
            "price_fair": 26.6,
            "eps_avg_yearly": 0.76,
            "eps_latest_yearly": 0.4,
            "eps_growth_yearly": 122.52
        },
        "20034": {
            "year_quarter": 20034,
            "year": 2003,
            "quarter": 4,
            "eps": 0.06,
            "eps_growth_year": -86.05,
            "eps_4q": 0.1,
            "eps_4q_growth_year": -87.76,
            "roe": 0.28,
            "roe_4q": 0.4600000000000001,
            "gross_profit": 147027,
            "gross_margin": 23.95,
            "gross_margin_4q_avg": 21.3,
            "net_income": 7852,
            "revenue": 613928,
            "common_shares": 1432700,
            "book_valuer_per_share": 19.42,
            "book_valuer_per_share_4q_avg": 19.85,
            "equity": 2784265,
            "current_ratio": 123.39,
            "debt_ratio": 47.97,
            "inventory_turnover_ratio": 0.74,
            "account_receivable_turnover_ratio": null,
            "reinvestment_rate": 215.99,
            "research_to_sale_ratio": null,
            "price_fair": 26.6,
            "eps_avg_yearly": 0.76,
            "eps_latest_yearly": 0.4,
            "eps_growth_yearly": 122.52
        },
        "20041": {
            "year_quarter": 20041,
            "year": 2004,
            "quarter": 1,
            "eps": 0.15,
            "eps_growth_year": 50,
            "eps_4q": 0.15,
            "eps_4q_growth_year": -80.02,
            "roe": 0.77,
            "roe_4q": 0.77,
            "gross_profit": 116336,
            "gross_margin": 21.45,
            "gross_margin_4q_avg": 21.76,
            "net_income": 21389,
            "revenue": 542258,
            "common_shares": 1432700,
            "book_valuer_per_share": 19.43,
            "book_valuer_per_share_4q_avg": 19.59,
            "equity": 2784329,
            "current_ratio": 136.93,
            "debt_ratio": 46.44,
            "inventory_turnover_ratio": 0.61,
            "account_receivable_turnover_ratio": null,
            "reinvestment_rate": 97.8,
            "research_to_sale_ratio": null,
            "price_fair": 25.67,
            "eps_avg_yearly": 0.73,
            "eps_latest_yearly": 0.6,
            "eps_growth_yearly": 202.1
        },
        "20042": {
            "year_quarter": 20042,
            "year": 2004,
            "quarter": 2,
            "eps": 0.24,
            "eps_growth_year": null,
            "eps_4q": 0.41,
            "eps_4q_growth_year": -34.56,
            "roe": 1.18,
            "roe_4q": 2.01,
            "gross_profit": 137374,
            "gross_margin": 19.38,
            "gross_margin_4q_avg": 21.34,
            "net_income": 33045,
            "revenue": 708951,
            "common_shares": 1432700,
            "book_valuer_per_share": 19.65,
            "book_valuer_per_share_4q_avg": 19.47,
            "equity": 2814945,
            "current_ratio": 164.26,
            "debt_ratio": 47.46,
            "inventory_turnover_ratio": 0.77,
            "account_receivable_turnover_ratio": null,
            "reinvestment_rate": 104.56,
            "research_to_sale_ratio": null,
            "price_fair": 26.8,
            "eps_avg_yearly": 0.77,
            "eps_latest_yearly": 0.96,
            "eps_growth_yearly": 207.51
        },
        "20043": {
            "year_quarter": 20043,
            "year": 2004,
            "quarter": 3,
            "eps": 0.12,
            "eps_growth_year": null,
            "eps_4q": 0.57,
            "eps_4q_growth_year": 26.79,
            "roe": 0.59,
            "roe_4q": 2.8200000000000003,
            "gross_profit": 106802,
            "gross_margin": 17.02,
            "gross_margin_4q_avg": 20.45,
            "net_income": 16502,
            "revenue": 627692,
            "common_shares": 1382700,
            "book_valuer_per_share": 20.11,
            "book_valuer_per_share_4q_avg": 19.65,
            "equity": 2780777,
            "current_ratio": 128.04,
            "debt_ratio": 45.39,
            "inventory_turnover_ratio": 0.66,
            "account_receivable_turnover_ratio": null,
            "reinvestment_rate": 104.06,
            "research_to_sale_ratio": null,
            "price_fair": 25.55,
            "eps_avg_yearly": 0.73,
            "eps_latest_yearly": 0.48,
            "eps_growth_yearly": 156.57
        },
        "20044": {
            "year_quarter": 20044,
            "year": 2004,
            "quarter": 4,
            "eps": -1.72,
            "eps_growth_year": -2966.67,
            "eps_4q": -1.2,
            "eps_4q_growth_year": -1290.57,
            "roe": -8.85,
            "roe_4q": -6.3100000000000005,
            "gross_profit": 92256,
            "gross_margin": 14.79,
            "gross_margin_4q_avg": 18.16,
            "net_income": -233941,
            "revenue": 623702,
            "common_shares": 1382700,
            "book_valuer_per_share": 18.11,
            "book_valuer_per_share_4q_avg": 19.33,
            "equity": 2505987,
            "current_ratio": 94.86,
            "debt_ratio": 48.06,
            "inventory_turnover_ratio": 0.7,
            "account_receivable_turnover_ratio": null,
            "reinvestment_rate": 540.93,
            "research_to_sale_ratio": null,
            "price_fair": 25.55,
            "eps_avg_yearly": 0.73,
            "eps_latest_yearly": 0.48,
            "eps_growth_yearly": 156.57
        },
        "20051": {
            "year_quarter": 20051,
            "year": 2005,
            "quarter": 1,
            "eps": -0.05,
            "eps_growth_year": -133.33,
            "eps_4q": -1.57,
            "eps_4q_growth_year": -1142.27,
            "roe": -0.24,
            "roe_4q": -7.32,
            "gross_profit": 70497,
            "gross_margin": 13.63,
            "gross_margin_4q_avg": 16.21,
            "net_income": -6061,
            "revenue": 517190,
            "common_shares": 1382700,
            "book_valuer_per_share": 17.78,
            "book_valuer_per_share_4q_avg": 18.91,
            "equity": 2459126,
            "current_ratio": 138.07,
            "debt_ratio": 53.08,
            "inventory_turnover_ratio": 0.65,
            "account_receivable_turnover_ratio": null,
            "reinvestment_rate": 503.32,
            "research_to_sale_ratio": null,
            "price_fair": 25.55,
            "eps_avg_yearly": 0.73,
            "eps_latest_yearly": 0.48,
            "eps_growth_yearly": 156.57
        },
        "20052": {
            "year_quarter": 20052,
            "year": 2005,
            "quarter": 2,
            "eps": -0.01,
            "eps_growth_year": -104.17,
            "eps_4q": -1.62,
            "eps_4q_growth_year": -497.12,
            "roe": -0.03,
            "roe_4q": -8.53,
            "gross_profit": 88936,
            "gross_margin": 13.8,
            "gross_margin_4q_avg": 14.81,
            "net_income": -856,
            "revenue": 644584,
            "common_shares": 1382700,
            "book_valuer_per_share": 17.8,
            "book_valuer_per_share_4q_avg": 18.45,
            "equity": 2460822,
            "current_ratio": 153.17,
            "debt_ratio": 46.38,
            "inventory_turnover_ratio": 0.82,
            "account_receivable_turnover_ratio": null,
            "reinvestment_rate": 1714.89,
            "research_to_sale_ratio": null,
            "price_fair": 25.55,
            "eps_avg_yearly": 0.73,
            "eps_latest_yearly": 0.48,
            "eps_growth_yearly": 156.57
        },
        "20053": {
            "year_quarter": 20053,
            "year": 2005,
            "quarter": 3,
            "eps": 0.01,
            "eps_growth_year": -91.67,
            "eps_4q": -1.73,
            "eps_4q_growth_year": -401.68,
            "roe": 0.08,
            "roe_4q": -9.04,
            "gross_profit": 45788,
            "gross_margin": 9.22,
            "gross_margin_4q_avg": 12.86,
            "net_income": 1865,
            "revenue": 496371,
            "common_shares": 1382700,
            "book_valuer_per_share": 18.04,
            "book_valuer_per_share_4q_avg": 17.93,
            "equity": 2494535,
            "current_ratio": 157.7,
            "debt_ratio": 44.66,
            "inventory_turnover_ratio": 0.69,
            "account_receivable_turnover_ratio": null,
            "reinvestment_rate": null,
            "research_to_sale_ratio": null,
            "price_fair": 25.55,
            "eps_avg_yearly": 0.73,
            "eps_latest_yearly": 0.48,
            "eps_growth_yearly": 156.57
        },
        "20054": {
            "year_quarter": 20054,
            "year": 2005,
            "quarter": 4,
            "eps": -3.38,
            "eps_growth_year": null,
            "eps_4q": -3.3,
            "eps_4q_growth_year": null,
            "roe": -19.45,
            "roe_4q": -19.64,
            "gross_profit": 77706,
            "gross_margin": 14.58,
            "gross_margin_4q_avg": 12.81,
            "net_income": -442255,
            "revenue": 532792,
            "common_shares": 1332700,
            "book_valuer_per_share": 15.35,
            "book_valuer_per_share_4q_avg": 17.24,
            "equity": 2053193,
            "current_ratio": 80.03,
            "debt_ratio": 51.52,
            "inventory_turnover_ratio": 0.7,
            "account_receivable_turnover_ratio": null,
            "reinvestment_rate": null,
            "research_to_sale_ratio": null,
            "price_fair": 25.55,
            "eps_avg_yearly": 0.73,
            "eps_latest_yearly": 0.48,
            "eps_growth_yearly": 156.57
        },
        "20061": {
            "year_quarter": 20061,
            "year": 2006,
            "quarter": 1,
            "eps": 0.07,
            "eps_growth_year": null,
            "eps_4q": -3.15,
            "eps_4q_growth_year": null,
            "roe": 0.47,
            "roe_4q": -18.930000000000003,
            "gross_profit": 85720,
            "gross_margin": 14.62,
            "gross_margin_4q_avg": 13.06,
            "net_income": 9587,
            "revenue": 586334,
            "common_shares": 1332700,
            "book_valuer_per_share": 15.34,
            "book_valuer_per_share_4q_avg": 16.63,
            "equity": 2044057,
            "current_ratio": 146,
            "debt_ratio": 49.84,
            "inventory_turnover_ratio": 0.76,
            "account_receivable_turnover_ratio": null,
            "reinvestment_rate": null,
            "research_to_sale_ratio": null,
            "price_fair": 24.6,
            "eps_avg_yearly": 0.7,
            "eps_latest_yearly": 0.48,
            "eps_growth_yearly": 196.26
        },
        "20062": {
            "year_quarter": 20062,
            "year": 2006,
            "quarter": 2,
            "eps": 0.26,
            "eps_growth_year": null,
            "eps_4q": -3.03,
            "eps_4q_growth_year": null,
            "roe": 1.65,
            "roe_4q": -17.25,
            "gross_profit": 107261,
            "gross_margin": 15.6,
            "gross_margin_4q_avg": 13.51,
            "net_income": 34027,
            "revenue": 687553,
            "common_shares": 1332700,
            "book_valuer_per_share": 15.61,
            "book_valuer_per_share_4q_avg": 16.09,
            "equity": 2080609,
            "current_ratio": 140.86,
            "debt_ratio": 49.85,
            "inventory_turnover_ratio": 0.87,
            "account_receivable_turnover_ratio": null,
            "reinvestment_rate": null,
            "research_to_sale_ratio": null,
            "price_fair": 28.4,
            "eps_avg_yearly": 0.81,
            "eps_latest_yearly": 1.04,
            "eps_growth_yearly": 391.11
        },
        "20063": {
            "year_quarter": 20063,
            "year": 2006,
            "quarter": 3,
            "eps": 0.08,
            "eps_growth_year": 700,
            "eps_4q": -3.15,
            "eps_4q_growth_year": null,
            "roe": 0.47,
            "roe_4q": -16.86,
            "gross_profit": 101561,
            "gross_margin": 14.12,
            "gross_margin_4q_avg": 14.73,
            "net_income": 9885,
            "revenue": 719187,
            "common_shares": 1332700,
            "book_valuer_per_share": 15.75,
            "book_valuer_per_share_4q_avg": 15.51,
            "equity": 2098713,
            "current_ratio": 149.57,
            "debt_ratio": 50.95,
            "inventory_turnover_ratio": 0.86,
            "account_receivable_turnover_ratio": null,
            "reinvestment_rate": null,
            "research_to_sale_ratio": null,
            "price_fair": 27.6,
            "eps_avg_yearly": 0.79,
            "eps_latest_yearly": 0.32,
            "eps_growth_yearly": 310.74
        },
        "20064": {
            "year_quarter": 20064,
            "year": 2006,
            "quarter": 4,
            "eps": 0.35,
            "eps_growth_year": null,
            "eps_4q": 0.76,
            "eps_4q_growth_year": null,
            "roe": 2.15,
            "roe_4q": 4.739999999999999,
            "gross_profit": 141792,
            "gross_margin": 17.29,
            "gross_margin_4q_avg": 15.41,
            "net_income": 45593,
            "revenue": 820028,
            "common_shares": 1332700,
            "book_valuer_per_share": 16.09,
            "book_valuer_per_share_4q_avg": 15.7,
            "equity": 2147419,
            "current_ratio": 144.65,
            "debt_ratio": 53.64,
            "inventory_turnover_ratio": 0.88,
            "account_receivable_turnover_ratio": null,
            "reinvestment_rate": null,
            "research_to_sale_ratio": null,
            "price_fair": 26,
            "eps_avg_yearly": 0.74,
            "eps_latest_yearly": 1.4,
            "eps_growth_yearly": 355.97
        },
        "20071": {
            "year_quarter": 20071,
            "year": 2007,
            "quarter": 1,
            "eps": 0.29,
            "eps_growth_year": 314.29,
            "eps_4q": 0.98,
            "eps_4q_growth_year": null,
            "roe": 1.74,
            "roe_4q": 6.01,
            "gross_profit": 121533,
            "gross_margin": 13.28,
            "gross_margin_4q_avg": 15.07,
            "net_income": 37732,
            "revenue": 915123,
            "common_shares": 1332700,
            "book_valuer_per_share": 16.48,
            "book_valuer_per_share_4q_avg": 15.98,
            "equity": 2196144,
            "current_ratio": 153.72,
            "debt_ratio": 51.22,
            "inventory_turnover_ratio": 1,
            "account_receivable_turnover_ratio": null,
            "reinvestment_rate": null,
            "research_to_sale_ratio": null,
            "price_fair": 29.8,
            "eps_avg_yearly": 0.85,
            "eps_latest_yearly": 1.16,
            "eps_growth_yearly": 390.03
        },
        "20072": {
            "year_quarter": 20072,
            "year": 2007,
            "quarter": 2,
            "eps": 0.41,
            "eps_growth_year": 57.69,
            "eps_4q": 1.13,
            "eps_4q_growth_year": null,
            "roe": 2.4,
            "roe_4q": 6.759999999999999,
            "gross_profit": 170450,
            "gross_margin": 16.44,
            "gross_margin_4q_avg": 15.28,
            "net_income": 52782,
            "revenue": 1036575,
            "common_shares": 1332700,
            "book_valuer_per_share": 16.57,
            "book_valuer_per_share_4q_avg": 16.22,
            "equity": 2208813,
            "current_ratio": 140.67,
            "debt_ratio": 52.19,
            "inventory_turnover_ratio": 1.05,
            "account_receivable_turnover_ratio": null,
            "reinvestment_rate": null,
            "research_to_sale_ratio": null,
            "price_fair": 33.25,
            "eps_avg_yearly": 0.95,
            "eps_latest_yearly": 1.64,
            "eps_growth_yearly": 361.97
        },
        "20073": {
            "year_quarter": 20073,
            "year": 2007,
            "quarter": 3,
            "eps": 0.46,
            "eps_growth_year": 475,
            "eps_4q": 1.52,
            "eps_4q_growth_year": null,
            "roe": 2.65,
            "roe_4q": 8.94,
            "gross_profit": 118963,
            "gross_margin": 11.78,
            "gross_margin_4q_avg": 14.7,
            "net_income": 59338,
            "revenue": 1010193,
            "common_shares": 1332700,
            "book_valuer_per_share": 17.02,
            "book_valuer_per_share_4q_avg": 16.54,
            "equity": 2268030,
            "current_ratio": 158.98,
            "debt_ratio": 55.04,
            "inventory_turnover_ratio": 1.02,
            "account_receivable_turnover_ratio": null,
            "reinvestment_rate": null,
            "research_to_sale_ratio": null,
            "price_fair": 36.71,
            "eps_avg_yearly": 1.05,
            "eps_latest_yearly": 1.84,
            "eps_growth_yearly": 327.17
        },
        "20074": {
            "year_quarter": 20074,
            "year": 2007,
            "quarter": 4,
            "eps": -0.36,
            "eps_growth_year": -202.86,
            "eps_4q": 0.79,
            "eps_4q_growth_year": 4.51,
            "roe": -2.04,
            "roe_4q": 4.75,
            "gross_profit": 92900,
            "gross_margin": 8.66,
            "gross_margin_4q_avg": 12.54,
            "net_income": -46066,
            "revenue": 1072779,
            "common_shares": 1332700,
            "book_valuer_per_share": 16.81,
            "book_valuer_per_share_4q_avg": 16.72,
            "equity": 2241003,
            "current_ratio": 158.24,
            "debt_ratio": 56.67,
            "inventory_turnover_ratio": 1.1,
            "account_receivable_turnover_ratio": null,
            "reinvestment_rate": null,
            "research_to_sale_ratio": null,
            "price_fair": 36.71,
            "eps_avg_yearly": 1.05,
            "eps_latest_yearly": 1.84,
            "eps_growth_yearly": 327.17
        },
        "20081": {
            "year_quarter": 20081,
            "year": 2008,
            "quarter": 1,
            "eps": -0.62,
            "eps_growth_year": -313.79,
            "eps_4q": -0.11,
            "eps_4q_growth_year": -111.42,
            "roe": -3.71,
            "roe_4q": -0.7000000000000002,
            "gross_profit": 89836,
            "gross_margin": 11.49,
            "gross_margin_4q_avg": 12.09,
            "net_income": -80576,
            "revenue": 782089,
            "common_shares": 1329800,
            "book_valuer_per_share": 15.8,
            "book_valuer_per_share_4q_avg": 16.55,
            "equity": 2102635,
            "current_ratio": 145.09,
            "debt_ratio": 57.86,
            "inventory_turnover_ratio": 0.74,
            "account_receivable_turnover_ratio": null,
            "reinvestment_rate": null,
            "research_to_sale_ratio": null,
            "price_fair": 38.68,
            "eps_avg_yearly": 1.11,
            "eps_latest_yearly": 1.84,
            "eps_growth_yearly": 293.06
        },
        "20082": {
            "year_quarter": 20082,
            "year": 2008,
            "quarter": 2,
            "eps": -0.44,
            "eps_growth_year": -207.32,
            "eps_4q": -0.95,
            "eps_4q_growth_year": -183.49,
            "roe": -2.85,
            "roe_4q": -5.950000000000001,
            "gross_profit": 61241,
            "gross_margin": 7.38,
            "gross_margin_4q_avg": 9.83,
            "net_income": -58618,
            "revenue": 830044,
            "common_shares": 1329800,
            "book_valuer_per_share": 15.09,
            "book_valuer_per_share_4q_avg": 16.18,
            "equity": 2008231,
            "current_ratio": 131.92,
            "debt_ratio": 59.18,
            "inventory_turnover_ratio": 0.77,
            "account_receivable_turnover_ratio": null,
            "reinvestment_rate": null,
            "research_to_sale_ratio": null,
            "price_fair": 39.4,
            "eps_avg_yearly": 1.13,
            "eps_latest_yearly": 1.84,
            "eps_growth_yearly": 300.65
        },
        "20083": {
            "year_quarter": 20083,
            "year": 2008,
            "quarter": 3,
            "eps": 0.44,
            "eps_growth_year": -4.35,
            "eps_4q": -0.95,
            "eps_4q_growth_year": -162.88,
            "roe": 2.86,
            "roe_4q": -5.74,
            "gross_profit": 191685,
            "gross_margin": 19.28,
            "gross_margin_4q_avg": 11.7,
            "net_income": 58533,
            "revenue": 994299,
            "common_shares": 1364542,
            "book_valuer_per_share": 15.24,
            "book_valuer_per_share_4q_avg": 15.74,
            "equity": 2081246,
            "current_ratio": 143.13,
            "debt_ratio": 57.69,
            "inventory_turnover_ratio": 0.77,
            "account_receivable_turnover_ratio": null,
            "reinvestment_rate": null,
            "research_to_sale_ratio": null,
            "price_fair": 43.17,
            "eps_avg_yearly": 1.23,
            "eps_latest_yearly": 1.84,
            "eps_growth_yearly": 384.09
        },
        "20084": {
            "year_quarter": 20084,
            "year": 2008,
            "quarter": 4,
            "eps": 0.22,
            "eps_growth_year": null,
            "eps_4q": -0.4,
            "eps_4q_growth_year": -150.62,
            "roe": 1.36,
            "roe_4q": -2.3400000000000003,
            "gross_profit": 161886,
            "gross_margin": 15.46,
            "gross_margin_4q_avg": 13.4,
            "net_income": 28500,
            "revenue": 1047069,
            "common_shares": 1322522,
            "book_valuer_per_share": 16.01,
            "book_valuer_per_share_4q_avg": 15.54,
            "equity": 2119066,
            "current_ratio": 143.32,
            "debt_ratio": 55.88,
            "inventory_turnover_ratio": 0.9,
            "account_receivable_turnover_ratio": 2.62,
            "reinvestment_rate": null,
            "research_to_sale_ratio": null,
            "price_fair": 41.4,
            "eps_avg_yearly": 1.18,
            "eps_latest_yearly": 0.88,
            "eps_growth_yearly": 300.65
        },
        "20091": {
            "year_quarter": 20091,
            "year": 2009,
            "quarter": 1,
            "eps": 0.11,
            "eps_growth_year": null,
            "eps_4q": 0.34,
            "eps_4q_growth_year": null,
            "roe": 0.64,
            "roe_4q": 2.0099999999999993,
            "gross_profit": 127136,
            "gross_margin": 17.37,
            "gross_margin_4q_avg": 14.87,
            "net_income": 13764,
            "revenue": 731742,
            "common_shares": 1322522,
            "book_valuer_per_share": 16.3,
            "book_valuer_per_share_4q_avg": 15.66,
            "equity": 2157506,
            "current_ratio": 144.81,
            "debt_ratio": 53.38,
            "inventory_turnover_ratio": 0.7,
            "account_receivable_turnover_ratio": 1.08,
            "reinvestment_rate": null,
            "research_to_sale_ratio": null,
            "price_fair": 38.15,
            "eps_avg_yearly": 1.09,
            "eps_latest_yearly": 0.44,
            "eps_growth_yearly": 238.06
        },
        "20092": {
            "year_quarter": 20092,
            "year": 2009,
            "quarter": 2,
            "eps": -0.59,
            "eps_growth_year": null,
            "eps_4q": 0.18,
            "eps_4q_growth_year": null,
            "roe": -3.63,
            "roe_4q": 1.2300000000000002,
            "gross_profit": 118410,
            "gross_margin": 14.09,
            "gross_margin_4q_avg": 16.55,
            "net_income": -76520,
            "revenue": 840145,
            "common_shares": 1322522,
            "book_valuer_per_share": 15.54,
            "book_valuer_per_share_4q_avg": 15.77,
            "equity": 2056650,
            "current_ratio": 144.07,
            "debt_ratio": 53.69,
            "inventory_turnover_ratio": 0.91,
            "account_receivable_turnover_ratio": 1.47,
            "reinvestment_rate": null,
            "research_to_sale_ratio": null,
            "price_fair": 38.15,
            "eps_avg_yearly": 1.09,
            "eps_latest_yearly": 0.44,
            "eps_growth_yearly": 238.06
        },
        "20093": {
            "year_quarter": 20093,
            "year": 2009,
            "quarter": 3,
            "eps": -0.26,
            "eps_growth_year": -159.09,
            "eps_4q": -0.51,
            "eps_4q_growth_year": null,
            "roe": -1.63,
            "roe_4q": -3.26,
            "gross_profit": 124608,
            "gross_margin": 15.48,
            "gross_margin_4q_avg": 15.6,
            "net_income": -33154,
            "revenue": 805221,
            "common_shares": 1322522,
            "book_valuer_per_share": 15.21,
            "book_valuer_per_share_4q_avg": 15.77,
            "equity": 2012332,
            "current_ratio": 137.04,
            "debt_ratio": 52.81,
            "inventory_turnover_ratio": 0.95,
            "account_receivable_turnover_ratio": 1.34,
            "reinvestment_rate": null,
            "research_to_sale_ratio": null,
            "price_fair": 38.15,
            "eps_avg_yearly": 1.09,
            "eps_latest_yearly": 0.44,
            "eps_growth_yearly": 238.06
        },
        "20094": {
            "year_quarter": 20094,
            "year": 2009,
            "quarter": 4,
            "eps": 0.1,
            "eps_growth_year": -54.55,
            "eps_4q": -0.65,
            "eps_4q_growth_year": null,
            "roe": 0.61,
            "roe_4q": -4.010000000000001,
            "gross_profit": 172743,
            "gross_margin": 18.81,
            "gross_margin_4q_avg": 16.44,
            "net_income": 12338,
            "revenue": 918232,
            "common_shares": 1322522,
            "book_valuer_per_share": 15.64,
            "book_valuer_per_share_4q_avg": 15.67,
            "equity": 2022707,
            "current_ratio": 136.27,
            "debt_ratio": 52.24,
            "inventory_turnover_ratio": 1.11,
            "account_receivable_turnover_ratio": 2.77,
            "reinvestment_rate": 317.06,
            "research_to_sale_ratio": null,
            "price_fair": 38.15,
            "eps_avg_yearly": 1.09,
            "eps_latest_yearly": 0.44,
            "eps_growth_yearly": 238.06
        },
        "20101": {
            "year_quarter": 20101,
            "year": 2010,
            "quarter": 1,
            "eps": 0.2,
            "eps_growth_year": 81.82,
            "eps_4q": -0.55,
            "eps_4q_growth_year": -263.24,
            "roe": 1.29,
            "roe_4q": -3.36,
            "gross_profit": 167253,
            "gross_margin": 20.42,
            "gross_margin_4q_avg": 17.2,
            "net_income": 26200,
            "revenue": 819265,
            "common_shares": 1322522,
            "book_valuer_per_share": 15.88,
            "book_valuer_per_share_4q_avg": 15.57,
            "equity": 2053851,
            "current_ratio": 130.88,
            "debt_ratio": 51.4,
            "inventory_turnover_ratio": 0.93,
            "account_receivable_turnover_ratio": 1.3,
            "reinvestment_rate": 1074.53,
            "research_to_sale_ratio": 5.47,
            "price_fair": 37.02,
            "eps_avg_yearly": 1.06,
            "eps_latest_yearly": 0.8,
            "eps_growth_yearly": 256.06
        },
        "20102": {
            "year_quarter": 20102,
            "year": 2010,
            "quarter": 2,
            "eps": 0.39,
            "eps_growth_year": null,
            "eps_4q": 0.43,
            "eps_4q_growth_year": 136.04,
            "roe": 2.24,
            "roe_4q": 2.5100000000000007,
            "gross_profit": 206129,
            "gross_margin": 20.9,
            "gross_margin_4q_avg": 18.9,
            "net_income": 50619,
            "revenue": 986178,
            "common_shares": 1322522,
            "book_valuer_per_share": 19,
            "book_valuer_per_share_4q_avg": 16.43,
            "equity": 2456802,
            "current_ratio": 139.95,
            "debt_ratio": 49.37,
            "inventory_turnover_ratio": 1.01,
            "account_receivable_turnover_ratio": 1.37,
            "reinvestment_rate": 1323.59,
            "research_to_sale_ratio": 4.65,
            "price_fair": 39.04,
            "eps_avg_yearly": 1.12,
            "eps_latest_yearly": 1.56,
            "eps_growth_yearly": 177.64
        },
        "20103": {
            "year_quarter": 20103,
            "year": 2010,
            "quarter": 3,
            "eps": 0.45,
            "eps_growth_year": null,
            "eps_4q": 1.14,
            "eps_4q_growth_year": null,
            "roe": 2.37,
            "roe_4q": 6.510000000000001,
            "gross_profit": 184118,
            "gross_margin": 20.12,
            "gross_margin_4q_avg": 20.06,
            "net_income": 58140,
            "revenue": 915256,
            "common_shares": 1322522,
            "book_valuer_per_share": 18.91,
            "book_valuer_per_share_4q_avg": 17.36,
            "equity": 2445752,
            "current_ratio": 143.05,
            "debt_ratio": 48.49,
            "inventory_turnover_ratio": 0.86,
            "account_receivable_turnover_ratio": 1.14,
            "reinvestment_rate": 832.74,
            "research_to_sale_ratio": 5.11,
            "price_fair": 44.8,
            "eps_avg_yearly": 1.28,
            "eps_latest_yearly": 1.8,
            "eps_growth_yearly": 215.25
        },
        "20104": {
            "year_quarter": 20104,
            "year": 2010,
            "quarter": 4,
            "eps": 0.1,
            "eps_growth_year": 4.25,
            "eps_4q": 1.15,
            "eps_4q_growth_year": null,
            "roe": 0.56,
            "roe_4q": 6.46,
            "gross_profit": 156247,
            "gross_margin": 15.76,
            "gross_margin_4q_avg": 19.3,
            "net_income": 13469,
            "revenue": 991706,
            "common_shares": 1322522,
            "book_valuer_per_share": 18.55,
            "book_valuer_per_share_4q_avg": 18.09,
            "equity": 2399181,
            "current_ratio": 137.57,
            "debt_ratio": 48.05,
            "inventory_turnover_ratio": 0.97,
            "account_receivable_turnover_ratio": 1.25,
            "reinvestment_rate": 403.67,
            "research_to_sale_ratio": 4.94,
            "price_fair": 40.91,
            "eps_avg_yearly": 1.17,
            "eps_latest_yearly": 0.4,
            "eps_growth_yearly": 30.68
        },
        "20111": {
            "year_quarter": 20111,
            "year": 2011,
            "quarter": 1,
            "eps": 0.12,
            "eps_growth_year": -40,
            "eps_4q": 1.06,
            "eps_4q_growth_year": null,
            "roe": 0.6,
            "roe_4q": 5.7700000000000005,
            "gross_profit": 127212,
            "gross_margin": 16.51,
            "gross_margin_4q_avg": 18.32,
            "net_income": 14416,
            "revenue": 770384,
            "common_shares": 1292522,
            "book_valuer_per_share": 18.54,
            "book_valuer_per_share_4q_avg": 18.75,
            "equity": 2396126,
            "current_ratio": 131.33,
            "debt_ratio": 46.74,
            "inventory_turnover_ratio": 0.8,
            "account_receivable_turnover_ratio": 0.98,
            "reinvestment_rate": 1272.62,
            "research_to_sale_ratio": 6.23,
            "price_fair": 38.27,
            "eps_avg_yearly": 1.09,
            "eps_latest_yearly": 0.48,
            "eps_growth_yearly": 47.19
        },
        "20112": {
            "year_quarter": 20112,
            "year": 2011,
            "quarter": 2,
            "eps": -0.45,
            "eps_growth_year": -213.86,
            "eps_4q": 0.22,
            "eps_4q_growth_year": -48.32,
            "roe": -2.48,
            "roe_4q": 1.0500000000000003,
            "gross_profit": 84857,
            "gross_margin": 11.24,
            "gross_margin_4q_avg": 15.91,
            "net_income": -57634,
            "revenue": 754930,
            "common_shares": 1292522,
            "book_valuer_per_share": 17.39,
            "book_valuer_per_share_4q_avg": 18.35,
            "equity": 2248635,
            "current_ratio": 111.49,
            "debt_ratio": 49.58,
            "inventory_turnover_ratio": 0.87,
            "account_receivable_turnover_ratio": 0.98,
            "reinvestment_rate": null,
            "research_to_sale_ratio": 6.56,
            "price_fair": 35.88,
            "eps_avg_yearly": 1.03,
            "eps_latest_yearly": 0.48,
            "eps_growth_yearly": 32.4
        },
        "20113": {
            "year_quarter": 20113,
            "year": 2011,
            "quarter": 3,
            "eps": -0.22,
            "eps_growth_year": -149.97,
            "eps_4q": -0.45,
            "eps_4q_growth_year": -139.84,
            "roe": -1.3,
            "roe_4q": -2.62,
            "gross_profit": 83548,
            "gross_margin": 12.12,
            "gross_margin_4q_avg": 13.91,
            "net_income": -28631,
            "revenue": 689148,
            "common_shares": 1292522,
            "book_valuer_per_share": 16.8,
            "book_valuer_per_share_4q_avg": 17.82,
            "equity": 2139602,
            "current_ratio": 161.28,
            "debt_ratio": 52.04,
            "inventory_turnover_ratio": 0.8,
            "account_receivable_turnover_ratio": 0.92,
            "reinvestment_rate": null,
            "research_to_sale_ratio": 7.16,
            "price_fair": 31.8,
            "eps_avg_yearly": 0.91,
            "eps_latest_yearly": 0.48,
            "eps_growth_yearly": 30.06
        },
        "20114": {
            "year_quarter": 20114,
            "year": 2011,
            "quarter": 4,
            "eps": -0.27,
            "eps_growth_year": -355.35,
            "eps_4q": -0.83,
            "eps_4q_growth_year": -171.92,
            "roe": -1.61,
            "roe_4q": -4.790000000000001,
            "gross_profit": 161752,
            "gross_margin": 19.34,
            "gross_margin_4q_avg": 14.8,
            "net_income": -33965,
            "revenue": 836269,
            "common_shares": 1292522,
            "book_valuer_per_share": 16.23,
            "book_valuer_per_share_4q_avg": 17.24,
            "equity": 2066845,
            "current_ratio": 148.67,
            "debt_ratio": 54.12,
            "inventory_turnover_ratio": 0.92,
            "account_receivable_turnover_ratio": 1.13,
            "reinvestment_rate": null,
            "research_to_sale_ratio": 6.08,
            "price_fair": 31.8,
            "eps_avg_yearly": 0.91,
            "eps_latest_yearly": 0.48,
            "eps_growth_yearly": 30.06
        },
        "20121": {
            "year_quarter": 20121,
            "year": 2012,
            "quarter": 1,
            "eps": -1.19,
            "eps_growth_year": -1091.67,
            "eps_4q": -2.14,
            "eps_4q_growth_year": -301.35,
            "roe": -7.58,
            "roe_4q": -12.97,
            "gross_profit": 70376,
            "gross_margin": 9.87,
            "gross_margin_4q_avg": 13.14,
            "net_income": -152171,
            "revenue": 713028,
            "common_shares": 1273592,
            "book_valuer_per_share": 15.29,
            "book_valuer_per_share_4q_avg": 16.43,
            "equity": 1947864,
            "current_ratio": 132.48,
            "debt_ratio": 55.36,
            "inventory_turnover_ratio": 0.91,
            "account_receivable_turnover_ratio": 0.98,
            "reinvestment_rate": null,
            "research_to_sale_ratio": 6.68,
            "price_fair": 31.8,
            "eps_avg_yearly": 0.91,
            "eps_latest_yearly": 0.48,
            "eps_growth_yearly": 30.06
        },
        "20122": {
            "year_quarter": 20122,
            "year": 2012,
            "quarter": 2,
            "eps": -0.85,
            "eps_growth_year": null,
            "eps_4q": -2.54,
            "eps_4q_growth_year": -1232.33,
            "roe": -5.8,
            "roe_4q": -16.29,
            "gross_profit": 105587,
            "gross_margin": 12.91,
            "gross_margin_4q_avg": 13.56,
            "net_income": -109594,
            "revenue": 817614,
            "common_shares": 1273592,
            "book_valuer_per_share": 14.37,
            "book_valuer_per_share_4q_avg": 15.67,
            "equity": 1832787,
            "current_ratio": 130.54,
            "debt_ratio": 57.97,
            "inventory_turnover_ratio": 1.07,
            "account_receivable_turnover_ratio": 1.13,
            "reinvestment_rate": null,
            "research_to_sale_ratio": 5.79,
            "price_fair": 31.8,
            "eps_avg_yearly": 0.91,
            "eps_latest_yearly": 0.48,
            "eps_growth_yearly": 30.06
        },
        "20123": {
            "year_quarter": 20123,
            "year": 2012,
            "quarter": 3,
            "eps": -0.45,
            "eps_growth_year": null,
            "eps_4q": -2.76,
            "eps_4q_growth_year": null,
            "roe": -3.22,
            "roe_4q": -18.21,
            "gross_profit": 134121,
            "gross_margin": 14.74,
            "gross_margin_4q_avg": 14.22,
            "net_income": -57634,
            "revenue": 909938,
            "common_shares": 1273592,
            "book_valuer_per_share": 13.67,
            "book_valuer_per_share_4q_avg": 14.89,
            "equity": 1742877,
            "current_ratio": 134.04,
            "debt_ratio": 61.2,
            "inventory_turnover_ratio": 1.09,
            "account_receivable_turnover_ratio": 1.2,
            "reinvestment_rate": null,
            "research_to_sale_ratio": 5.24,
            "price_fair": 31.8,
            "eps_avg_yearly": 0.91,
            "eps_latest_yearly": 0.48,
            "eps_growth_yearly": 30.06
        },
        "20124": {
            "year_quarter": 20124,
            "year": 2012,
            "quarter": 4,
            "eps": 0.21,
            "eps_growth_year": null,
            "eps_4q": -2.29,
            "eps_4q_growth_year": null,
            "roe": 1.4,
            "roe_4q": -15.2,
            "gross_profit": 151949,
            "gross_margin": 14.26,
            "gross_margin_4q_avg": 12.95,
            "net_income": 24437,
            "revenue": 1065868,
            "common_shares": 1273592,
            "book_valuer_per_share": 13.71,
            "book_valuer_per_share_4q_avg": 14.26,
            "equity": 1748186,
            "current_ratio": 139.77,
            "debt_ratio": 62.04,
            "inventory_turnover_ratio": 1.18,
            "account_receivable_turnover_ratio": 1.29,
            "reinvestment_rate": null,
            "research_to_sale_ratio": 3.97,
            "price_fair": 31.97,
            "eps_avg_yearly": 0.91,
            "eps_latest_yearly": 0.48,
            "eps_growth_yearly": 68.4
        },
        "20131": {
            "year_quarter": 20131,
            "year": 2013,
            "quarter": 1,
            "eps": -0.17,
            "eps_growth_year": null,
            "eps_4q": -1.26,
            "eps_4q_growth_year": null,
            "roe": -1.26,
            "roe_4q": -8.879999999999999,
            "gross_profit": 109836,
            "gross_margin": 10.7,
            "gross_margin_4q_avg": 13.15,
            "net_income": -21991,
            "revenue": 1026162,
            "common_shares": 1273592,
            "book_valuer_per_share": 13.64,
            "book_valuer_per_share_4q_avg": 13.85,
            "equity": 1737752,
            "current_ratio": 123.79,
            "debt_ratio": 62.8,
            "inventory_turnover_ratio": 1.21,
            "account_receivable_turnover_ratio": 1.17,
            "reinvestment_rate": null,
            "research_to_sale_ratio": 4.31,
            "price_fair": 35.28,
            "eps_avg_yearly": 1.01,
            "eps_latest_yearly": 0.48,
            "eps_growth_yearly": 122.09
        },
        "20132": {
            "year_quarter": 20132,
            "year": 2013,
            "quarter": 2,
            "eps": 0.19,
            "eps_growth_year": null,
            "eps_4q": -0.22,
            "eps_4q_growth_year": null,
            "roe": 1.33,
            "roe_4q": -1.7500000000000002,
            "gross_profit": 140306,
            "gross_margin": 13.72,
            "gross_margin_4q_avg": 13.36,
            "net_income": 23438,
            "revenue": 1022753,
            "common_shares": 1273592,
            "book_valuer_per_share": 13.95,
            "book_valuer_per_share_4q_avg": 13.74,
            "equity": 1778774,
            "current_ratio": 121.65,
            "debt_ratio": 62.63,
            "inventory_turnover_ratio": 1.16,
            "account_receivable_turnover_ratio": 1.16,
            "reinvestment_rate": null,
            "research_to_sale_ratio": 4.36,
            "price_fair": 35.28,
            "eps_avg_yearly": 1.01,
            "eps_latest_yearly": 0.48,
            "eps_growth_yearly": 122.09
        },
        "20133": {
            "year_quarter": 20133,
            "year": 2013,
            "quarter": 3,
            "eps": -0.09,
            "eps_growth_year": null,
            "eps_4q": 0.13,
            "eps_4q_growth_year": null,
            "roe": -0.7,
            "roe_4q": 0.77,
            "gross_profit": 143699,
            "gross_margin": 14.4,
            "gross_margin_4q_avg": 13.27,
            "net_income": -12506,
            "revenue": 997983,
            "common_shares": 1273592,
            "book_valuer_per_share": 13.97,
            "book_valuer_per_share_4q_avg": 13.82,
            "equity": 1779746,
            "current_ratio": 118.39,
            "debt_ratio": 63.02,
            "inventory_turnover_ratio": 1.05,
            "account_receivable_turnover_ratio": 1.11,
            "reinvestment_rate": null,
            "research_to_sale_ratio": 4.47,
            "price_fair": 35.28,
            "eps_avg_yearly": 1.01,
            "eps_latest_yearly": 0.48,
            "eps_growth_yearly": 122.09
        },
        "20134": {
            "year_quarter": 20134,
            "year": 2013,
            "quarter": 4,
            "eps": 0.08,
            "eps_growth_year": -62.82,
            "eps_4q": 0,
            "eps_4q_growth_year": null,
            "roe": 0.56,
            "roe_4q": -0.06999999999999984,
            "gross_profit": 182162,
            "gross_margin": 15.96,
            "gross_margin_4q_avg": 13.7,
            "net_income": 9990,
            "revenue": 1141237,
            "common_shares": 1273592,
            "book_valuer_per_share": 14.12,
            "book_valuer_per_share_4q_avg": 13.92,
            "equity": 1800196,
            "current_ratio": 123.89,
            "debt_ratio": 62.96,
            "inventory_turnover_ratio": 1.15,
            "account_receivable_turnover_ratio": 1.2,
            "reinvestment_rate": null,
            "research_to_sale_ratio": 3.75,
            "price_fair": 35.28,
            "eps_avg_yearly": 1.01,
            "eps_latest_yearly": 0.48,
            "eps_growth_yearly": 122.09
        },
        "20141": {
            "year_quarter": 20141,
            "year": 2014,
            "quarter": 1,
            "eps": 0.01,
            "eps_growth_year": null,
            "eps_4q": 0.18,
            "eps_4q_growth_year": null,
            "roe": 0.06,
            "roe_4q": 1.2500000000000002,
            "gross_profit": 156237,
            "gross_margin": 14.98,
            "gross_margin_4q_avg": 14.77,
            "net_income": 1107,
            "revenue": 1042909,
            "common_shares": 1273592,
            "book_valuer_per_share": 15.13,
            "book_valuer_per_share_4q_avg": 14.29,
            "equity": 1927457,
            "current_ratio": 126.2,
            "debt_ratio": 61.26,
            "inventory_turnover_ratio": 1.12,
            "account_receivable_turnover_ratio": 1.07,
            "reinvestment_rate": null,
            "research_to_sale_ratio": 4.14,
            "price_fair": 2.57,
            "eps_avg_yearly": 0.86,
            "eps_latest_yearly": 0.04,
            "eps_growth_yearly": -27.91
        },
        "20142": {
            "year_quarter": 20142,
            "year": 2014,
            "quarter": 2,
            "eps": -0.37,
            "eps_growth_year": -294.74,
            "eps_4q": -0.38,
            "eps_4q_growth_year": null,
            "roe": -2.52,
            "roe_4q": -2.5999999999999996,
            "gross_profit": 208559,
            "gross_margin": 18.15,
            "gross_margin_4q_avg": 15.87,
            "net_income": -47339,
            "revenue": 1148780,
            "common_shares": 1273592,
            "book_valuer_per_share": 14.35,
            "book_valuer_per_share_4q_avg": 14.39,
            "equity": 1828391,
            "current_ratio": 121.37,
            "debt_ratio": 63.57,
            "inventory_turnover_ratio": 1.27,
            "account_receivable_turnover_ratio": 1.14,
            "reinvestment_rate": null,
            "research_to_sale_ratio": 4.27,
            "price_fair": 2.04,
            "eps_avg_yearly": 0.68,
            "eps_latest_yearly": 0.04,
            "eps_growth_yearly": -129.89
        },
        "20143": {
            "year_quarter": 20143,
            "year": 2014,
            "quarter": 3,
            "eps": 0.51,
            "eps_growth_year": null,
            "eps_4q": 0.22,
            "eps_4q_growth_year": 70.95,
            "roe": 3.45,
            "roe_4q": 1.5500000000000003,
            "gross_profit": 215384,
            "gross_margin": 20,
            "gross_margin_4q_avg": 17.27,
            "net_income": 64656,
            "revenue": 1077148,
            "common_shares": 1273592,
            "book_valuer_per_share": 15.09,
            "book_valuer_per_share_4q_avg": 14.67,
            "equity": 1922273,
            "current_ratio": 127.45,
            "debt_ratio": 60.89,
            "inventory_turnover_ratio": 1.18,
            "account_receivable_turnover_ratio": 1.07,
            "reinvestment_rate": null,
            "research_to_sale_ratio": 5.09,
            "price_fair": 0.92,
            "eps_avg_yearly": 0.31,
            "eps_latest_yearly": 0.04,
            "eps_growth_yearly": -193.7
        },
        "20144": {
            "year_quarter": 20144,
            "year": 2014,
            "quarter": 4,
            "eps": 0.27,
            "eps_growth_year": 256.45,
            "eps_4q": 0.42,
            "eps_4q_growth_year": 23129.35,
            "roe": 1.77,
            "roe_4q": 2.7600000000000007,
            "gross_profit": 204157,
            "gross_margin": 19.33,
            "gross_margin_4q_avg": 18.12,
            "net_income": 34416,
            "revenue": 1056012,
            "common_shares": 1273592,
            "book_valuer_per_share": 15.41,
            "book_valuer_per_share_4q_avg": 15,
            "equity": 1963144,
            "current_ratio": 134.79,
            "debt_ratio": 59.45,
            "inventory_turnover_ratio": 1.12,
            "account_receivable_turnover_ratio": 1.13,
            "reinvestment_rate": null,
            "research_to_sale_ratio": 5.69,
            "price_fair": 1.6,
            "eps_avg_yearly": 0.53,
            "eps_latest_yearly": 1.08,
            "eps_growth_yearly": -152.75
        },
        "20151": {
            "year_quarter": 20151,
            "year": 2015,
            "quarter": 1,
            "eps": 0.25,
            "eps_growth_year": 2400,
            "eps_4q": 0.66,
            "eps_4q_growth_year": 266.33,
            "roe": 1.62,
            "roe_4q": 4.32,
            "gross_profit": 204359,
            "gross_margin": 20,
            "gross_margin_4q_avg": 19.37,
            "net_income": 31977,
            "revenue": 1021709,
            "common_shares": 1273592,
            "book_valuer_per_share": 15.57,
            "book_valuer_per_share_4q_avg": 15.11,
            "equity": 1984061,
            "current_ratio": 142.18,
            "debt_ratio": 57.36,
            "inventory_turnover_ratio": 1.02,
            "account_receivable_turnover_ratio": 1.18,
            "reinvestment_rate": null,
            "research_to_sale_ratio": 4.93,
            "price_fair": 2.12,
            "eps_avg_yearly": 0.71,
            "eps_latest_yearly": 1,
            "eps_growth_yearly": -189.29
        },
        "20152": {
            "year_quarter": 20152,
            "year": 2015,
            "quarter": 2,
            "eps": 0.16,
            "eps_growth_year": null,
            "eps_4q": 1.19,
            "eps_4q_growth_year": null,
            "roe": 0.99,
            "roe_4q": 7.830000000000001,
            "gross_profit": 195320,
            "gross_margin": 17.78,
            "gross_margin_4q_avg": 19.28,
            "net_income": 19659,
            "revenue": 1098660,
            "common_shares": 1273592,
            "book_valuer_per_share": 15.56,
            "book_valuer_per_share_4q_avg": 15.41,
            "equity": 1983126,
            "current_ratio": 158.97,
            "debt_ratio": 57.03,
            "inventory_turnover_ratio": 1.08,
            "account_receivable_turnover_ratio": 1.36,
            "reinvestment_rate": null,
            "research_to_sale_ratio": 4.69,
            "price_fair": 2.07,
            "eps_avg_yearly": 0.69,
            "eps_latest_yearly": 0.64,
            "eps_growth_yearly": -177.97
        },
        "20153": {
            "year_quarter": 20153,
            "year": 2015,
            "quarter": 3,
            "eps": 0.71,
            "eps_growth_year": 39.22,
            "eps_4q": 1.39,
            "eps_4q_growth_year": 519.79,
            "roe": 4.5,
            "roe_4q": 8.88,
            "gross_profit": 213323,
            "gross_margin": 18.41,
            "gross_margin_4q_avg": 18.88,
            "net_income": 90080,
            "revenue": 1158668,
            "common_shares": 1273592,
            "book_valuer_per_share": 15.89,
            "book_valuer_per_share_4q_avg": 15.61,
            "equity": 2024208,
            "current_ratio": 166.98,
            "debt_ratio": 56.27,
            "inventory_turnover_ratio": 1.16,
            "account_receivable_turnover_ratio": 1.39,
            "reinvestment_rate": null,
            "research_to_sale_ratio": 4.61,
            "price_fair": 39.2,
            "eps_avg_yearly": 1.12,
            "eps_latest_yearly": 2.84,
            "eps_growth_yearly": 132.63
        },
        "20154": {
            "year_quarter": 20154,
            "year": 2015,
            "quarter": 4,
            "eps": 0.2,
            "eps_growth_year": -25.47,
            "eps_4q": 1.32,
            "eps_4q_growth_year": 213.9,
            "roe": 1.27,
            "roe_4q": 8.379999999999999,
            "gross_profit": 207962,
            "gross_margin": 18.42,
            "gross_margin_4q_avg": 18.65,
            "net_income": 25691,
            "revenue": 1128919,
            "common_shares": 1273592,
            "book_valuer_per_share": 15.98,
            "book_valuer_per_share_4q_avg": 15.75,
            "equity": 2036118,
            "current_ratio": 167.51,
            "debt_ratio": 56.09,
            "inventory_turnover_ratio": 1.17,
            "account_receivable_turnover_ratio": 1.27,
            "reinvestment_rate": null,
            "research_to_sale_ratio": 5.24,
            "price_fair": 37.33,
            "eps_avg_yearly": 1.07,
            "eps_latest_yearly": 0.8,
            "eps_growth_yearly": 62.64
        },
        "20161": {
            "year_quarter": 20161,
            "year": 2016,
            "quarter": 1,
            "eps": 0.13,
            "eps_growth_year": -48,
            "eps_4q": 1.19,
            "eps_4q_growth_year": 80.81,
            "roe": 0.78,
            "roe_4q": 7.54,
            "gross_profit": 191362,
            "gross_margin": 17.67,
            "gross_margin_4q_avg": 18.07,
            "net_income": 15937,
            "revenue": 1082869,
            "common_shares": 1273592,
            "book_valuer_per_share": 16.23,
            "book_valuer_per_share_4q_avg": 15.92,
            "equity": 2068107,
            "current_ratio": 161.87,
            "debt_ratio": 55.57,
            "inventory_turnover_ratio": 1.14,
            "account_receivable_turnover_ratio": 1.27,
            "reinvestment_rate": -113.62,
            "research_to_sale_ratio": 5.39,
            "price_fair": 34.6,
            "eps_avg_yearly": 0.99,
            "eps_latest_yearly": 0.52,
            "eps_growth_yearly": 33.69
        },
        "20162": {
            "year_quarter": 20162,
            "year": 2016,
            "quarter": 2,
            "eps": 0.25,
            "eps_growth_year": 56.25,
            "eps_4q": 1.28,
            "eps_4q_growth_year": 8.11,
            "roe": 1.56,
            "roe_4q": 8.11,
            "gross_profit": 172454,
            "gross_margin": 16.82,
            "gross_margin_4q_avg": 17.83,
            "net_income": 31513,
            "revenue": 1025298,
            "common_shares": 1273592,
            "book_valuer_per_share": 15.57,
            "book_valuer_per_share_4q_avg": 15.92,
            "equity": 1984207,
            "current_ratio": 161.28,
            "debt_ratio": 56.09,
            "inventory_turnover_ratio": 1.11,
            "account_receivable_turnover_ratio": 1.21,
            "reinvestment_rate": -107.35,
            "research_to_sale_ratio": 5.82,
            "price_fair": 34.65,
            "eps_avg_yearly": 0.99,
            "eps_latest_yearly": 1,
            "eps_growth_yearly": 75.63
        },
        "20163": {
            "year_quarter": 20163,
            "year": 2016,
            "quarter": 3,
            "eps": 0.07,
            "eps_growth_year": -90.14,
            "eps_4q": 0.64,
            "eps_4q_growth_year": -53.54,
            "roe": 0.43,
            "roe_4q": 4.04,
            "gross_profit": 155293,
            "gross_margin": 15.54,
            "gross_margin_4q_avg": 17.11,
            "net_income": 8612,
            "revenue": 999024,
            "common_shares": 1273592,
            "book_valuer_per_share": 15.7,
            "book_valuer_per_share_4q_avg": 15.87,
            "equity": 2000046,
            "current_ratio": 145.94,
            "debt_ratio": 53.99,
            "inventory_turnover_ratio": 1.18,
            "account_receivable_turnover_ratio": 1.19,
            "reinvestment_rate": -79.83,
            "research_to_sale_ratio": 4.52,
            "price_fair": 31.89,
            "eps_avg_yearly": 0.91,
            "eps_latest_yearly": 0.28,
            "eps_growth_yearly": 35.23
        },
        "20164": {
            "year_quarter": 20164,
            "year": 2016,
            "quarter": 4,
            "eps": -0.27,
            "eps_growth_year": -234.89,
            "eps_4q": 0.17,
            "eps_4q_growth_year": -87.29,
            "roe": -1.78,
            "roe_4q": 0.99,
            "gross_profit": 137296,
            "gross_margin": 14.54,
            "gross_margin_4q_avg": 16.14,
            "net_income": -35028,
            "revenue": 944592,
            "common_shares": 1273592,
            "book_valuer_per_share": 15.21,
            "book_valuer_per_share_4q_avg": 15.68,
            "equity": 1937564,
            "current_ratio": 144.62,
            "debt_ratio": 54.02,
            "inventory_turnover_ratio": 1.11,
            "account_receivable_turnover_ratio": 1.22,
            "reinvestment_rate": -133.96,
            "research_to_sale_ratio": 5.94,
            "price_fair": 31.89,
            "eps_avg_yearly": 0.91,
            "eps_latest_yearly": 0.28,
            "eps_growth_yearly": 35.23
        },
        "20171": {
            "year_quarter": 20171,
            "year": 2017,
            "quarter": 1,
            "eps": -0.65,
            "eps_growth_year": -600,
            "eps_4q": -0.61,
            "eps_4q_growth_year": -150.92,
            "roe": -4.36,
            "roe_4q": -4.15,
            "gross_profit": 143896,
            "gross_margin": 16.09,
            "gross_margin_4q_avg": 15.75,
            "net_income": -82659,
            "revenue": 894425,
            "common_shares": 1273592,
            "book_valuer_per_share": 14.55,
            "book_valuer_per_share_4q_avg": 15.26,
            "equity": 1853825,
            "current_ratio": 147.77,
            "debt_ratio": 55.43,
            "inventory_turnover_ratio": 0.99,
            "account_receivable_turnover_ratio": 1.29,
            "reinvestment_rate": -303.21,
            "research_to_sale_ratio": 5.51,
            "price_fair": 31.89,
            "eps_avg_yearly": 0.91,
            "eps_latest_yearly": 0.28,
            "eps_growth_yearly": 35.23
        },
        "20172": {
            "year_quarter": 20172,
            "year": 2017,
            "quarter": 2,
            "eps": 0.23,
            "eps_growth_year": -8,
            "eps_4q": -0.62,
            "eps_4q_growth_year": -148.29,
            "roe": 1.61,
            "roe_4q": -4.1000000000000005,
            "gross_profit": 130552,
            "gross_margin": 15.23,
            "gross_margin_4q_avg": 15.35,
            "net_income": 29816,
            "revenue": 856968,
            "common_shares": 1273592,
            "book_valuer_per_share": 14.5,
            "book_valuer_per_share_4q_avg": 14.99,
            "equity": 1846826,
            "current_ratio": 142.45,
            "debt_ratio": 56.72,
            "inventory_turnover_ratio": 0.97,
            "account_receivable_turnover_ratio": 1.38,
            "reinvestment_rate": -349.42,
            "research_to_sale_ratio": 5.73,
            "price_fair": 31.89,
            "eps_avg_yearly": 0.91,
            "eps_latest_yearly": 0.28,
            "eps_growth_yearly": 35.23
        },
        "20173": {
            "year_quarter": 20173,
            "year": 2017,
            "quarter": 3,
            "eps": 0.21,
            "eps_growth_year": 200,
            "eps_4q": -0.47,
            "eps_4q_growth_year": -173.28,
            "roe": 1.47,
            "roe_4q": -3.0600000000000005,
            "gross_profit": 152975,
            "gross_margin": 15.94,
            "gross_margin_4q_avg": 15.45,
            "net_income": 27296,
            "revenue": 959907,
            "common_shares": 1273592,
            "book_valuer_per_share": 14.52,
            "book_valuer_per_share_4q_avg": 14.7,
            "equity": 1857179,
            "current_ratio": 142.19,
            "debt_ratio": 57.7,
            "inventory_turnover_ratio": 1.06,
            "account_receivable_turnover_ratio": 1.49,
            "reinvestment_rate": -328.75,
            "research_to_sale_ratio": 5.16,
            "price_fair": 31.64,
            "eps_avg_yearly": 0.9,
            "eps_latest_yearly": 0.84,
            "eps_growth_yearly": 28.23
        },
        "20174": {
            "year_quarter": 20174,
            "year": 2017,
            "quarter": 4,
            "eps": -0.78,
            "eps_growth_year": null,
            "eps_4q": -0.98,
            "eps_4q_growth_year": -687.25,
            "roe": -5.71,
            "roe_4q": -6.99,
            "gross_profit": 122808,
            "gross_margin": 13.93,
            "gross_margin_4q_avg": 15.3,
            "net_income": -102034,
            "revenue": 881745,
            "common_shares": 1273592,
            "book_valuer_per_share": 13.42,
            "book_valuer_per_share_4q_avg": 14.25,
            "equity": 1717976,
            "current_ratio": 139.49,
            "debt_ratio": 62.29,
            "inventory_turnover_ratio": 0.95,
            "account_receivable_turnover_ratio": 1.37,
            "reinvestment_rate": -628.36,
            "research_to_sale_ratio": 6.58,
            "price_fair": 31.64,
            "eps_avg_yearly": 0.9,
            "eps_latest_yearly": 0.84,
            "eps_growth_yearly": 28.23
        },
        "20181": {
            "year_quarter": 20181,
            "year": 2018,
            "quarter": 1,
            "eps": -0.15,
            "eps_growth_year": null,
            "eps_4q": -0.49,
            "eps_4q_growth_year": null,
            "roe": -1.16,
            "roe_4q": -3.79,
            "gross_profit": 130794,
            "gross_margin": 14.17,
            "gross_margin_4q_avg": 14.82,
            "net_income": -20169,
            "revenue": 923140,
            "common_shares": 1273592,
            "book_valuer_per_share": 13.82,
            "book_valuer_per_share_4q_avg": 14.07,
            "equity": 1769085,
            "current_ratio": 140.06,
            "debt_ratio": 62.33,
            "inventory_turnover_ratio": 0.92,
            "account_receivable_turnover_ratio": 1.45,
            "reinvestment_rate": -1055.8,
            "research_to_sale_ratio": 5.67,
            "price_fair": 35,
            "eps_avg_yearly": 1,
            "eps_latest_yearly": 0.84,
            "eps_growth_yearly": 70.25
        },
        "20182": {
            "year_quarter": 20182,
            "year": 2018,
            "quarter": 2,
            "eps": 0.22,
            "eps_growth_year": -4.35,
            "eps_4q": -0.5,
            "eps_4q_growth_year": null,
            "roe": 1.57,
            "roe_4q": -3.83,
            "gross_profit": 138747,
            "gross_margin": 15.5,
            "gross_margin_4q_avg": 14.89,
            "net_income": 27911,
            "revenue": 894890,
            "common_shares": 1273592,
            "book_valuer_per_share": 13.96,
            "book_valuer_per_share_4q_avg": 13.93,
            "equity": 1785932,
            "current_ratio": 138.82,
            "debt_ratio": 63.33,
            "inventory_turnover_ratio": 0.81,
            "account_receivable_turnover_ratio": 1.33,
            "reinvestment_rate": -537.14,
            "research_to_sale_ratio": 5.47,
            "price_fair": 35,
            "eps_avg_yearly": 1,
            "eps_latest_yearly": 0.84,
            "eps_growth_yearly": 70.25
        },
        "20183": {
            "year_quarter": 20183,
            "year": 2018,
            "quarter": 3,
            "eps": -0.1,
            "eps_growth_year": -147.62,
            "eps_4q": -0.82,
            "eps_4q_growth_year": null,
            "roe": -0.75,
            "roe_4q": -6.05,
            "gross_profit": 177369,
            "gross_margin": 17.12,
            "gross_margin_4q_avg": 15.18,
            "net_income": -13283,
            "revenue": 1035854,
            "common_shares": 1273592,
            "book_valuer_per_share": 13.63,
            "book_valuer_per_share_4q_avg": 13.71,
            "equity": 1743528,
            "current_ratio": 142.55,
            "debt_ratio": 63.91,
            "inventory_turnover_ratio": 0.9,
            "account_receivable_turnover_ratio": 1.42,
            "reinvestment_rate": -966.02,
            "research_to_sale_ratio": 5.43,
            "price_fair": 35,
            "eps_avg_yearly": 1,
            "eps_latest_yearly": 0.84,
            "eps_growth_yearly": 70.25
        },
        "20184": {
            "year_quarter": 20184,
            "year": 2018,
            "quarter": 4,
            "eps": 0.09,
            "eps_growth_year": null,
            "eps_4q": 0.05,
            "eps_4q_growth_year": null,
            "roe": 0.58,
            "roe_4q": 0.24,
            "gross_profit": 164256,
            "gross_margin": 16.79,
            "gross_margin_4q_avg": 15.9,
            "net_income": 10009,
            "revenue": 978488,
            "common_shares": 1273592,
            "book_valuer_per_share": 13.55,
            "book_valuer_per_share_4q_avg": 13.74,
            "equity": 1731992,
            "current_ratio": 144.05,
            "debt_ratio": 63.59,
            "inventory_turnover_ratio": 0.82,
            "account_receivable_turnover_ratio": 1.32,
            "reinvestment_rate": -1208.71,
            "research_to_sale_ratio": 5.44,
            "price_fair": 34.65,
            "eps_avg_yearly": 0.99,
            "eps_latest_yearly": 0.84,
            "eps_growth_yearly": 102.56
        },
        "20191": {
            "year_quarter": 20191,
            "year": 2019,
            "quarter": 1,
            "eps": 0,
            "eps_growth_year": null,
            "eps_4q": 0.21,
            "eps_4q_growth_year": null,
            "roe": -0.01,
            "roe_4q": 1.3900000000000001,
            "gross_profit": 124403,
            "gross_margin": 13,
            "gross_margin_4q_avg": 15.6,
            "net_income": -198,
            "revenue": 957062,
            "common_shares": 1273592,
            "book_valuer_per_share": 13.69,
            "book_valuer_per_share_4q_avg": 13.71,
            "equity": 1750390,
            "current_ratio": 134.56,
            "debt_ratio": 64.18,
            "inventory_turnover_ratio": 0.79,
            "account_receivable_turnover_ratio": 1.36,
            "reinvestment_rate": -2141.9,
            "research_to_sale_ratio": 5.53,
            "price_fair": 34.6,
            "eps_avg_yearly": 0.99,
            "eps_latest_yearly": 0.84,
            "eps_growth_yearly": 121.45
        },
        "20192": {
            "year_quarter": 20192,
            "year": 2019,
            "quarter": 2,
            "eps": -0.51,
            "eps_growth_year": -331.82,
            "eps_4q": -0.52,
            "eps_4q_growth_year": null,
            "roe": -3.81,
            "roe_4q": -3.9899999999999998,
            "gross_profit": 114975,
            "gross_margin": 13.47,
            "gross_margin_4q_avg": 15.1,
            "net_income": -65362,
            "revenue": 853626,
            "common_shares": 1273592,
            "book_valuer_per_share": 13.13,
            "book_valuer_per_share_4q_avg": 13.5,
            "equity": 1677994,
            "current_ratio": 133.68,
            "debt_ratio": 63.9,
            "inventory_turnover_ratio": 0.7,
            "account_receivable_turnover_ratio": 1.24,
            "reinvestment_rate": null,
            "research_to_sale_ratio": 7.09,
            "price_fair": 36.63,
            "eps_avg_yearly": 1.05,
            "eps_latest_yearly": 0.84,
            "eps_growth_yearly": 165.69
        },
        "20193": {
            "year_quarter": 20193,
            "year": 2019,
            "quarter": 3,
            "eps": -0.34,
            "eps_growth_year": null,
            "eps_4q": -0.76,
            "eps_4q_growth_year": null,
            "roe": -2.65,
            "roe_4q": -5.89,
            "gross_profit": 141013,
            "gross_margin": 15.94,
            "gross_margin_4q_avg": 14.8,
            "net_income": -43803,
            "revenue": 884878,
            "common_shares": 1273592,
            "book_valuer_per_share": 12.77,
            "book_valuer_per_share_4q_avg": 13.29,
            "equity": 1631455,
            "current_ratio": 129.42,
            "debt_ratio": 65.76,
            "inventory_turnover_ratio": 0.73,
            "account_receivable_turnover_ratio": 1.31,
            "reinvestment_rate": null,
            "research_to_sale_ratio": 6.18,
            "price_fair": 2.06,
            "eps_avg_yearly": 0.69,
            "eps_latest_yearly": 0.84,
            "eps_growth_yearly": -76.18
        },
        "20194": {
            "year_quarter": 20194,
            "year": 2019,
            "quarter": 4,
            "eps": -0.64,
            "eps_growth_year": -831.55,
            "eps_4q": -1.48,
            "eps_4q_growth_year": -2871.18,
            "roe": -5.13,
            "roe_4q": -11.6,
            "gross_profit": 117840,
            "gross_margin": 12.52,
            "gross_margin_4q_avg": 13.73,
            "net_income": -82024,
            "revenue": 941081,
            "common_shares": 1273592,
            "book_valuer_per_share": 12.25,
            "book_valuer_per_share_4q_avg": 12.96,
            "equity": 1563637,
            "current_ratio": 114.97,
            "debt_ratio": 67.25,
            "inventory_turnover_ratio": 0.85,
            "account_receivable_turnover_ratio": 1.47,
            "reinvestment_rate": null,
            "research_to_sale_ratio": 5.91,
            "price_fair": 1.98,
            "eps_avg_yearly": 0.66,
            "eps_latest_yearly": 0.84,
            "eps_growth_yearly": -23.39
        },
        "20201": {
            "year_quarter": 20201,
            "year": 2020,
            "quarter": 1,
            "eps": -0.28,
            "eps_growth_year": null,
            "eps_4q": -1.76,
            "eps_4q_growth_year": -939.85,
            "roe": -2.36,
            "roe_4q": -13.950000000000001,
            "gross_profit": 96182,
            "gross_margin": 12.45,
            "gross_margin_4q_avg": 13.6,
            "net_income": -35673,
            "revenue": 772821,
            "common_shares": 1273592,
            "book_valuer_per_share": 11.42,
            "book_valuer_per_share_4q_avg": 12.39,
            "equity": 1455977,
            "current_ratio": 118.28,
            "debt_ratio": 69.57,
            "inventory_turnover_ratio": 0.75,
            "account_receivable_turnover_ratio": 1.38,
            "reinvestment_rate": null,
            "research_to_sale_ratio": 7.08,
            "price_fair": 18.01,
            "eps_avg_yearly": 0.71,
            "eps_latest_yearly": 0.84,
            "eps_growth_yearly": 15.48
        },
        "20202": {
            "year_quarter": 20202,
            "year": 2020,
            "quarter": 2,
            "eps": -0.29,
            "eps_growth_year": null,
            "eps_4q": -1.55,
            "eps_4q_growth_year": null,
            "roe": -2.58,
            "roe_4q": -12.72,
            "gross_profit": 126168,
            "gross_margin": 14.5,
            "gross_margin_4q_avg": 13.85,
            "net_income": -37399,
            "revenue": 870186,
            "common_shares": 1273592,
            "book_valuer_per_share": 11.38,
            "book_valuer_per_share_4q_avg": 11.96,
            "equity": 1445375,
            "current_ratio": 127.62,
            "debt_ratio": 68.08,
            "inventory_turnover_ratio": 0.86,
            "account_receivable_turnover_ratio": 1.51,
            "reinvestment_rate": null,
            "research_to_sale_ratio": 6.02,
            "price_fair": 1.68,
            "eps_avg_yearly": 0.56,
            "eps_latest_yearly": 0.84,
            "eps_growth_yearly": -161.39
        },
        "20203": {
            "year_quarter": 20203,
            "year": 2020,
            "quarter": 3,
            "eps": 0.29,
            "eps_growth_year": null,
            "eps_4q": -0.91,
            "eps_4q_growth_year": null,
            "roe": 2.5,
            "roe_4q": -7.57,
            "gross_profit": 181174,
            "gross_margin": 16.83,
            "gross_margin_4q_avg": 14.08,
            "net_income": 36874,
            "revenue": 1076751,
            "common_shares": 1273592,
            "book_valuer_per_share": 11.89,
            "book_valuer_per_share_4q_avg": 11.74,
            "equity": 1509992,
            "current_ratio": 139.93,
            "debt_ratio": 67.46,
            "inventory_turnover_ratio": 1,
            "account_receivable_turnover_ratio": 1.52,
            "reinvestment_rate": null,
            "research_to_sale_ratio": 4.82,
            "price_fair": 2.52,
            "eps_avg_yearly": 0.84,
            "eps_latest_yearly": 0.84,
            "eps_growth_yearly": -34.78
        },
        "20204": {
            "year_quarter": 20204,
            "year": 2020,
            "quarter": 4,
            "eps": 0.18,
            "eps_growth_year": null,
            "eps_4q": -0.1,
            "eps_4q_growth_year": null,
            "roe": 1.44,
            "roe_4q": -1,
            "gross_profit": 175736,
            "gross_margin": 16.24,
            "gross_margin_4q_avg": 15.01,
            "net_income": 22367,
            "revenue": 1082201,
            "common_shares": 1273592,
            "book_valuer_per_share": 12.52,
            "book_valuer_per_share_4q_avg": 11.8,
            "equity": 1589361,
            "current_ratio": 183.86,
            "debt_ratio": 65.54,
            "inventory_turnover_ratio": 0.95,
            "account_receivable_turnover_ratio": 1.47,
            "reinvestment_rate": null,
            "research_to_sale_ratio": 4.53,
            "price_fair": 2.34,
            "eps_avg_yearly": 0.78,
            "eps_latest_yearly": 0.72,
            "eps_growth_yearly": -93.25
        },
        "20211": {
            "year_quarter": 20211,
            "year": 2021,
            "quarter": 1,
            "eps": 0.08,
            "eps_growth_year": null,
            "eps_4q": 0.26,
            "eps_4q_growth_year": null,
            "roe": 0.6,
            "roe_4q": 1.96,
            "gross_profit": 166200,
            "gross_margin": 15.26,
            "gross_margin_4q_avg": 15.71,
            "net_income": 9661,
            "revenue": 1088953,
            "common_shares": 1273592,
            "book_valuer_per_share": 12.81,
            "book_valuer_per_share_4q_avg": 12.15,
            "equity": 1626696,
            "current_ratio": 171.46,
            "debt_ratio": 65.3,
            "inventory_turnover_ratio": 0.91,
            "account_receivable_turnover_ratio": 1.54,
            "reinvestment_rate": null,
            "research_to_sale_ratio": 4.77,
            "price_fair": 1.88,
            "eps_avg_yearly": 0.63,
            "eps_latest_yearly": 0.32,
            "eps_growth_yearly": -136.24
        },
        "20212": {
            "year_quarter": 20212,
            "year": 2021,
            "quarter": 2,
            "eps": -0.29,
            "eps_growth_year": null,
            "eps_4q": 0.26,
            "eps_4q_growth_year": null,
            "roe": -2.31,
            "roe_4q": 2.23,
            "gross_profit": 141607,
            "gross_margin": 14.64,
            "gross_margin_4q_avg": 15.74,
            "net_income": -36873,
            "revenue": 967479,
            "common_shares": 1273592,
            "book_valuer_per_share": 12.38,
            "book_valuer_per_share_4q_avg": 12.4,
            "equity": 1572261,
            "current_ratio": 160.74,
            "debt_ratio": 66.2,
            "inventory_turnover_ratio": 0.73,
            "account_receivable_turnover_ratio": 1.27,
            "reinvestment_rate": null,
            "research_to_sale_ratio": 4.76,
            "price_fair": 1.88,
            "eps_avg_yearly": 0.63,
            "eps_latest_yearly": 0.32,
            "eps_growth_yearly": -136.24
        },
        "20213": {
            "year_quarter": 20213,
            "year": 2021,
            "quarter": 3,
            "eps": 0.11,
            "eps_growth_year": -62.07,
            "eps_4q": 0.08,
            "eps_4q_growth_year": null,
            "roe": 0.9,
            "roe_4q": 0.6299999999999998,
            "gross_profit": 162599,
            "gross_margin": 15.91,
            "gross_margin_4q_avg": 15.51,
            "net_income": 14288,
            "revenue": 1021721,
            "common_shares": 1273592,
            "book_valuer_per_share": 12.58,
            "book_valuer_per_share_4q_avg": 12.57,
            "equity": 1597536,
            "current_ratio": 154.06,
            "debt_ratio": 66.61,
            "inventory_turnover_ratio": 0.64,
            "account_receivable_turnover_ratio": 1.29,
            "reinvestment_rate": null,
            "research_to_sale_ratio": 4.93,
            "price_fair": 1.56,
            "eps_avg_yearly": 0.52,
            "eps_latest_yearly": 0.32,
            "eps_growth_yearly": -186.97
        },
        "20214": {
            "year_quarter": 20214,
            "year": 2021,
            "quarter": 4,
            "eps": 0.45,
            "eps_growth_year": 152.28,
            "eps_4q": 0.35,
            "eps_4q_growth_year": null,
            "roe": 3.3,
            "roe_4q": 2.49,
            "gross_profit": 155116,
            "gross_margin": 16.12,
            "gross_margin_4q_avg": 15.48,
            "net_income": 57051,
            "revenue": 962201,
            "common_shares": 1273592,
            "book_valuer_per_share": 14.64,
            "book_valuer_per_share_4q_avg": 13.1,
            "equity": 1858759,
            "current_ratio": 164.2,
            "debt_ratio": 62.25,
            "inventory_turnover_ratio": 0.54,
            "account_receivable_turnover_ratio": 1.29,
            "reinvestment_rate": null,
            "research_to_sale_ratio": 5,
            "price_fair": 33.13,
            "eps_avg_yearly": 0.95,
            "eps_latest_yearly": 1.8,
            "eps_growth_yearly": 287.47
        },
        "20221": {
            "year_quarter": 20221,
            "year": 2022,
            "quarter": 1,
            "eps": 0.22,
            "eps_growth_year": 175,
            "eps_4q": 0.5,
            "eps_4q_growth_year": 92.72,
            "roe": 1.52,
            "roe_4q": 3.4100000000000006,
            "gross_profit": 112965,
            "gross_margin": 12.57,
            "gross_margin_4q_avg": 14.81,
            "net_income": 28172,
            "revenue": 898615,
            "common_shares": 1273592,
            "book_valuer_per_share": 14.56,
            "book_valuer_per_share_4q_avg": 13.54,
            "equity": 1848469,
            "current_ratio": 151.14,
            "debt_ratio": 62.97,
            "inventory_turnover_ratio": 0.49,
            "account_receivable_turnover_ratio": 1.21,
            "reinvestment_rate": null,
            "research_to_sale_ratio": 5.17,
            "price_fair": 32.55,
            "eps_avg_yearly": 0.93,
            "eps_latest_yearly": 0.88,
            "eps_growth_yearly": 164.49
        },
        "20222": {
            "year_quarter": 20222,
            "year": 2022,
            "quarter": 2,
            "eps": 0.34,
            "eps_growth_year": null,
            "eps_4q": 1.13,
            "eps_4q_growth_year": 334.04,
            "roe": 2.32,
            "roe_4q": 8.04,
            "gross_profit": 218803,
            "gross_margin": 17.81,
            "gross_margin_4q_avg": 15.6,
            "net_income": 43311,
            "revenue": 1228873,
            "common_shares": 1273592,
            "book_valuer_per_share": 14.83,
            "book_valuer_per_share_4q_avg": 14.15,
            "equity": 1881954,
            "current_ratio": 152.47,
            "debt_ratio": 65.95,
            "inventory_turnover_ratio": 0.57,
            "account_receivable_turnover_ratio": 1.52,
            "reinvestment_rate": null,
            "research_to_sale_ratio": 3.49,
            "price_fair": 35.56,
            "eps_avg_yearly": 1.02,
            "eps_latest_yearly": 1.36,
            "eps_growth_yearly": 175.23
        },
        "20223": {
            "year_quarter": 20223,
            "year": 2022,
            "quarter": 3,
            "eps": 0.81,
            "eps_growth_year": 636.36,
            "eps_4q": 1.82,
            "eps_4q_growth_year": 2172.32,
            "roe": 5.35,
            "roe_4q": 12.489999999999998,
            "gross_profit": 232160,
            "gross_margin": 17.66,
            "gross_margin_4q_avg": 16.04,
            "net_income": 102399,
            "revenue": 1314628,
            "common_shares": 1273592,
            "book_valuer_per_share": 15.36,
            "book_valuer_per_share_4q_avg": 14.85,
            "equity": 1949377,
            "current_ratio": 157.52,
            "debt_ratio": 65.92,
            "inventory_turnover_ratio": 0.54,
            "account_receivable_turnover_ratio": 1.41,
            "reinvestment_rate": 233.98,
            "research_to_sale_ratio": 3.62,
            "price_fair": 48.53,
            "eps_avg_yearly": 1.39,
            "eps_latest_yearly": 3.24,
            "eps_growth_yearly": 238.18
        },
        "20224": {
            "year_quarter": 20224,
            "year": 2022,
            "quarter": 4,
            "eps": 0.7,
            "eps_growth_year": 54.45,
            "eps_4q": 2.07,
            "eps_4q_growth_year": 487.34,
            "roe": 4.42,
            "roe_4q": 13.61,
            "gross_profit": 274761,
            "gross_margin": 19.74,
            "gross_margin_4q_avg": 16.95,
            "net_income": 88178,
            "revenue": 1392073,
            "common_shares": 1273592,
            "book_valuer_per_share": 16.05,
            "book_valuer_per_share_4q_avg": 15.2,
            "equity": 2036807,
            "current_ratio": 145.88,
            "debt_ratio": 63.27,
            "inventory_turnover_ratio": 0.54,
            "account_receivable_turnover_ratio": 1.49,
            "reinvestment_rate": 49.97,
            "research_to_sale_ratio": 3.36,
            "price_fair": 55.6,
            "eps_avg_yearly": 1.59,
            "eps_latest_yearly": 2.8,
            "eps_growth_yearly": 196.4
        },
        "20231": {
            "year_quarter": 20231,
            "year": 2023,
            "quarter": 1,
            "eps": 0.31,
            "eps_growth_year": 40.91,
            "eps_4q": 2.16,
            "eps_4q_growth_year": 333.36,
            "roe": 1.92,
            "roe_4q": 14.01,
            "gross_profit": 156040,
            "gross_margin": 12.52,
            "gross_margin_4q_avg": 16.93,
            "net_income": 39492,
            "revenue": 1246586,
            "common_shares": 1273592,
            "book_valuer_per_share": 16.42,
            "book_valuer_per_share_4q_avg": 15.67,
            "equity": 2083324,
            "current_ratio": 144.97,
            "debt_ratio": 61.47,
            "inventory_turnover_ratio": 0.53,
            "account_receivable_turnover_ratio": 1.54,
            "reinvestment_rate": 31.89,
            "research_to_sale_ratio": 3.6,
            "price_fair": 54.08,
            "eps_avg_yearly": 1.55,
            "eps_latest_yearly": 1.24,
            "eps_growth_yearly": 143.99
        }
    },
    "months": {
        "2001-06": {
            "month": "2001-06",
            "price": "74.20",
            "revenue": 146095
        },
        "2001-07": {
            "month": "2001-07",
            "price": "55.95",
            "revenue": 103709
        },
        "2001-08": {
            "month": "2001-08",
            "price": "41.32",
            "revenue": 130092
        },
        "2001-09": {
            "month": "2001-09",
            "price": "30.31",
            "revenue": 127612
        },
        "2001-10": {
            "month": "2001-10",
            "price": "26.56",
            "revenue": 157328
        },
        "2001-11": {
            "month": "2001-11",
            "price": "36.83",
            "revenue": 136921
        },
        "2001-12": {
            "month": "2001-12",
            "price": "43.16",
            "revenue": 139793
        },
        "2002-01": {
            "month": "2002-01",
            "price": "41.28",
            "revenue": 134094
        },
        "2002-02": {
            "month": "2002-02",
            "price": "37.53",
            "revenue": 79549
        },
        "2002-03": {
            "month": "2002-03",
            "price": "45.16",
            "revenue": 174636
        },
        "2002-04": {
            "month": "2002-04",
            "price": "45.96",
            "revenue": 181501
        },
        "2002-05": {
            "month": "2002-05",
            "price": "36.39",
            "revenue": 166975
        },
        "2002-06": {
            "month": "2002-06",
            "price": "32.74",
            "revenue": 173908
        },
        "2002-07": {
            "month": "2002-07",
            "price": "26.36",
            "revenue": 172094
        },
        "2002-08": {
            "month": "2002-08",
            "price": "23.10",
            "revenue": 166995
        },
        "2002-09": {
            "month": "2002-09",
            "price": "21.02",
            "revenue": 156650
        },
        "2002-10": {
            "month": "2002-10",
            "price": "19.50",
            "revenue": 161165
        },
        "2002-11": {
            "month": "2002-11",
            "price": "21.24",
            "revenue": 166585
        },
        "2002-12": {
            "month": "2002-12",
            "price": "20.78",
            "revenue": 117190
        },
        "2003-01": {
            "month": "2003-01",
            "price": "19.69",
            "revenue": 139033
        },
        "2003-02": {
            "month": "2003-02",
            "price": "17.75",
            "revenue": 118609
        },
        "2003-03": {
            "month": "2003-03",
            "price": "17.80",
            "revenue": 158054
        },
        "2003-04": {
            "month": "2003-04",
            "price": "17.30",
            "revenue": 176061
        },
        "2003-05": {
            "month": "2003-05",
            "price": "17.50",
            "revenue": 204911
        },
        "2003-06": {
            "month": "2003-06",
            "price": "21.74",
            "revenue": 181574
        },
        "2003-07": {
            "month": "2003-07",
            "price": "23.02",
            "revenue": 157451
        },
        "2003-08": {
            "month": "2003-08",
            "price": "18.83",
            "revenue": 153594
        },
        "2003-09": {
            "month": "2003-09",
            "price": "17.28",
            "revenue": 185692
        },
        "2003-10": {
            "month": "2003-10",
            "price": "17.04",
            "revenue": 185261
        },
        "2003-11": {
            "month": "2003-11",
            "price": "17.30",
            "revenue": 193258
        },
        "2003-12": {
            "month": "2003-12",
            "price": "17.26",
            "revenue": 235408
        },
        "2004-01": {
            "month": "2004-01",
            "price": "19.95",
            "revenue": 156213
        },
        "2004-02": {
            "month": "2004-02",
            "price": "21.60",
            "revenue": 181764
        },
        "2004-03": {
            "month": "2004-03",
            "price": "20.45",
            "revenue": 204282
        },
        "2004-04": {
            "month": "2004-04",
            "price": "19.07",
            "revenue": 250945
        },
        "2004-05": {
            "month": "2004-05",
            "price": "15.94",
            "revenue": 215754
        },
        "2004-06": {
            "month": "2004-06",
            "price": "14.52",
            "revenue": 242252
        },
        "2004-07": {
            "month": "2004-07",
            "price": "13.36",
            "revenue": 218579
        },
        "2004-08": {
            "month": "2004-08",
            "price": "13.47",
            "revenue": 204561
        },
        "2004-09": {
            "month": "2004-09",
            "price": "13.32",
            "revenue": 204552
        },
        "2004-10": {
            "month": "2004-10",
            "price": "13.25",
            "revenue": 203868
        },
        "2004-11": {
            "month": "2004-11",
            "price": "12.76",
            "revenue": 203695
        },
        "2004-12": {
            "month": "2004-12",
            "price": "11.37",
            "revenue": 216140
        },
        "2005-01": {
            "month": "2005-01",
            "price": "10.88",
            "revenue": 207144
        },
        "2005-02": {
            "month": "2005-02",
            "price": "11.53",
            "revenue": 109267
        },
        "2005-03": {
            "month": "2005-03",
            "price": "11.55",
            "revenue": 200780
        },
        "2005-04": {
            "month": "2005-04",
            "price": "10.25",
            "revenue": 185258
        },
        "2005-05": {
            "month": "2005-05",
            "price": "9.25",
            "revenue": 221629
        },
        "2005-06": {
            "month": "2005-06",
            "price": "10.55",
            "revenue": 237697
        },
        "2005-07": {
            "month": "2005-07",
            "price": "11.31",
            "revenue": 150513
        },
        "2005-08": {
            "month": "2005-08",
            "price": "9.88",
            "revenue": 151711
        },
        "2005-09": {
            "month": "2005-09",
            "price": "9.01",
            "revenue": 194147
        },
        "2005-10": {
            "month": "2005-10",
            "price": "8.80",
            "revenue": 159599
        },
        "2005-11": {
            "month": "2005-11",
            "price": "8.49",
            "revenue": 187494
        },
        "2005-12": {
            "month": "2005-12",
            "price": "9.59",
            "revenue": 185699
        },
        "2006-01": {
            "month": "2006-01",
            "price": "10.51",
            "revenue": 187390
        },
        "2006-02": {
            "month": "2006-02",
            "price": "11.20",
            "revenue": 151077
        },
        "2006-03": {
            "month": "2006-03",
            "price": "13.33",
            "revenue": 247866
        },
        "2006-04": {
            "month": "2006-04",
            "price": "14.95",
            "revenue": 251794
        },
        "2006-05": {
            "month": "2006-05",
            "price": "16.60",
            "revenue": 218259
        },
        "2006-06": {
            "month": "2006-06",
            "price": "13.22",
            "revenue": 217501
        },
        "2006-07": {
            "month": "2006-07",
            "price": "12.96",
            "revenue": 220857
        },
        "2006-08": {
            "month": "2006-08",
            "price": "13.48",
            "revenue": 241636
        },
        "2006-09": {
            "month": "2006-09",
            "price": "12.95",
            "revenue": 256695
        },
        "2006-10": {
            "month": "2006-10",
            "price": "14.96",
            "revenue": 262560
        },
        "2006-11": {
            "month": "2006-11",
            "price": "15.96",
            "revenue": 269935
        },
        "2006-12": {
            "month": "2006-12",
            "price": "20.35",
            "revenue": 287534
        },
        "2007-01": {
            "month": "2007-01",
            "price": "22.68",
            "revenue": 317053
        },
        "2007-02": {
            "month": "2007-02",
            "price": "23.53",
            "revenue": 260439
        },
        "2007-03": {
            "month": "2007-03",
            "price": "25.30",
            "revenue": 337631
        },
        "2007-04": {
            "month": "2007-04",
            "price": "27.06",
            "revenue": 369255
        },
        "2007-05": {
            "month": "2007-05",
            "price": "24.98",
            "revenue": 372251
        },
        "2007-06": {
            "month": "2007-06",
            "price": "29.40",
            "revenue": 295070
        },
        "2007-07": {
            "month": "2007-07",
            "price": "31.08",
            "revenue": 298386
        },
        "2007-08": {
            "month": "2007-08",
            "price": "25.75",
            "revenue": 337487
        },
        "2007-09": {
            "month": "2007-09",
            "price": "24.16",
            "revenue": 374320
        },
        "2007-10": {
            "month": "2007-10",
            "price": "25.82",
            "revenue": 362839
        },
        "2007-11": {
            "month": "2007-11",
            "price": "21.33",
            "revenue": 391621
        },
        "2007-12": {
            "month": "2007-12",
            "price": "19.52",
            "revenue": 318319
        },
        "2008-01": {
            "month": "2008-01",
            "price": "16.93",
            "revenue": 314039
        },
        "2008-02": {
            "month": "2008-02",
            "price": "15.15",
            "revenue": 171466
        },
        "2008-03": {
            "month": "2008-03",
            "price": "15.92",
            "revenue": 292423
        },
        "2008-04": {
            "month": "2008-04",
            "price": "17.15",
            "revenue": 328796
        },
        "2008-05": {
            "month": "2008-05",
            "price": "15.26",
            "revenue": 277690
        },
        "2008-06": {
            "month": "2008-06",
            "price": "12.30",
            "revenue": 220898
        },
        "2008-07": {
            "month": "2008-07",
            "price": "10.40",
            "revenue": 285291
        },
        "2008-08": {
            "month": "2008-08",
            "price": "10.07",
            "revenue": 313382
        },
        "2008-09": {
            "month": "2008-09",
            "price": "7.64",
            "revenue": 395046
        },
        "2008-10": {
            "month": "2008-10",
            "price": "7.83",
            "revenue": 401625
        },
        "2008-11": {
            "month": "2008-11",
            "price": "8.83",
            "revenue": 312017
        },
        "2008-12": {
            "month": "2008-12",
            "price": "8.94",
            "revenue": 336150
        },
        "2009-01": {
            "month": "2009-01",
            "price": "8.38",
            "revenue": 235672
        },
        "2009-02": {
            "month": "2009-02",
            "price": "7.97",
            "revenue": 190617
        },
        "2009-03": {
            "month": "2009-03",
            "price": "8.74",
            "revenue": 304306
        },
        "2009-04": {
            "month": "2009-04",
            "price": "11.71",
            "revenue": 341048
        },
        "2009-05": {
            "month": "2009-05",
            "price": "12.87",
            "revenue": 259293
        },
        "2009-06": {
            "month": "2009-06",
            "price": "11.81",
            "revenue": 235264
        },
        "2009-07": {
            "month": "2009-07",
            "price": "12.49",
            "revenue": 264007
        },
        "2009-08": {
            "month": "2009-08",
            "price": "12.40",
            "revenue": 239486
        },
        "2009-09": {
            "month": "2009-09",
            "price": "12.79",
            "revenue": 288901
        },
        "2009-10": {
            "month": "2009-10",
            "price": "13.85",
            "revenue": 251211
        },
        "2009-11": {
            "month": "2009-11",
            "price": "12.96",
            "revenue": 275925
        },
        "2009-12": {
            "month": "2009-12",
            "price": "14.43",
            "revenue": 399121
        },
        "2010-01": {
            "month": "2010-01",
            "price": "16.21",
            "revenue": 292839
        },
        "2010-02": {
            "month": "2010-02",
            "price": "14.04",
            "revenue": 202674
        },
        "2010-03": {
            "month": "2010-03",
            "price": "16.58",
            "revenue": 323967
        },
        "2010-04": {
            "month": "2010-04",
            "price": "21.76",
            "revenue": 347942
        },
        "2010-05": {
            "month": "2010-05",
            "price": "18.77",
            "revenue": 301000
        },
        "2010-06": {
            "month": "2010-06",
            "price": "16.70",
            "revenue": 329630
        },
        "2010-07": {
            "month": "2010-07",
            "price": "16.89",
            "revenue": 343285
        },
        "2010-08": {
            "month": "2010-08",
            "price": "17.39",
            "revenue": 284133
        },
        "2010-09": {
            "month": "2010-09",
            "price": "18.20",
            "revenue": 281974
        },
        "2010-10": {
            "month": "2010-10",
            "price": "18.11",
            "revenue": 275987
        },
        "2010-11": {
            "month": "2010-11",
            "price": "16.95",
            "revenue": 289045
        },
        "2010-12": {
            "month": "2010-12",
            "price": "17.58",
            "revenue": 355854
        },
        "2011-01": {
            "month": "2011-01",
            "price": "17.95",
            "revenue": 286927
        },
        "2011-02": {
            "month": "2011-02",
            "price": "18.92",
            "revenue": 160100
        },
        "2011-03": {
            "month": "2011-03",
            "price": "17.40",
            "revenue": 322319
        },
        "2011-04": {
            "month": "2011-04",
            "price": "16.78",
            "revenue": 254918
        },
        "2011-05": {
            "month": "2011-05",
            "price": "16.23",
            "revenue": 260864
        },
        "2011-06": {
            "month": "2011-06",
            "price": "15.88",
            "revenue": 231967
        },
        "2011-07": {
            "month": "2011-07",
            "price": "14.05",
            "revenue": 218208
        },
        "2011-08": {
            "month": "2011-08",
            "price": "11.59",
            "revenue": 234111
        },
        "2011-09": {
            "month": "2011-09",
            "price": "9.91",
            "revenue": 240311
        },
        "2011-10": {
            "month": "2011-10",
            "price": "9.30",
            "revenue": 224049
        },
        "2011-11": {
            "month": "2011-11",
            "price": "8.36",
            "revenue": 268012
        },
        "2011-12": {
            "month": "2011-12",
            "price": "7.29",
            "revenue": 321569
        },
        "2012-01": {
            "month": "2012-01",
            "price": "7.78",
            "revenue": 216073
        },
        "2012-02": {
            "month": "2012-02",
            "price": "9.58",
            "revenue": 225360
        },
        "2012-03": {
            "month": "2012-03",
            "price": "9.62",
            "revenue": 262799
        },
        "2012-04": {
            "month": "2012-04",
            "price": "7.92",
            "revenue": 273630
        },
        "2012-05": {
            "month": "2012-05",
            "price": "7.79",
            "revenue": 276952
        },
        "2012-06": {
            "month": "2012-06",
            "price": "7.71",
            "revenue": 256180
        },
        "2012-07": {
            "month": "2012-07",
            "price": "7.78",
            "revenue": 335343
        },
        "2012-08": {
            "month": "2012-08",
            "price": "8.13",
            "revenue": 295211
        },
        "2012-09": {
            "month": "2012-09",
            "price": "8.42",
            "revenue": 240920
        },
        "2012-10": {
            "month": "2012-10",
            "price": "7.24",
            "revenue": 318539
        },
        "2012-11": {
            "month": "2012-11",
            "price": "6.41",
            "revenue": 384892
        },
        "2012-12": {
            "month": "2012-12",
            "price": "6.85",
            "revenue": 328540
        },
        "2013-01": {
            "month": "2013-01",
            "price": "7.40",
            "revenue": 427049
        },
        "2013-02": {
            "month": "2013-02",
            "price": "7.78",
            "revenue": 259058
        },
        "2013-03": {
            "month": "2013-03",
            "price": "7.67",
            "revenue": 340445
        },
        "2013-04": {
            "month": "2013-04",
            "price": "8.69",
            "revenue": 364032
        },
        "2013-05": {
            "month": "2013-05",
            "price": "9.34",
            "revenue": 342722
        },
        "2013-06": {
            "month": "2013-06",
            "price": "8.28",
            "revenue": 314573
        },
        "2013-07": {
            "month": "2013-07",
            "price": "8.08",
            "revenue": 331684
        },
        "2013-08": {
            "month": "2013-08",
            "price": "8.02",
            "revenue": 364875
        },
        "2013-09": {
            "month": "2013-09",
            "price": "8.59",
            "revenue": 302744
        },
        "2013-10": {
            "month": "2013-10",
            "price": "9.10",
            "revenue": 333794
        },
        "2013-11": {
            "month": "2013-11",
            "price": "8.98",
            "revenue": 417668
        },
        "2013-12": {
            "month": "2013-12",
            "price": "9.33",
            "revenue": 389837
        },
        "2014-01": {
            "month": "2014-01",
            "price": "12.08",
            "revenue": 400418
        },
        "2014-02": {
            "month": "2014-02",
            "price": "13.06",
            "revenue": 236407
        },
        "2014-03": {
            "month": "2014-03",
            "price": "16.34",
            "revenue": 404614
        },
        "2014-04": {
            "month": "2014-04",
            "price": "17.06",
            "revenue": 413137
        },
        "2014-05": {
            "month": "2014-05",
            "price": "15.30",
            "revenue": 382228
        },
        "2014-06": {
            "month": "2014-06",
            "price": "15.56",
            "revenue": 354289
        },
        "2014-07": {
            "month": "2014-07",
            "price": "14.90",
            "revenue": 353255
        },
        "2014-08": {
            "month": "2014-08",
            "price": "12.76",
            "revenue": 358540
        },
        "2014-09": {
            "month": "2014-09",
            "price": "12.09",
            "revenue": 367278
        },
        "2014-10": {
            "month": "2014-10",
            "price": "10.55",
            "revenue": 345704
        },
        "2014-11": {
            "month": "2014-11",
            "price": "11.11",
            "revenue": 343087
        },
        "2014-12": {
            "month": "2014-12",
            "price": "13.64",
            "revenue": 364639
        },
        "2015-01": {
            "month": "2015-01",
            "price": "14.24",
            "revenue": 404666
        },
        "2015-02": {
            "month": "2015-02",
            "price": "13.52",
            "revenue": 287958
        },
        "2015-03": {
            "month": "2015-03",
            "price": "15.64",
            "revenue": 325797
        },
        "2015-04": {
            "month": "2015-04",
            "price": "15.20",
            "revenue": 392305
        },
        "2015-05": {
            "month": "2015-05",
            "price": "14.26",
            "revenue": 367665
        },
        "2015-06": {
            "month": "2015-06",
            "price": "13.63",
            "revenue": 344212
        },
        "2015-07": {
            "month": "2015-07",
            "price": "12.80",
            "revenue": 412855
        },
        "2015-08": {
            "month": "2015-08",
            "price": "11.02",
            "revenue": 396975
        },
        "2015-09": {
            "month": "2015-09",
            "price": "11.64",
            "revenue": 350607
        },
        "2015-10": {
            "month": "2015-10",
            "price": "12.04",
            "revenue": 359004
        },
        "2015-11": {
            "month": "2015-11",
            "price": "14.14",
            "revenue": 373650
        },
        "2015-12": {
            "month": "2015-12",
            "price": "14.70",
            "revenue": 391987
        },
        "2016-01": {
            "month": "2016-01",
            "price": "13.90",
            "revenue": 419689
        },
        "2016-02": {
            "month": "2016-02",
            "price": "15.02",
            "revenue": 249065
        },
        "2016-03": {
            "month": "2016-03",
            "price": "14.72",
            "revenue": 415553
        },
        "2016-04": {
            "month": "2016-04",
            "price": "13.55",
            "revenue": 350963
        },
        "2016-05": {
            "month": "2016-05",
            "price": "11.62",
            "revenue": 359455
        },
        "2016-06": {
            "month": "2016-06",
            "price": "11.74",
            "revenue": 311487
        },
        "2016-07": {
            "month": "2016-07",
            "price": "12.21",
            "revenue": 320040
        },
        "2016-08": {
            "month": "2016-08",
            "price": "12.17",
            "revenue": 372774
        },
        "2016-09": {
            "month": "2016-09",
            "price": "12.36",
            "revenue": 305352
        },
        "2016-10": {
            "month": "2016-10",
            "price": "11.49",
            "revenue": 231694
        },
        "2016-11": {
            "month": "2016-11",
            "price": "11.24",
            "revenue": 357199
        },
        "2016-12": {
            "month": "2016-12",
            "price": "11.68",
            "revenue": 355828
        },
        "2017-01": {
            "month": "2017-01",
            "price": "11.75",
            "revenue": 304324
        },
        "2017-02": {
            "month": "2017-02",
            "price": "12.00",
            "revenue": 225141
        },
        "2017-03": {
            "month": "2017-03",
            "price": "11.86",
            "revenue": 359766
        },
        "2017-04": {
            "month": "2017-04",
            "price": "11.19",
            "revenue": 288869
        },
        "2017-05": {
            "month": "2017-05",
            "price": "11.82",
            "revenue": 267334
        },
        "2017-06": {
            "month": "2017-06",
            "price": "12.73",
            "revenue": 305191
        },
        "2017-07": {
            "month": "2017-07",
            "price": "11.93",
            "revenue": 287120
        },
        "2017-08": {
            "month": "2017-08",
            "price": "13.83",
            "revenue": 338479
        },
        "2017-09": {
            "month": "2017-09",
            "price": "20.47",
            "revenue": 335009
        },
        "2017-10": {
            "month": "2017-10",
            "price": "20.44",
            "revenue": 294222
        },
        "2017-11": {
            "month": "2017-11",
            "price": "19.28",
            "revenue": 348246
        },
        "2017-12": {
            "month": "2017-12",
            "price": "20.78",
            "revenue": 239644
        },
        "2018-01": {
            "month": "2018-01",
            "price": "21.38",
            "revenue": 371711
        },
        "2018-02": {
            "month": "2018-02",
            "price": "18.69",
            "revenue": 195648
        },
        "2018-03": {
            "month": "2018-03",
            "price": "20.68",
            "revenue": 356683
        },
        "2018-04": {
            "month": "2018-04",
            "price": "20.74",
            "revenue": 301104
        },
        "2018-05": {
            "month": "2018-05",
            "price": "21.67",
            "revenue": 312872
        },
        "2018-06": {
            "month": "2018-06",
            "price": "36.04",
            "revenue": 280012
        },
        "2018-07": {
            "month": "2018-07",
            "price": "24.45",
            "revenue": 355117
        },
        "2018-08": {
            "month": "2018-08",
            "price": "24.74",
            "revenue": 329010
        },
        "2018-09": {
            "month": "2018-09",
            "price": "23.74",
            "revenue": 351727
        },
        "2018-10": {
            "month": "2018-10",
            "price": "22.63",
            "revenue": 333449
        },
        "2018-11": {
            "month": "2018-11",
            "price": "19.91",
            "revenue": 325881
        },
        "2018-12": {
            "month": "2018-12",
            "price": "20.98",
            "revenue": 319158
        },
        "2019-01": {
            "month": "2019-01",
            "price": "23.04",
            "revenue": 427720
        },
        "2019-02": {
            "month": "2019-02",
            "price": "24.58",
            "revenue": 208938
        },
        "2019-03": {
            "month": "2019-03",
            "price": "24.45",
            "revenue": 320404
        },
        "2019-04": {
            "month": "2019-04",
            "price": "22.53",
            "revenue": 277415
        },
        "2019-05": {
            "month": "2019-05",
            "price": "20.30",
            "revenue": 327638
        },
        "2019-06": {
            "month": "2019-06",
            "price": "19.22",
            "revenue": 248573
        },
        "2019-07": {
            "month": "2019-07",
            "price": "19.38",
            "revenue": 277896
        },
        "2019-08": {
            "month": "2019-08",
            "price": "16.78",
            "revenue": 318739
        },
        "2019-09": {
            "month": "2019-09",
            "price": "17.54",
            "revenue": 288474
        },
        "2019-10": {
            "month": "2019-10",
            "price": "17.49",
            "revenue": 309447
        },
        "2019-11": {
            "month": "2019-11",
            "price": "16.38",
            "revenue": 313330
        },
        "2019-12": {
            "month": "2019-12",
            "price": "16.05",
            "revenue": 318073
        },
        "2020-01": {
            "month": "2020-01",
            "price": "16.02",
            "revenue": 246452
        },
        "2020-02": {
            "month": "2020-02",
            "price": "14.07",
            "revenue": 201936
        },
        "2020-03": {
            "month": "2020-03",
            "price": "10.78",
            "revenue": 324433
        },
        "2020-04": {
            "month": "2020-04",
            "price": "10.74",
            "revenue": 317379
        },
        "2020-05": {
            "month": "2020-05",
            "price": "12.24",
            "revenue": 266614
        },
        "2020-06": {
            "month": "2020-06",
            "price": "12.58",
            "revenue": 286193
        },
        "2020-07": {
            "month": "2020-07",
            "price": "15.90",
            "revenue": 360045
        },
        "2020-08": {
            "month": "2020-08",
            "price": "15.23",
            "revenue": 325827
        },
        "2020-09": {
            "month": "2020-09",
            "price": "16.28",
            "revenue": 390879
        },
        "2020-10": {
            "month": "2020-10",
            "price": "18.64",
            "revenue": 348096
        },
        "2020-11": {
            "month": "2020-11",
            "price": "19.42",
            "revenue": 358348
        },
        "2020-12": {
            "month": "2020-12",
            "price": "24.00",
            "revenue": 375757
        },
        "2021-01": {
            "month": "2021-01",
            "price": "24.76",
            "revenue": 384302
        },
        "2021-02": {
            "month": "2021-02",
            "price": "24.38",
            "revenue": 334073
        },
        "2021-03": {
            "month": "2021-03",
            "price": "27.27",
            "revenue": 370578
        },
        "2021-04": {
            "month": "2021-04",
            "price": "29.46",
            "revenue": 325289
        },
        "2021-05": {
            "month": "2021-05",
            "price": "22.30",
            "revenue": 306940
        },
        "2021-06": {
            "month": "2021-06",
            "price": "21.70",
            "revenue": 335250
        },
        "2021-07": {
            "month": "2021-07",
            "price": "20.83",
            "revenue": 383351
        },
        "2021-08": {
            "month": "2021-08",
            "price": "18.09",
            "revenue": 329603
        },
        "2021-09": {
            "month": "2021-09",
            "price": "17.58",
            "revenue": 308767
        },
        "2021-10": {
            "month": "2021-10",
            "price": "18.22",
            "revenue": 280247
        },
        "2021-11": {
            "month": "2021-11",
            "price": "19.44",
            "revenue": 294010
        },
        "2021-12": {
            "month": "2021-12",
            "price": "22.73",
            "revenue": 387945
        },
        "2022-01": {
            "month": "2022-01",
            "price": "21.11",
            "revenue": 351639
        },
        "2022-02": {
            "month": "2022-02",
            "price": "21.75",
            "revenue": 192276
        },
        "2022-03": {
            "month": "2022-03",
            "price": "20.65",
            "revenue": 354700
        },
        "2022-04": {
            "month": "2022-04",
            "price": "20.38",
            "revenue": 383062
        },
        "2022-05": {
            "month": "2022-05",
            "price": "19.27",
            "revenue": 464209
        },
        "2022-06": {
            "month": "2022-06",
            "price": "20.06",
            "revenue": 381602
        },
        "2022-07": {
            "month": "2022-07",
            "price": "18.57",
            "revenue": 411995
        },
        "2022-08": {
            "month": "2022-08",
            "price": "20.26",
            "revenue": 442168
        },
        "2022-09": {
            "month": "2022-09",
            "price": "23.19",
            "revenue": 460465
        },
        "2022-10": {
            "month": "2022-10",
            "price": "24.68",
            "revenue": 440785
        },
        "2022-11": {
            "month": "2022-11",
            "price": "27.39",
            "revenue": 463224
        },
        "2022-12": {
            "month": "2022-12",
            "price": "27.40",
            "revenue": 488063
        },
        "2023-01": {
            "month": "2023-01",
            "price": "26.44",
            "revenue": 316245
        },
        "2023-02": {
            "month": "2023-02",
            "price": "29.19",
            "revenue": 439279
        },
        "2023-03": {
            "month": "2023-03",
            "price": "34.17",
            "revenue": 491061
        },
        "2023-04": {
            "month": "2023-04",
            "price": "38.73",
            "revenue": 403809
        },
        "2023-05": {
            "month": "2023-05",
            "price": "34.33",
            "revenue": 369458
        }
    }
}
