{
    "summary": {
        "stock_name": "精技",
        "stock_id": "2414",
        "category": "電子通路",
        "main_business": "電腦及電腦週邊產品之通路經營",
        "website_url": "http://www.unitech.com.tw",
        "ceo": "葉國筌,李英新",
        "pe_ratio": 15,
        "report_year_from": 2001,
        "report_year_to": 2023,
        "age": 23,
        "eps_negative_percentage": 0,
        "eps_growth_avg": {
            "last_all": 6.06,
            "last_2y": 0.72,
            "last_4y": 8.34,
            "last_8y": 4.91,
            "last_12y": 5.06,
            "last_16y": 5.3,
            "last_20y": 4.73,
            "at_2006_last_3y": 2.31,
            "at_2007_last_3y": 7.23,
            "at_2008_last_3y": -1.02,
            "at_2009_last_3y": -1.55,
            "at_2010_last_3y": 6.07,
            "at_2011_last_3y": 4.17,
            "at_2012_last_3y": 3.56,
            "at_2013_last_3y": -4.02,
            "at_2014_last_3y": 5.39,
            "at_2015_last_3y": 2.49,
            "at_2016_last_3y": 7.24,
            "at_2017_last_3y": 15.72,
            "at_2018_last_3y": 0.62,
            "at_2019_last_3y": 7.34,
            "at_2020_last_3y": 12.16,
            "at_2021_last_3y": 22.95,
            "at_2022_last_3y": 20.49,
            "at_2023_last_3y": 6.45,
            "at_2024_last_3y": 6.45,
            "at_2006_last_all": 8.67,
            "at_2007_last_all": 8.61,
            "at_2008_last_all": 5.63,
            "at_2009_last_all": 5.69,
            "at_2010_last_all": 7.52,
            "at_2011_last_all": 6.83,
            "at_2012_last_all": 4.88,
            "at_2013_last_all": 2.45,
            "at_2014_last_all": 6.86,
            "at_2015_last_all": 5.59,
            "at_2016_last_all": 5.51,
            "at_2017_last_all": 5.77,
            "at_2018_last_all": 5.39,
            "at_2019_last_all": 5.98,
            "at_2020_last_all": 6.91,
            "at_2021_last_all": 9.21,
            "at_2022_last_all": 8.27,
            "at_2023_last_all": 6.06,
            "at_2024_last_all": 6.06
        },
        "latest_eps": 2.27,
        "latest_price": 34.15,
        "latest_roe": 9.75,
        "latest_gross_margin": 7.94,
        "latest_equity": 4055787,
        "latest_revenue": 6071539,
        "latest_gross_profit": 482107,
        "latest_net_income": 113571,
        "latest_debt_ratio": 56.04,
        "latest_current_ratio": 151.39,
        "latest_account_receivable_turnover_ratio": 1.51,
        "latest_inventory_turnover_ratio": 2.71,
        "latest_reinvestment_rate": 5.71,
        "latest_research_to_sale_ratio": 0.67
    },
    "eps_dividends": {
        "1998": {
            "cash": 0,
            "stock": 3,
            "eps": 0
        },
        "1999": {
            "cash": 0,
            "stock": 3,
            "eps": 0
        },
        "2001": {
            "cash": 0,
            "stock": 2,
            "eps": 0.85
        },
        "2002": {
            "cash": 0,
            "stock": 0.16,
            "eps": 1.14
        },
        "2003": {
            "cash": 0,
            "stock": 1.73,
            "eps": 1.01
        },
        "2004": {
            "cash": 0.18,
            "stock": 0.92,
            "eps": 1.22
        },
        "2005": {
            "cash": 0.35,
            "stock": 0.44,
            "eps": 1.32
        },
        "2006": {
            "cash": 0.5,
            "stock": 0.5,
            "eps": 1.21
        },
        "2007": {
            "cash": 0.44,
            "stock": 0.44,
            "eps": 1.31
        },
        "2008": {
            "cash": 1,
            "stock": 0,
            "eps": 1.15
        },
        "2009": {
            "cash": 1.38,
            "stock": 0,
            "eps": 1.22
        },
        "2010": {
            "cash": 1.32,
            "stock": 0,
            "eps": 1.49
        },
        "2011": {
            "cash": 2.67,
            "stock": 0,
            "eps": 1.5
        },
        "2012": {
            "cash": 0,
            "stock": 0,
            "eps": 1.28
        },
        "2013": {
            "cash": 1.15,
            "stock": 0,
            "eps": 0.97
        },
        "2014": {
            "cash": 1,
            "stock": 0,
            "eps": 1.55
        },
        "2015": {
            "cash": 1.2,
            "stock": 0,
            "eps": 1.38
        },
        "2016": {
            "cash": 1.25,
            "stock": 0,
            "eps": 1.44
        },
        "2017": {
            "cash": 1.3,
            "stock": 0,
            "eps": 1.58
        },
        "2018": {
            "cash": 1.4,
            "stock": 0,
            "eps": 1.57
        },
        "2019": {
            "cash": 1.45,
            "stock": 0,
            "eps": 1.82
        },
        "2020": {
            "cash": 1.5,
            "stock": 0,
            "eps": 2.25
        },
        "2021": {
            "cash": 1.8,
            "stock": 0,
            "eps": 3.44
        },
        "2022": {
            "cash": 2.8,
            "stock": 0,
            "eps": 3.08
        },
        "2023": {
            "cash": 2.5,
            "stock": 0,
            "eps": 1.84
        }
    },
    "dividends": {
        "1998-05-07": {
            "cash": 0,
            "stock": 3
        },
        "1999-05-25": {
            "cash": 0,
            "stock": 3
        },
        "2001-05-03": {
            "cash": 0,
            "stock": 2
        },
        "2002-06-17": {
            "cash": 0,
            "stock": 0.16
        },
        "2003-04-24": {
            "cash": 0,
            "stock": 1.73
        },
        "2004-04-21": {
            "cash": 0.18,
            "stock": 0.92
        },
        "2005-04-11": {
            "cash": 0.35,
            "stock": 0.44
        },
        "2006-04-25": {
            "cash": 0.5,
            "stock": 0.5
        },
        "2007-04-16": {
            "cash": 0.44,
            "stock": 0.44
        },
        "2008-03-31": {
            "cash": 1,
            "stock": 0
        },
        "2009-03-30": {
            "cash": 1.38,
            "stock": 0
        },
        "2010-03-30": {
            "cash": 1.32,
            "stock": 0
        },
        "2011-01-01": {
            "cash": 1.35,
            "stock": 0
        },
        "2011-03-24": {
            "cash": 1.32,
            "stock": 0
        },
        "2013-03-28": {
            "cash": 1.15,
            "stock": 0
        },
        "2014-08-14": {
            "cash": 1,
            "stock": 0
        },
        "2015-08-14": {
            "cash": 1.2,
            "stock": 0
        },
        "2016-08-12": {
            "cash": 1.25,
            "stock": 0
        },
        "2017-08-11": {
            "cash": 1.3,
            "stock": 0
        },
        "2018-08-10": {
            "cash": 1.4,
            "stock": 0
        },
        "2019-08-09": {
            "cash": 1.45,
            "stock": 0
        },
        "2020-08-07": {
            "cash": 1.5,
            "stock": 0
        },
        "2021-09-30": {
            "cash": 1.8,
            "stock": 0
        },
        "2022-08-12": {
            "cash": 2.8,
            "stock": 0
        },
        "2023-08-11": {
            "cash": 2.5,
            "stock": 0
        }
    },
    "prices": {
        "200101": "34.78",
        "200102": "40.89",
        "200103": "42.48",
        "200104": "37.07",
        "200105": "28.98",
        "200106": "29.17",
        "200107": "20.63",
        "200108": "17.36",
        "200109": "15.72",
        "200110": "10.73",
        "200111": "13.30",
        "200112": "17.56",
        "200201": "20.91",
        "200202": "22.10",
        "200203": "22.28",
        "200204": "23.67",
        "200205": "21.00",
        "200206": "21.66",
        "200207": "21.19",
        "200208": "19.44",
        "200209": "19.06",
        "200210": "18.91",
        "200211": "18.94",
        "200212": "17.35",
        "200301": "17.24",
        "200302": "15.64",
        "200303": "14.51",
        "200304": "14.56",
        "200305": "14.45",
        "200306": "16.88",
        "200307": "19.50",
        "200308": "18.80",
        "200309": "15.38",
        "200310": "15.80",
        "200311": "15.69",
        "200312": "15.53",
        "200401": "16.03",
        "200402": "17.16",
        "200403": "16.90",
        "200404": "16.47",
        "200405": "13.98",
        "200406": "13.04",
        "200407": "12.04",
        "200408": "11.64",
        "200409": "12.33",
        "200410": "12.03",
        "200411": "11.31",
        "200412": "10.40",
        "200501": "10.13",
        "200502": "10.61",
        "200503": "11.99",
        "200504": "12.35",
        "200505": "12.42",
        "200506": "13.47",
        "200507": "16.68",
        "200508": "14.82",
        "200509": "13.77",
        "200510": "13.66",
        "200511": "11.65",
        "200512": "12.76",
        "200601": "12.92",
        "200602": "12.37",
        "200603": "12.47",
        "200604": "13.23",
        "200605": "13.00",
        "200606": "11.88",
        "200607": "12.02",
        "200608": "12.72",
        "200609": "12.80",
        "200610": "12.79",
        "200611": "12.88",
        "200612": "14.74",
        "200701": "15.22",
        "200702": "14.85",
        "200703": "15.61",
        "200704": "16.92",
        "200705": "16.84",
        "200706": "18.42",
        "200707": "20.08",
        "200708": "18.31",
        "200709": "17.84",
        "200710": "17.58",
        "200711": "16.00",
        "200712": "13.43",
        "200801": "13.03",
        "200802": "12.84",
        "200803": "15.51",
        "200804": "17.44",
        "200805": "18.94",
        "200806": "16.62",
        "200807": "14.75",
        "200808": "14.48",
        "200809": "12.91",
        "200810": "10.24",
        "200811": "9.20",
        "200812": "8.72",
        "200901": "8.80",
        "200902": "10.18",
        "200903": "11.13",
        "200904": "14.11",
        "200905": "14.43",
        "200906": "13.98",
        "200907": "15.43",
        "200908": "16.68",
        "200909": "18.59",
        "200910": "18.30",
        "200911": "16.91",
        "200912": "18.88",
        "201001": "20.04",
        "201002": "17.89",
        "201003": "19.91",
        "201004": "20.69",
        "201005": "19.03",
        "201006": "18.38",
        "201007": "18.73",
        "201008": "18.00",
        "201009": "17.67",
        "201010": "17.97",
        "201011": "15.98",
        "201012": "16.25",
        "201101": "16.62",
        "201102": "16.18",
        "201103": "16.08",
        "201104": "16.59",
        "201105": "16.58",
        "201106": "16.66",
        "201107": "15.33",
        "201108": "13.08",
        "201109": "12.45",
        "201110": "12.56",
        "201111": "13.23",
        "201112": "13.21",
        "201201": "13.52",
        "201202": "15.12",
        "201203": "15.91",
        "201204": "15.75",
        "201205": "15.65",
        "201206": "15.32",
        "201207": "14.94",
        "201208": "14.47",
        "201209": "14.76",
        "201210": "14.36",
        "201211": "13.88",
        "201212": "14.17",
        "201301": "14.35",
        "201302": "14.48",
        "201303": "14.40",
        "201304": "14.70",
        "201305": "14.99",
        "201306": "14.91",
        "201307": "14.85",
        "201308": "13.99",
        "201309": "13.71",
        "201310": "13.78",
        "201311": "13.75",
        "201312": "14.09",
        "201401": "15.22",
        "201402": "15.24",
        "201403": "15.17",
        "201404": "16.48",
        "201405": "16.95",
        "201406": "17.75",
        "201407": "17.67",
        "201408": "16.68",
        "201409": "17.75",
        "201410": "17.25",
        "201411": "17.64",
        "201412": "17.91",
        "201501": "17.85",
        "201502": "19.58",
        "201503": "19.73",
        "201504": "21.14",
        "201505": "19.76",
        "201506": "18.29",
        "201507": "17.35",
        "201508": "15.30",
        "201509": "14.82",
        "201510": "15.80",
        "201511": "16.27",
        "201512": "15.98",
        "201601": "15.51",
        "201602": "15.97",
        "201603": "16.31",
        "201604": "16.76",
        "201605": "16.67",
        "201606": "16.98",
        "201607": "17.25",
        "201608": "16.37",
        "201609": "16.51",
        "201610": "16.50",
        "201611": "16.39",
        "201612": "16.86",
        "201701": "17.27",
        "201702": "17.56",
        "201703": "17.99",
        "201704": "18.19",
        "201705": "18.39",
        "201706": "18.60",
        "201707": "18.71",
        "201708": "17.93",
        "201709": "19.54",
        "201710": "19.31",
        "201711": "19.94",
        "201712": "19.53",
        "201801": "19.94",
        "201802": "19.66",
        "201803": "20.30",
        "201804": "20.49",
        "201805": "20.72",
        "201806": "21.74",
        "201807": "21.22",
        "201808": "20.19",
        "201809": "19.83",
        "201810": "18.80",
        "201811": "18.90",
        "201812": "19.00",
        "201901": "18.95",
        "201902": "19.60",
        "201903": "20.20",
        "201904": "20.76",
        "201905": "20.90",
        "201906": "21.27",
        "201907": "21.72",
        "201908": "21.00",
        "201909": "21.86",
        "201910": "22.05",
        "201911": "22.39",
        "201912": "22.75",
        "202001": "22.96",
        "202002": "22.78",
        "202003": "21.17",
        "202004": "22.00",
        "202005": "23.82",
        "202006": "25.27",
        "202007": "28.08",
        "202008": "26.11",
        "202009": "24.92",
        "202010": "24.92",
        "202011": "25.26",
        "202012": "25.60",
        "202101": "25.66",
        "202102": "25.92",
        "202103": "27.27",
        "202104": "28.57",
        "202105": "28.40",
        "202106": "29.26",
        "202107": "29.87",
        "202108": "31.54",
        "202109": "33.94",
        "202110": "36.80",
        "202111": "40.02",
        "202112": "38.00",
        "202201": "35.48",
        "202202": "35.09",
        "202203": "35.67",
        "202204": "35.41",
        "202205": "34.15",
        "202206": "33.24",
        "202207": "31.53",
        "202208": "31.03",
        "202209": "30.99",
        "202210": "28.94",
        "202211": "30.45",
        "202212": "30.55",
        "202301": "30.82",
        "202302": "31.88",
        "202303": "33.81",
        "202304": "34.31",
        "202305": "34.94",
        "202306": "35.96",
        "202307": "35.95",
        "202308": "33.51",
        "202309": "33.70",
        "202310": "32.76",
        "202311": "33.20",
        "202312": "34.02"
    },
    "quarters": {
        "20011": {
            "year_quarter": 20011,
            "year": 2001,
            "quarter": 1,
            "eps": 0.24,
            "eps_growth_year": -48.94,
            "eps_4q": 1.17,
            "eps_4q_growth_year": -38.84,
            "roe": 1.29,
            "roe_4q": 1.29,
            "gross_profit": 139790,
            "gross_margin": 9.01,
            "gross_margin_4q_avg": 9.01,
            "net_income": 19591,
            "net_income_4q": null,
            "revenue": 1550810,
            "revenue_4q": null,
            "common_shares": 839817,
            "book_valuer_per_share": 18.26,
            "book_valuer_per_share_4q_avg": 18.26,
            "equity": 1533405,
            "current_ratio": 175.81,
            "debt_ratio": 41.25,
            "inventory_turnover_ratio": 2.49,
            "account_receivable_turnover_ratio": null,
            "reinvestment_rate": null,
            "research_to_sale_ratio": null,
            "price_fair": 0,
            "eps_avg_yearly": 0,
            "eps_latest_yearly": 0,
            "eps_growth_yearly": 0
        },
        "20012": {
            "year_quarter": 20012,
            "year": 2001,
            "quarter": 2,
            "eps": 0.12,
            "eps_growth_year": -84.81,
            "eps_4q": 0.77,
            "eps_4q_growth_year": -60.68,
            "roe": 0.6,
            "roe_4q": 1.8900000000000001,
            "gross_profit": 130186,
            "gross_margin": 8.7,
            "gross_margin_4q_avg": 8.86,
            "net_income": 9391,
            "net_income_4q": null,
            "revenue": 1496676,
            "revenue_4q": null,
            "common_shares": 839817,
            "book_valuer_per_share": 18.87,
            "book_valuer_per_share_4q_avg": 18.57,
            "equity": 1584804,
            "current_ratio": 196.69,
            "debt_ratio": 37.57,
            "inventory_turnover_ratio": 2.73,
            "account_receivable_turnover_ratio": null,
            "reinvestment_rate": null,
            "research_to_sale_ratio": null,
            "price_fair": 0,
            "eps_avg_yearly": 0,
            "eps_latest_yearly": 0,
            "eps_growth_yearly": 0
        },
        "20013": {
            "year_quarter": 20013,
            "year": 2001,
            "quarter": 3,
            "eps": 0.26,
            "eps_growth_year": -25.71,
            "eps_4q": 0.61,
            "eps_4q_growth_year": -61.32,
            "roe": 1.61,
            "roe_4q": 3.5,
            "gross_profit": 160065,
            "gross_margin": 8.92,
            "gross_margin_4q_avg": 8.88,
            "net_income": 25653,
            "net_income_4q": null,
            "revenue": 1795416,
            "revenue_4q": null,
            "common_shares": 1017021,
            "book_valuer_per_share": 15.84,
            "book_valuer_per_share_4q_avg": 17.66,
            "equity": 1610798,
            "current_ratio": 179.95,
            "debt_ratio": 41.73,
            "inventory_turnover_ratio": 3.61,
            "account_receivable_turnover_ratio": null,
            "reinvestment_rate": null,
            "research_to_sale_ratio": null,
            "price_fair": 0,
            "eps_avg_yearly": 0,
            "eps_latest_yearly": 0,
            "eps_growth_yearly": 0
        },
        "20014": {
            "year_quarter": 20014,
            "year": 2001,
            "quarter": 4,
            "eps": 0.23,
            "eps_growth_year": 228.57,
            "eps_4q": 0.78,
            "eps_4q_growth_year": -44.72,
            "roe": 1.4,
            "roe_4q": 4.9,
            "gross_profit": 162474,
            "gross_margin": 8.55,
            "gross_margin_4q_avg": 8.8,
            "net_income": 22691,
            "net_income_4q": null,
            "revenue": 1899308,
            "revenue_4q": null,
            "common_shares": 1017021,
            "book_valuer_per_share": 16.08,
            "book_valuer_per_share_4q_avg": 17.26,
            "equity": 1635562,
            "current_ratio": 178.34,
            "debt_ratio": 41.94,
            "inventory_turnover_ratio": 4.06,
            "account_receivable_turnover_ratio": null,
            "reinvestment_rate": null,
            "research_to_sale_ratio": null,
            "price_fair": 0,
            "eps_avg_yearly": 0,
            "eps_latest_yearly": 0,
            "eps_growth_yearly": 0
        },
        "20021": {
            "year_quarter": 20021,
            "year": 2002,
            "quarter": 1,
            "eps": 0.28,
            "eps_growth_year": 16.67,
            "eps_4q": 0.87,
            "eps_4q_growth_year": -26.16,
            "roe": 1.67,
            "roe_4q": 5.279999999999999,
            "gross_profit": 178479,
            "gross_margin": 10.93,
            "gross_margin_4q_avg": 9.28,
            "net_income": 27600,
            "net_income_4q": null,
            "revenue": 1632280,
            "revenue_4q": null,
            "common_shares": 1017021,
            "book_valuer_per_share": 16.35,
            "book_valuer_per_share_4q_avg": 16.79,
            "equity": 1663238,
            "current_ratio": 257.56,
            "debt_ratio": 38.98,
            "inventory_turnover_ratio": 3.27,
            "account_receivable_turnover_ratio": null,
            "reinvestment_rate": null,
            "research_to_sale_ratio": null,
            "price_fair": 39.2,
            "eps_avg_yearly": 1.12,
            "eps_latest_yearly": 1.12,
            "eps_growth_yearly": 86.96
        },
        "20022": {
            "year_quarter": 20022,
            "year": 2002,
            "quarter": 2,
            "eps": 0.4,
            "eps_growth_year": 233.33,
            "eps_4q": 1.06,
            "eps_4q_growth_year": 36.62,
            "roe": 2.74,
            "roe_4q": 7.420000000000001,
            "gross_profit": 184371,
            "gross_margin": 10.05,
            "gross_margin_4q_avg": 9.61,
            "net_income": 46221,
            "net_income_4q": null,
            "revenue": 1834952,
            "revenue_4q": null,
            "common_shares": 1017021,
            "book_valuer_per_share": 16.79,
            "book_valuer_per_share_4q_avg": 16.27,
            "equity": 1707496,
            "current_ratio": 230.71,
            "debt_ratio": 41.87,
            "inventory_turnover_ratio": 3.37,
            "account_receivable_turnover_ratio": null,
            "reinvestment_rate": null,
            "research_to_sale_ratio": null,
            "price_fair": 47.6,
            "eps_avg_yearly": 1.36,
            "eps_latest_yearly": 1.6,
            "eps_growth_yearly": 129.19
        },
        "20023": {
            "year_quarter": 20023,
            "year": 2002,
            "quarter": 3,
            "eps": 0.39,
            "eps_growth_year": 50,
            "eps_4q": 1.22,
            "eps_4q_growth_year": 102.27,
            "roe": 2.61,
            "roe_4q": 8.42,
            "gross_profit": 182313,
            "gross_margin": 8.57,
            "gross_margin_4q_avg": 9.53,
            "net_income": 45132,
            "net_income_4q": null,
            "revenue": 2126441,
            "revenue_4q": null,
            "common_shares": 1186678,
            "book_valuer_per_share": 14.79,
            "book_valuer_per_share_4q_avg": 16,
            "equity": 1755528,
            "current_ratio": 190.89,
            "debt_ratio": 47.91,
            "inventory_turnover_ratio": 3.04,
            "account_receivable_turnover_ratio": null,
            "reinvestment_rate": null,
            "research_to_sale_ratio": null,
            "price_fair": 49.93,
            "eps_avg_yearly": 1.43,
            "eps_latest_yearly": 1.56,
            "eps_growth_yearly": 82.8
        },
        "20024": {
            "year_quarter": 20024,
            "year": 2002,
            "quarter": 4,
            "eps": 0.07,
            "eps_growth_year": -69.57,
            "eps_4q": 1.07,
            "eps_4q_growth_year": 36.27,
            "roe": 0.47,
            "roe_4q": 7.49,
            "gross_profit": 172874,
            "gross_margin": 6.73,
            "gross_margin_4q_avg": 9.07,
            "net_income": 8343,
            "net_income_4q": null,
            "revenue": 2567357,
            "revenue_4q": null,
            "common_shares": 1186678,
            "book_valuer_per_share": 14.87,
            "book_valuer_per_share_4q_avg": 15.7,
            "equity": 1764650,
            "current_ratio": 165.42,
            "debt_ratio": 53.5,
            "inventory_turnover_ratio": 3.17,
            "account_receivable_turnover_ratio": null,
            "reinvestment_rate": 102.42,
            "research_to_sale_ratio": null,
            "price_fair": 3.42,
            "eps_avg_yearly": 1.14,
            "eps_latest_yearly": 0.28,
            "eps_growth_yearly": -19.96
        },
        "20031": {
            "year_quarter": 20031,
            "year": 2003,
            "quarter": 1,
            "eps": 0.29,
            "eps_growth_year": 3.57,
            "eps_4q": 1.13,
            "eps_4q_growth_year": 31.09,
            "roe": 1.92,
            "roe_4q": 7.74,
            "gross_profit": 189110,
            "gross_margin": 8.83,
            "gross_margin_4q_avg": 8.55,
            "net_income": 34222,
            "net_income_4q": null,
            "revenue": 2141760,
            "revenue_4q": null,
            "common_shares": 1186678,
            "book_valuer_per_share": 15.2,
            "book_valuer_per_share_4q_avg": 15.41,
            "equity": 1803358,
            "current_ratio": 162.76,
            "debt_ratio": 55.63,
            "inventory_turnover_ratio": 2.27,
            "account_receivable_turnover_ratio": null,
            "reinvestment_rate": 167.48,
            "research_to_sale_ratio": null,
            "price_fair": 40.04,
            "eps_avg_yearly": 1.14,
            "eps_latest_yearly": 1.16,
            "eps_growth_yearly": 235.46
        },
        "20032": {
            "year_quarter": 20032,
            "year": 2003,
            "quarter": 2,
            "eps": 0.27,
            "eps_growth_year": -32.5,
            "eps_4q": 0.91,
            "eps_4q_growth_year": -13.91,
            "roe": 2.03,
            "roe_4q": 7.029999999999999,
            "gross_profit": 195172,
            "gross_margin": 7.39,
            "gross_margin_4q_avg": 7.88,
            "net_income": 36987,
            "net_income_4q": null,
            "revenue": 2641084,
            "revenue_4q": null,
            "common_shares": 1186678,
            "book_valuer_per_share": 15.46,
            "book_valuer_per_share_4q_avg": 15.08,
            "equity": 1835148,
            "current_ratio": 151.92,
            "debt_ratio": 59.23,
            "inventory_turnover_ratio": 2.79,
            "account_receivable_turnover_ratio": null,
            "reinvestment_rate": 193.09,
            "research_to_sale_ratio": null,
            "price_fair": 39.67,
            "eps_avg_yearly": 1.13,
            "eps_latest_yearly": 1.08,
            "eps_growth_yearly": 191.62
        },
        "20033": {
            "year_quarter": 20033,
            "year": 2003,
            "quarter": 3,
            "eps": 0.34,
            "eps_growth_year": -12.82,
            "eps_4q": 0.92,
            "eps_4q_growth_year": -25.12,
            "roe": 2.53,
            "roe_4q": 6.949999999999999,
            "gross_profit": 218690,
            "gross_margin": 7.76,
            "gross_margin_4q_avg": 7.68,
            "net_income": 46915,
            "net_income_4q": null,
            "revenue": 2819006,
            "revenue_4q": null,
            "common_shares": 1399869,
            "book_valuer_per_share": 13.43,
            "book_valuer_per_share_4q_avg": 14.74,
            "equity": 1880599,
            "current_ratio": 150.42,
            "debt_ratio": 59.56,
            "inventory_turnover_ratio": 3.01,
            "account_receivable_turnover_ratio": null,
            "reinvestment_rate": 172.35,
            "research_to_sale_ratio": null,
            "price_fair": 40.8,
            "eps_avg_yearly": 1.17,
            "eps_latest_yearly": 1.36,
            "eps_growth_yearly": 179.06
        },
        "20034": {
            "year_quarter": 20034,
            "year": 2003,
            "quarter": 4,
            "eps": 0.11,
            "eps_growth_year": 57.14,
            "eps_4q": 0.93,
            "eps_4q_growth_year": -13.09,
            "roe": 0.84,
            "roe_4q": 7.319999999999999,
            "gross_profit": 196590,
            "gross_margin": 7.03,
            "gross_margin_4q_avg": 7.75,
            "net_income": 15880,
            "net_income_4q": null,
            "revenue": 2797887,
            "revenue_4q": null,
            "common_shares": 1378029,
            "book_valuer_per_share": 13.82,
            "book_valuer_per_share_4q_avg": 14.48,
            "equity": 1904449,
            "current_ratio": 179.24,
            "debt_ratio": 60.35,
            "inventory_turnover_ratio": 3.12,
            "account_receivable_turnover_ratio": null,
            "reinvestment_rate": 174.47,
            "research_to_sale_ratio": null,
            "price_fair": 37.63,
            "eps_avg_yearly": 1.08,
            "eps_latest_yearly": 0.44,
            "eps_growth_yearly": 122.86
        },
        "20041": {
            "year_quarter": 20041,
            "year": 2004,
            "quarter": 1,
            "eps": 0.17,
            "eps_growth_year": -41.38,
            "eps_4q": 0.89,
            "eps_4q_growth_year": -21.8,
            "roe": 1.24,
            "roe_4q": 6.639999999999999,
            "gross_profit": 187371,
            "gross_margin": 8.08,
            "gross_margin_4q_avg": 7.57,
            "net_income": 23645,
            "net_income_4q": null,
            "revenue": 2319976,
            "revenue_4q": null,
            "common_shares": 1378029,
            "book_valuer_per_share": 13.96,
            "book_valuer_per_share_4q_avg": 14.17,
            "equity": 1923268,
            "current_ratio": 198.52,
            "debt_ratio": 57.48,
            "inventory_turnover_ratio": 2.72,
            "account_receivable_turnover_ratio": null,
            "reinvestment_rate": 170.52,
            "research_to_sale_ratio": null,
            "price_fair": 36.09,
            "eps_avg_yearly": 1.03,
            "eps_latest_yearly": 0.68,
            "eps_growth_yearly": 133.45
        },
        "20042": {
            "year_quarter": 20042,
            "year": 2004,
            "quarter": 2,
            "eps": 0.44,
            "eps_growth_year": 62.96,
            "eps_4q": 1,
            "eps_4q_growth_year": 10.31,
            "roe": 3.47,
            "roe_4q": 8.08,
            "gross_profit": 274266,
            "gross_margin": 8.6,
            "gross_margin_4q_avg": 7.87,
            "net_income": 67433,
            "net_income_4q": null,
            "revenue": 3187892,
            "revenue_4q": null,
            "common_shares": 1378372,
            "book_valuer_per_share": 14.28,
            "book_valuer_per_share_4q_avg": 13.87,
            "equity": 1968094,
            "current_ratio": 168.43,
            "debt_ratio": 63.1,
            "inventory_turnover_ratio": 3.1,
            "account_receivable_turnover_ratio": null,
            "reinvestment_rate": 144.24,
            "research_to_sale_ratio": null,
            "price_fair": 38.64,
            "eps_avg_yearly": 1.1,
            "eps_latest_yearly": 1.76,
            "eps_growth_yearly": 183.63
        },
        "20043": {
            "year_quarter": 20043,
            "year": 2004,
            "quarter": 3,
            "eps": 0.35,
            "eps_growth_year": 2.94,
            "eps_4q": 1.05,
            "eps_4q_growth_year": 15.05,
            "roe": 2.66,
            "roe_4q": 8.21,
            "gross_profit": 250391,
            "gross_margin": 6.94,
            "gross_margin_4q_avg": 7.66,
            "net_income": 53137,
            "net_income_4q": null,
            "revenue": 3605435,
            "revenue_4q": null,
            "common_shares": 1517919,
            "book_valuer_per_share": 13.33,
            "book_valuer_per_share_4q_avg": 13.85,
            "equity": 2024086,
            "current_ratio": 165.22,
            "debt_ratio": 63.38,
            "inventory_turnover_ratio": 3.29,
            "account_receivable_turnover_ratio": null,
            "reinvestment_rate": 117.42,
            "research_to_sale_ratio": null,
            "price_fair": 39.58,
            "eps_avg_yearly": 1.13,
            "eps_latest_yearly": 1.4,
            "eps_growth_yearly": 159.5
        },
        "20044": {
            "year_quarter": 20044,
            "year": 2004,
            "quarter": 4,
            "eps": 0.26,
            "eps_growth_year": 136.36,
            "eps_4q": 1.19,
            "eps_4q_growth_year": 28.52,
            "roe": 1.97,
            "roe_4q": 9.34,
            "gross_profit": 300007,
            "gross_margin": 8.9,
            "gross_margin_4q_avg": 8.13,
            "net_income": 40190,
            "net_income_4q": null,
            "revenue": 3369384,
            "revenue_4q": null,
            "common_shares": 1518392,
            "book_valuer_per_share": 13.61,
            "book_valuer_per_share_4q_avg": 13.8,
            "equity": 2066080,
            "current_ratio": 175.62,
            "debt_ratio": 60.43,
            "inventory_turnover_ratio": 3.05,
            "account_receivable_turnover_ratio": null,
            "reinvestment_rate": 97.6,
            "research_to_sale_ratio": null,
            "price_fair": 39.32,
            "eps_avg_yearly": 1.12,
            "eps_latest_yearly": 1.04,
            "eps_growth_yearly": 137.64
        },
        "20051": {
            "year_quarter": 20051,
            "year": 2005,
            "quarter": 1,
            "eps": 0.44,
            "eps_growth_year": 158.82,
            "eps_4q": 1.49,
            "eps_4q_growth_year": 67.78,
            "roe": 3.2,
            "roe_4q": 11.3,
            "gross_profit": 267423,
            "gross_margin": 9.2,
            "gross_margin_4q_avg": 8.41,
            "net_income": 67437,
            "net_income_4q": null,
            "revenue": 2906921,
            "revenue_4q": null,
            "common_shares": 1535714,
            "book_valuer_per_share": 13.95,
            "book_valuer_per_share_4q_avg": 13.79,
            "equity": 2142253,
            "current_ratio": 197.04,
            "debt_ratio": 52.59,
            "inventory_turnover_ratio": 2.65,
            "account_receivable_turnover_ratio": null,
            "reinvestment_rate": 79.1,
            "research_to_sale_ratio": null,
            "price_fair": 41.03,
            "eps_avg_yearly": 1.17,
            "eps_latest_yearly": 1.76,
            "eps_growth_yearly": 148.35
        },
        "20052": {
            "year_quarter": 20052,
            "year": 2005,
            "quarter": 2,
            "eps": 0.44,
            "eps_growth_year": 0,
            "eps_4q": 1.45,
            "eps_4q_growth_year": 44.65,
            "roe": 3.25,
            "roe_4q": 11.08,
            "gross_profit": 274984,
            "gross_margin": 8.4,
            "gross_margin_4q_avg": 8.36,
            "net_income": 69878,
            "net_income_4q": null,
            "revenue": 3275484,
            "revenue_4q": null,
            "common_shares": 1563510,
            "book_valuer_per_share": 13.81,
            "book_valuer_per_share_4q_avg": 13.68,
            "equity": 2158819,
            "current_ratio": 163.41,
            "debt_ratio": 57.46,
            "inventory_turnover_ratio": 3.02,
            "account_receivable_turnover_ratio": null,
            "reinvestment_rate": 90.88,
            "research_to_sale_ratio": null,
            "price_fair": 42.5,
            "eps_avg_yearly": 1.21,
            "eps_latest_yearly": 1.76,
            "eps_growth_yearly": 137.76
        },
        "20053": {
            "year_quarter": 20053,
            "year": 2005,
            "quarter": 3,
            "eps": 0.21,
            "eps_growth_year": -40,
            "eps_4q": 1.31,
            "eps_4q_growth_year": 24.33,
            "roe": 1.48,
            "roe_4q": 9.9,
            "gross_profit": 267277,
            "gross_margin": 7.33,
            "gross_margin_4q_avg": 8.46,
            "net_income": 33853,
            "net_income_4q": null,
            "revenue": 3645189,
            "revenue_4q": null,
            "common_shares": 1783274,
            "book_valuer_per_share": 13.53,
            "book_valuer_per_share_4q_avg": 13.73,
            "equity": 2412526,
            "current_ratio": 165.14,
            "debt_ratio": 55.75,
            "inventory_turnover_ratio": 3.23,
            "account_receivable_turnover_ratio": null,
            "reinvestment_rate": 88.14,
            "research_to_sale_ratio": null,
            "price_fair": 41.63,
            "eps_avg_yearly": 1.19,
            "eps_latest_yearly": 0.84,
            "eps_growth_yearly": 114.63
        },
        "20054": {
            "year_quarter": 20054,
            "year": 2005,
            "quarter": 4,
            "eps": 0.23,
            "eps_growth_year": -11.54,
            "eps_4q": 1.23,
            "eps_4q_growth_year": 3.19,
            "roe": 1.62,
            "roe_4q": 9.55,
            "gross_profit": 252409,
            "gross_margin": 8.07,
            "gross_margin_4q_avg": 8.25,
            "net_income": 39330,
            "net_income_4q": null,
            "revenue": 3127885,
            "revenue_4q": null,
            "common_shares": 1793924,
            "book_valuer_per_share": 13.65,
            "book_valuer_per_share_4q_avg": 13.74,
            "equity": 2451281,
            "current_ratio": 187,
            "debt_ratio": 51.91,
            "inventory_turnover_ratio": 2.76,
            "account_receivable_turnover_ratio": null,
            "reinvestment_rate": 87.19,
            "research_to_sale_ratio": null,
            "price_fair": 41.04,
            "eps_avg_yearly": 1.17,
            "eps_latest_yearly": 0.92,
            "eps_growth_yearly": 109.85
        },
        "20061": {
            "year_quarter": 20061,
            "year": 2006,
            "quarter": 1,
            "eps": 0.31,
            "eps_growth_year": -29.55,
            "eps_4q": 1.1,
            "eps_4q_growth_year": -26.13,
            "roe": 2.26,
            "roe_4q": 8.61,
            "gross_profit": 234508,
            "gross_margin": 8.12,
            "gross_margin_4q_avg": 7.98,
            "net_income": 56152,
            "net_income_4q": null,
            "revenue": 2887795,
            "revenue_4q": null,
            "common_shares": 1795806,
            "book_valuer_per_share": 13.97,
            "book_valuer_per_share_4q_avg": 13.74,
            "equity": 2508795,
            "current_ratio": 179.4,
            "debt_ratio": 47.66,
            "inventory_turnover_ratio": 2.52,
            "account_receivable_turnover_ratio": null,
            "reinvestment_rate": 81.14,
            "research_to_sale_ratio": null,
            "price_fair": 41.3,
            "eps_avg_yearly": 1.18,
            "eps_latest_yearly": 1.24,
            "eps_growth_yearly": 113.11
        },
        "20062": {
            "year_quarter": 20062,
            "year": 2006,
            "quarter": 2,
            "eps": 0.38,
            "eps_growth_year": -13.64,
            "eps_4q": 1.06,
            "eps_4q_growth_year": -26.75,
            "roe": 2.88,
            "roe_4q": 8.24,
            "gross_profit": 252330,
            "gross_margin": 8.39,
            "gross_margin_4q_avg": 7.98,
            "net_income": 71875,
            "net_income_4q": null,
            "revenue": 3006161,
            "revenue_4q": null,
            "common_shares": 1795806,
            "book_valuer_per_share": 13.82,
            "book_valuer_per_share_4q_avg": 13.74,
            "equity": 2481140,
            "current_ratio": 162.57,
            "debt_ratio": 51.74,
            "inventory_turnover_ratio": 2.41,
            "account_receivable_turnover_ratio": null,
            "reinvestment_rate": 78.88,
            "research_to_sale_ratio": null,
            "price_fair": 41.13,
            "eps_avg_yearly": 1.18,
            "eps_latest_yearly": 1.52,
            "eps_growth_yearly": 108.04
        },
        "20063": {
            "year_quarter": 20063,
            "year": 2006,
            "quarter": 3,
            "eps": 0.22,
            "eps_growth_year": 4.76,
            "eps_4q": 1.13,
            "eps_4q_growth_year": -14.12,
            "roe": 1.64,
            "roe_4q": 8.399999999999999,
            "gross_profit": 252955,
            "gross_margin": 6.67,
            "gross_margin_4q_avg": 7.81,
            "net_income": 40641,
            "net_income_4q": null,
            "revenue": 3791964,
            "revenue_4q": null,
            "common_shares": 1895069,
            "book_valuer_per_share": 13.13,
            "book_valuer_per_share_4q_avg": 13.64,
            "equity": 2488447,
            "current_ratio": 144.22,
            "debt_ratio": 56.53,
            "inventory_turnover_ratio": 3.12,
            "account_receivable_turnover_ratio": null,
            "reinvestment_rate": 80.95,
            "research_to_sale_ratio": null,
            "price_fair": 39.64,
            "eps_avg_yearly": 1.13,
            "eps_latest_yearly": 0.88,
            "eps_growth_yearly": 98.14
        },
        "20064": {
            "year_quarter": 20064,
            "year": 2006,
            "quarter": 4,
            "eps": 0.3,
            "eps_growth_year": 30.43,
            "eps_4q": 1.18,
            "eps_4q_growth_year": -3.8,
            "roe": 2.26,
            "roe_4q": 9.04,
            "gross_profit": 290785,
            "gross_margin": 8.2,
            "gross_margin_4q_avg": 7.85,
            "net_income": 57231,
            "net_income_4q": null,
            "revenue": 3546853,
            "revenue_4q": null,
            "common_shares": 1918733,
            "book_valuer_per_share": 13.4,
            "book_valuer_per_share_4q_avg": 13.58,
            "equity": 2573336,
            "current_ratio": 154.82,
            "debt_ratio": 55.29,
            "inventory_turnover_ratio": 2.87,
            "account_receivable_turnover_ratio": null,
            "reinvestment_rate": 74.15,
            "research_to_sale_ratio": null,
            "price_fair": 41.65,
            "eps_avg_yearly": 1.19,
            "eps_latest_yearly": 1.2,
            "eps_growth_yearly": 127.74
        },
        "20071": {
            "year_quarter": 20071,
            "year": 2007,
            "quarter": 1,
            "eps": 0.19,
            "eps_growth_year": -38.71,
            "eps_4q": 1.08,
            "eps_4q_growth_year": -1.5,
            "roe": 1.38,
            "roe_4q": 8.16,
            "gross_profit": 260604,
            "gross_margin": 8.75,
            "gross_margin_4q_avg": 8,
            "net_income": 36102,
            "net_income_4q": null,
            "revenue": 2979603,
            "revenue_4q": null,
            "common_shares": 1958975,
            "book_valuer_per_share": 13.58,
            "book_valuer_per_share_4q_avg": 13.48,
            "equity": 2659351,
            "current_ratio": 171.28,
            "debt_ratio": 46.39,
            "inventory_turnover_ratio": 2.39,
            "account_receivable_turnover_ratio": null,
            "reinvestment_rate": 33.41,
            "research_to_sale_ratio": null,
            "price_fair": 40.78,
            "eps_avg_yearly": 1.17,
            "eps_latest_yearly": 0.76,
            "eps_growth_yearly": 40
        },
        "20072": {
            "year_quarter": 20072,
            "year": 2007,
            "quarter": 2,
            "eps": 0.29,
            "eps_growth_year": -23.68,
            "eps_4q": 0.94,
            "eps_4q_growth_year": -11.33,
            "roe": 2.24,
            "roe_4q": 7.52,
            "gross_profit": 300926,
            "gross_margin": 8.81,
            "gross_margin_4q_avg": 8.11,
            "net_income": 59475,
            "net_income_4q": null,
            "revenue": 3416284,
            "revenue_4q": null,
            "common_shares": 1971918,
            "book_valuer_per_share": 13.5,
            "book_valuer_per_share_4q_avg": 13.4,
            "equity": 2661693,
            "current_ratio": 161.38,
            "debt_ratio": 49.76,
            "inventory_turnover_ratio": 2.78,
            "account_receivable_turnover_ratio": null,
            "reinvestment_rate": 11.21,
            "research_to_sale_ratio": null,
            "price_fair": 40.95,
            "eps_avg_yearly": 1.17,
            "eps_latest_yearly": 1.16,
            "eps_growth_yearly": 54.89
        },
        "20073": {
            "year_quarter": 20073,
            "year": 2007,
            "quarter": 3,
            "eps": 0.37,
            "eps_growth_year": 68.18,
            "eps_4q": 1.11,
            "eps_4q_growth_year": -1.15,
            "roe": 2.8,
            "roe_4q": 8.68,
            "gross_profit": 282146,
            "gross_margin": 7.72,
            "gross_margin_4q_avg": 8.37,
            "net_income": 76098,
            "net_income_4q": null,
            "revenue": 3656296,
            "revenue_4q": null,
            "common_shares": 2098750,
            "book_valuer_per_share": 13.22,
            "book_valuer_per_share_4q_avg": 13.43,
            "equity": 2775159,
            "current_ratio": 164.26,
            "debt_ratio": 48.65,
            "inventory_turnover_ratio": 2.93,
            "account_receivable_turnover_ratio": null,
            "reinvestment_rate": 9.88,
            "research_to_sale_ratio": null,
            "price_fair": 41.21,
            "eps_avg_yearly": 1.18,
            "eps_latest_yearly": 1.48,
            "eps_growth_yearly": 55.3
        },
        "20074": {
            "year_quarter": 20074,
            "year": 2007,
            "quarter": 4,
            "eps": 0.46,
            "eps_growth_year": 53.33,
            "eps_4q": 1.28,
            "eps_4q_growth_year": 8.46,
            "roe": 3.36,
            "roe_4q": 9.780000000000001,
            "gross_profit": 344350,
            "gross_margin": 8.57,
            "gross_margin_4q_avg": 8.46,
            "net_income": 95798,
            "net_income_4q": null,
            "revenue": 4019168,
            "revenue_4q": null,
            "common_shares": 2127236,
            "book_valuer_per_share": 13.71,
            "book_valuer_per_share_4q_avg": 13.5,
            "equity": 2918596,
            "current_ratio": 171.12,
            "debt_ratio": 51.01,
            "inventory_turnover_ratio": 2.97,
            "account_receivable_turnover_ratio": null,
            "reinvestment_rate": 7.04,
            "research_to_sale_ratio": null,
            "price_fair": 44.28,
            "eps_avg_yearly": 1.27,
            "eps_latest_yearly": 1.84,
            "eps_growth_yearly": 78.29
        },
        "20081": {
            "year_quarter": 20081,
            "year": 2008,
            "quarter": 1,
            "eps": 0.57,
            "eps_growth_year": 200,
            "eps_4q": 1.66,
            "eps_4q_growth_year": 52.87,
            "roe": 4.08,
            "roe_4q": 12.479999999999999,
            "gross_profit": 454013,
            "gross_margin": 13.18,
            "gross_margin_4q_avg": 9.57,
            "net_income": 121357,
            "net_income_4q": null,
            "revenue": 3444743,
            "revenue_4q": null,
            "common_shares": 2131998,
            "book_valuer_per_share": 14.22,
            "book_valuer_per_share_4q_avg": 13.66,
            "equity": 3033591,
            "current_ratio": 196.19,
            "debt_ratio": 44.37,
            "inventory_turnover_ratio": 2.32,
            "account_receivable_turnover_ratio": null,
            "reinvestment_rate": 6.13,
            "research_to_sale_ratio": null,
            "price_fair": 47.78,
            "eps_avg_yearly": 1.37,
            "eps_latest_yearly": 2.28,
            "eps_growth_yearly": 70.64
        },
        "20082": {
            "year_quarter": 20082,
            "year": 2008,
            "quarter": 2,
            "eps": 0.34,
            "eps_growth_year": 17.24,
            "eps_4q": 1.71,
            "eps_4q_growth_year": 81.43,
            "roe": 2.46,
            "roe_4q": 12.7,
            "gross_profit": 416265,
            "gross_margin": 12.24,
            "gross_margin_4q_avg": 10.43,
            "net_income": 72710,
            "net_income_4q": null,
            "revenue": 3401545,
            "revenue_4q": null,
            "common_shares": 2135308,
            "book_valuer_per_share": 13.44,
            "book_valuer_per_share_4q_avg": 13.65,
            "equity": 2871093,
            "current_ratio": 186.93,
            "debt_ratio": 47.06,
            "inventory_turnover_ratio": 2.41,
            "account_receivable_turnover_ratio": null,
            "reinvestment_rate": 5.5,
            "research_to_sale_ratio": null,
            "price_fair": 41.33,
            "eps_avg_yearly": 1.34,
            "eps_latest_yearly": 1.36,
            "eps_growth_yearly": 20.84
        },
        "20083": {
            "year_quarter": 20083,
            "year": 2008,
            "quarter": 3,
            "eps": 0.14,
            "eps_growth_year": -62.16,
            "eps_4q": 1.53,
            "eps_4q_growth_year": 37.85,
            "roe": 0.95,
            "roe_4q": 10.85,
            "gross_profit": 354681,
            "gross_margin": 9.37,
            "gross_margin_4q_avg": 10.84,
            "net_income": 29087,
            "net_income_4q": null,
            "revenue": 3784163,
            "revenue_4q": null,
            "common_shares": 2140928,
            "book_valuer_per_share": 13.41,
            "book_valuer_per_share_4q_avg": 13.7,
            "equity": 3221155,
            "current_ratio": 200.08,
            "debt_ratio": 44.78,
            "inventory_turnover_ratio": 2.84,
            "account_receivable_turnover_ratio": null,
            "reinvestment_rate": 4.66,
            "research_to_sale_ratio": null,
            "price_fair": 27.36,
            "eps_avg_yearly": 1.29,
            "eps_latest_yearly": 0.56,
            "eps_growth_yearly": 11.25
        },
        "20084": {
            "year_quarter": 20084,
            "year": 2008,
            "quarter": 4,
            "eps": 0.1,
            "eps_growth_year": -78.26,
            "eps_4q": 1.36,
            "eps_4q_growth_year": 5.68,
            "roe": 0.56,
            "roe_4q": 8.05,
            "gross_profit": 338500,
            "gross_margin": 9.02,
            "gross_margin_4q_avg": 10.95,
            "net_income": 17937,
            "net_income_4q": null,
            "revenue": 3754780,
            "revenue_4q": null,
            "common_shares": 2140928,
            "book_valuer_per_share": 13.32,
            "book_valuer_per_share_4q_avg": 13.6,
            "equity": 3209524,
            "current_ratio": 201.2,
            "debt_ratio": 43.25,
            "inventory_turnover_ratio": 2.97,
            "account_receivable_turnover_ratio": 2.91,
            "reinvestment_rate": 4.77,
            "research_to_sale_ratio": null,
            "price_fair": 25.62,
            "eps_avg_yearly": 1.25,
            "eps_latest_yearly": 0.4,
            "eps_growth_yearly": 10.54
        },
        "20091": {
            "year_quarter": 20091,
            "year": 2009,
            "quarter": 1,
            "eps": 0.28,
            "eps_growth_year": -50.88,
            "eps_4q": 0.93,
            "eps_4q_growth_year": -43.87,
            "roe": 1.68,
            "roe_4q": 5.65,
            "gross_profit": 354971,
            "gross_margin": 11.97,
            "gross_margin_4q_avg": 10.65,
            "net_income": 54164,
            "net_income_4q": null,
            "revenue": 2964932,
            "revenue_4q": null,
            "common_shares": 2053578,
            "book_valuer_per_share": 14.02,
            "book_valuer_per_share_4q_avg": 13.55,
            "equity": 3235506,
            "current_ratio": 281.55,
            "debt_ratio": 31.06,
            "inventory_turnover_ratio": 2.51,
            "account_receivable_turnover_ratio": 1.36,
            "reinvestment_rate": 5.05,
            "research_to_sale_ratio": null,
            "price_fair": 42.26,
            "eps_avg_yearly": 1.21,
            "eps_latest_yearly": 1.12,
            "eps_growth_yearly": 38.23
        },
        "20092": {
            "year_quarter": 20092,
            "year": 2009,
            "quarter": 2,
            "eps": 0.35,
            "eps_growth_year": 2.94,
            "eps_4q": 0.82,
            "eps_4q_growth_year": -51.94,
            "roe": 2.41,
            "roe_4q": 5.6000000000000005,
            "gross_profit": 366559,
            "gross_margin": 11.06,
            "gross_margin_4q_avg": 10.36,
            "net_income": 75705,
            "net_income_4q": null,
            "revenue": 3314363,
            "revenue_4q": null,
            "common_shares": 2053578,
            "book_valuer_per_share": 13.25,
            "book_valuer_per_share_4q_avg": 13.5,
            "equity": 3044560,
            "current_ratio": 195.53,
            "debt_ratio": 43.32,
            "inventory_turnover_ratio": 2.89,
            "account_receivable_turnover_ratio": 1.68,
            "reinvestment_rate": -9.64,
            "research_to_sale_ratio": null,
            "price_fair": 41.48,
            "eps_avg_yearly": 1.19,
            "eps_latest_yearly": 1.4,
            "eps_growth_yearly": 44.48
        },
        "20093": {
            "year_quarter": 20093,
            "year": 2009,
            "quarter": 3,
            "eps": 0.29,
            "eps_growth_year": 107.14,
            "eps_4q": 0.89,
            "eps_4q_growth_year": -41.68,
            "roe": 2.21,
            "roe_4q": 6.859999999999999,
            "gross_profit": 349832,
            "gross_margin": 7.98,
            "gross_margin_4q_avg": 10.01,
            "net_income": 65802,
            "net_income_4q": null,
            "revenue": 4386519,
            "revenue_4q": null,
            "common_shares": 1642863,
            "book_valuer_per_share": 14.63,
            "book_valuer_per_share_4q_avg": 13.81,
            "equity": 2917200,
            "current_ratio": 160.73,
            "debt_ratio": 51.8,
            "inventory_turnover_ratio": 3.71,
            "account_receivable_turnover_ratio": 1.7,
            "reinvestment_rate": -8.5,
            "research_to_sale_ratio": null,
            "price_fair": 42.18,
            "eps_avg_yearly": 1.21,
            "eps_latest_yearly": 1.16,
            "eps_growth_yearly": 53.26
        },
        "20094": {
            "year_quarter": 20094,
            "year": 2009,
            "quarter": 4,
            "eps": 0.3,
            "eps_growth_year": 200,
            "eps_4q": 1.46,
            "eps_4q_growth_year": 7.87,
            "roe": 2.12,
            "roe_4q": 8.42,
            "gross_profit": 398033,
            "gross_margin": 9.3,
            "gross_margin_4q_avg": 10.08,
            "net_income": 62609,
            "net_income_4q": null,
            "revenue": 4281377,
            "revenue_4q": null,
            "common_shares": 1642862,
            "book_valuer_per_share": 15.19,
            "book_valuer_per_share_4q_avg": 14.27,
            "equity": 2976496,
            "current_ratio": 165.71,
            "debt_ratio": 49.65,
            "inventory_turnover_ratio": 3.52,
            "account_receivable_turnover_ratio": 3.03,
            "reinvestment_rate": -7.67,
            "research_to_sale_ratio": null,
            "price_fair": 42.79,
            "eps_avg_yearly": 1.22,
            "eps_latest_yearly": 1.2,
            "eps_growth_yearly": 51.74
        },
        "20101": {
            "year_quarter": 20101,
            "year": 2010,
            "quarter": 1,
            "eps": 0.42,
            "eps_growth_year": 50,
            "eps_4q": 1.5,
            "eps_4q_growth_year": 61.54,
            "roe": 2.29,
            "roe_4q": 9.030000000000001,
            "gross_profit": 359974,
            "gross_margin": 9.25,
            "gross_margin_4q_avg": 9.4,
            "net_income": 68205,
            "net_income_4q": null,
            "revenue": 3891203,
            "revenue_4q": null,
            "common_shares": 1642862,
            "book_valuer_per_share": 15.4,
            "book_valuer_per_share_4q_avg": 14.62,
            "equity": 2992744,
            "current_ratio": 175.94,
            "debt_ratio": 46.38,
            "inventory_turnover_ratio": 3.08,
            "account_receivable_turnover_ratio": 1.47,
            "reinvestment_rate": -5.9,
            "research_to_sale_ratio": 0.69,
            "price_fair": 43.75,
            "eps_avg_yearly": 1.25,
            "eps_latest_yearly": 1.68,
            "eps_growth_yearly": 53.05
        },
        "20102": {
            "year_quarter": 20102,
            "year": 2010,
            "quarter": 2,
            "eps": 0.5,
            "eps_growth_year": 43.36,
            "eps_4q": 1.56,
            "eps_4q_growth_year": 90.21,
            "roe": 3.41,
            "roe_4q": 10.030000000000001,
            "gross_profit": 431883,
            "gross_margin": 10.44,
            "gross_margin_4q_avg": 9.24,
            "net_income": 99918,
            "net_income_4q": null,
            "revenue": 4136096,
            "revenue_4q": null,
            "common_shares": 1642862,
            "book_valuer_per_share": 14.58,
            "book_valuer_per_share_4q_avg": 14.95,
            "equity": 2859099,
            "current_ratio": 162.81,
            "debt_ratio": 51.59,
            "inventory_turnover_ratio": 3.07,
            "account_receivable_turnover_ratio": 1.59,
            "reinvestment_rate": -6.47,
            "research_to_sale_ratio": 0.72,
            "price_fair": 44.8,
            "eps_avg_yearly": 1.28,
            "eps_latest_yearly": 2,
            "eps_growth_yearly": 52.16
        },
        "20103": {
            "year_quarter": 20103,
            "year": 2010,
            "quarter": 3,
            "eps": 0.02,
            "eps_growth_year": -93.08,
            "eps_4q": 1.25,
            "eps_4q_growth_year": 39.77,
            "roe": 0.37,
            "roe_4q": 8.190000000000001,
            "gross_profit": 390611,
            "gross_margin": 9.13,
            "gross_margin_4q_avg": 9.53,
            "net_income": 10557,
            "net_income_4q": null,
            "revenue": 4276896,
            "revenue_4q": null,
            "common_shares": 1642863,
            "book_valuer_per_share": 14.6,
            "book_valuer_per_share_4q_avg": 14.94,
            "equity": 2869174,
            "current_ratio": 165.12,
            "debt_ratio": 51.9,
            "inventory_turnover_ratio": 3.12,
            "account_receivable_turnover_ratio": 1.58,
            "reinvestment_rate": -8.86,
            "research_to_sale_ratio": 0.69,
            "price_fair": 43.05,
            "eps_avg_yearly": 1.23,
            "eps_latest_yearly": 0.08,
            "eps_growth_yearly": 38.69
        },
        "20104": {
            "year_quarter": 20104,
            "year": 2010,
            "quarter": 4,
            "eps": 0.55,
            "eps_growth_year": 84.01,
            "eps_4q": 1.47,
            "eps_4q_growth_year": 0.23,
            "roe": 3.5,
            "roe_4q": 9.57,
            "gross_profit": 427991,
            "gross_margin": 9.92,
            "gross_margin_4q_avg": 9.69,
            "net_income": 101710,
            "net_income_4q": null,
            "revenue": 4314697,
            "revenue_4q": null,
            "common_shares": 1642862,
            "book_valuer_per_share": 15.05,
            "book_valuer_per_share_4q_avg": 14.91,
            "equity": 2942140,
            "current_ratio": 170.35,
            "debt_ratio": 50.34,
            "inventory_turnover_ratio": 3.09,
            "account_receivable_turnover_ratio": 1.6,
            "reinvestment_rate": -13.61,
            "research_to_sale_ratio": 0.72,
            "price_fair": 45.24,
            "eps_avg_yearly": 1.29,
            "eps_latest_yearly": 2.2,
            "eps_growth_yearly": 692.1
        },
        "20111": {
            "year_quarter": 20111,
            "year": 2011,
            "quarter": 1,
            "eps": 0.33,
            "eps_growth_year": -21.43,
            "eps_4q": 1.4,
            "eps_4q_growth_year": -6.66,
            "roe": 1.99,
            "roe_4q": 9.27,
            "gross_profit": 346804,
            "gross_margin": 10.23,
            "gross_margin_4q_avg": 9.93,
            "net_income": 59228,
            "net_income_4q": null,
            "revenue": 3389093,
            "revenue_4q": null,
            "common_shares": 1642862,
            "book_valuer_per_share": 15.41,
            "book_valuer_per_share_4q_avg": 14.91,
            "equity": 3010694,
            "current_ratio": 208.27,
            "debt_ratio": 40.67,
            "inventory_turnover_ratio": 2.43,
            "account_receivable_turnover_ratio": 1.46,
            "reinvestment_rate": -11.6,
            "research_to_sale_ratio": 0.83,
            "price_fair": 46.46,
            "eps_avg_yearly": 1.33,
            "eps_latest_yearly": 1.32,
            "eps_growth_yearly": 691.27
        },
        "20112": {
            "year_quarter": 20112,
            "year": 2011,
            "quarter": 2,
            "eps": 0.28,
            "eps_growth_year": -43.47,
            "eps_4q": 1.18,
            "eps_4q_growth_year": -24.36,
            "roe": 1.57,
            "roe_4q": 7.430000000000001,
            "gross_profit": 374854,
            "gross_margin": 10.22,
            "gross_margin_4q_avg": 9.88,
            "net_income": 45741,
            "net_income_4q": null,
            "revenue": 3668538,
            "revenue_4q": null,
            "common_shares": 1642862,
            "book_valuer_per_share": 14.35,
            "book_valuer_per_share_4q_avg": 14.85,
            "equity": 2814524,
            "current_ratio": 176,
            "debt_ratio": 48.5,
            "inventory_turnover_ratio": 2.44,
            "account_receivable_turnover_ratio": 1.78,
            "reinvestment_rate": -5.1,
            "research_to_sale_ratio": 1.77,
            "price_fair": 46.38,
            "eps_avg_yearly": 1.33,
            "eps_latest_yearly": 1.12,
            "eps_growth_yearly": 674.32
        },
        "20113": {
            "year_quarter": 20113,
            "year": 2011,
            "quarter": 3,
            "eps": 0.5,
            "eps_growth_year": 2376,
            "eps_4q": 1.66,
            "eps_4q_growth_year": 32.77,
            "roe": 3,
            "roe_4q": 10.06,
            "gross_profit": 405987,
            "gross_margin": 9.18,
            "gross_margin_4q_avg": 9.89,
            "net_income": 86084,
            "net_income_4q": null,
            "revenue": 4421634,
            "revenue_4q": null,
            "common_shares": 1642863,
            "book_valuer_per_share": 14.93,
            "book_valuer_per_share_4q_avg": 14.94,
            "equity": 2921579,
            "current_ratio": 176.12,
            "debt_ratio": 50.42,
            "inventory_turnover_ratio": 2.75,
            "account_receivable_turnover_ratio": 1.82,
            "reinvestment_rate": -4.43,
            "research_to_sale_ratio": 0.7,
            "price_fair": 47.51,
            "eps_avg_yearly": 1.36,
            "eps_latest_yearly": 2,
            "eps_growth_yearly": 687.07
        },
        "20114": {
            "year_quarter": 20114,
            "year": 2011,
            "quarter": 4,
            "eps": 0.39,
            "eps_growth_year": -29.2,
            "eps_4q": 1.5,
            "eps_4q_growth_year": 2.17,
            "roe": 2.18,
            "roe_4q": 8.74,
            "gross_profit": 366655,
            "gross_margin": 8.88,
            "gross_margin_4q_avg": 9.63,
            "net_income": 64349,
            "net_income_4q": null,
            "revenue": 4130488,
            "revenue_4q": null,
            "common_shares": 1617358,
            "book_valuer_per_share": 15.3,
            "book_valuer_per_share_4q_avg": 15,
            "equity": 2979511,
            "current_ratio": 184.93,
            "debt_ratio": 47.82,
            "inventory_turnover_ratio": 2.74,
            "account_receivable_turnover_ratio": 1.56,
            "reinvestment_rate": -6.97,
            "research_to_sale_ratio": 0.66,
            "price_fair": 46.9,
            "eps_avg_yearly": 1.34,
            "eps_latest_yearly": 1.56,
            "eps_growth_yearly": 675.49
        },
        "20121": {
            "year_quarter": 20121,
            "year": 2012,
            "quarter": 1,
            "eps": 0.26,
            "eps_growth_year": -21.21,
            "eps_4q": 1.43,
            "eps_4q_growth_year": 2.19,
            "roe": 0.91,
            "roe_4q": 7.66,
            "gross_profit": 323279,
            "gross_margin": 9.24,
            "gross_margin_4q_avg": 9.38,
            "net_income": 27261,
            "net_income_4q": null,
            "revenue": 3498750,
            "revenue_4q": null,
            "common_shares": 1617358,
            "book_valuer_per_share": 15.52,
            "book_valuer_per_share_4q_avg": 15.03,
            "equity": 2997589,
            "current_ratio": 207.97,
            "debt_ratio": 41.64,
            "inventory_turnover_ratio": 2.51,
            "account_receivable_turnover_ratio": 1.47,
            "reinvestment_rate": -8.77,
            "research_to_sale_ratio": 0.96,
            "price_fair": 44.19,
            "eps_avg_yearly": 1.26,
            "eps_latest_yearly": 1.04,
            "eps_growth_yearly": 661.17
        },
        "20122": {
            "year_quarter": 20122,
            "year": 2012,
            "quarter": 2,
            "eps": 0.31,
            "eps_growth_year": 8.45,
            "eps_4q": 1.46,
            "eps_4q_growth_year": 23.05,
            "roe": 1.85,
            "roe_4q": 7.94,
            "gross_profit": 342500,
            "gross_margin": 9.15,
            "gross_margin_4q_avg": 9.11,
            "net_income": 53656,
            "net_income_4q": null,
            "revenue": 3743566,
            "revenue_4q": null,
            "common_shares": 1617358,
            "book_valuer_per_share": 14.49,
            "book_valuer_per_share_4q_avg": 15.06,
            "equity": 2816557,
            "current_ratio": 176.38,
            "debt_ratio": 48.7,
            "inventory_turnover_ratio": 2.61,
            "account_receivable_turnover_ratio": 1.69,
            "reinvestment_rate": -5.93,
            "research_to_sale_ratio": 0.71,
            "price_fair": 43.93,
            "eps_avg_yearly": 1.26,
            "eps_latest_yearly": 1.24,
            "eps_growth_yearly": 676.07
        },
        "20123": {
            "year_quarter": 20123,
            "year": 2012,
            "quarter": 3,
            "eps": 0.32,
            "eps_growth_year": -35.4,
            "eps_4q": 1.28,
            "eps_4q_growth_year": -22.9,
            "roe": 1.88,
            "roe_4q": 6.82,
            "gross_profit": 339932,
            "gross_margin": 8.09,
            "gross_margin_4q_avg": 8.84,
            "net_income": 53562,
            "net_income_4q": null,
            "revenue": 4203800,
            "revenue_4q": null,
            "common_shares": 1617358,
            "book_valuer_per_share": 14.8,
            "book_valuer_per_share_4q_avg": 15.03,
            "equity": 2866413,
            "current_ratio": 173.64,
            "debt_ratio": 49.53,
            "inventory_turnover_ratio": 2.75,
            "account_receivable_turnover_ratio": 1.77,
            "reinvestment_rate": 69.38,
            "research_to_sale_ratio": 0.61,
            "price_fair": 45.5,
            "eps_avg_yearly": 1.3,
            "eps_latest_yearly": 1.28,
            "eps_growth_yearly": 691.58
        },
        "20124": {
            "year_quarter": 20124,
            "year": 2012,
            "quarter": 4,
            "eps": 0.39,
            "eps_growth_year": -0.32,
            "eps_4q": 1.28,
            "eps_4q_growth_year": -14.7,
            "roe": 2.58,
            "roe_4q": 7.220000000000001,
            "gross_profit": 355475,
            "gross_margin": 8.85,
            "gross_margin_4q_avg": 8.83,
            "net_income": 75010,
            "net_income_4q": null,
            "revenue": 4018184,
            "revenue_4q": null,
            "common_shares": 1617358,
            "book_valuer_per_share": 15.18,
            "book_valuer_per_share_4q_avg": 15,
            "equity": 2937609,
            "current_ratio": 181.22,
            "debt_ratio": 46.62,
            "inventory_turnover_ratio": 2.71,
            "account_receivable_turnover_ratio": 1.63,
            "reinvestment_rate": 1.51,
            "research_to_sale_ratio": 0.72,
            "price_fair": 48.04,
            "eps_avg_yearly": 1.37,
            "eps_latest_yearly": 1.56,
            "eps_growth_yearly": 704.19
        },
        "20131": {
            "year_quarter": 20131,
            "year": 2013,
            "quarter": 1,
            "eps": 0.27,
            "eps_growth_year": 3.85,
            "eps_4q": 1.29,
            "eps_4q_growth_year": -9.84,
            "roe": 1.22,
            "roe_4q": 7.529999999999999,
            "gross_profit": 313619,
            "gross_margin": 9.59,
            "gross_margin_4q_avg": 8.92,
            "net_income": 35633,
            "net_income_4q": null,
            "revenue": 3271807,
            "revenue_4q": null,
            "common_shares": 1617358,
            "book_valuer_per_share": 15.19,
            "book_valuer_per_share_4q_avg": 14.92,
            "equity": 2903921,
            "current_ratio": 212.35,
            "debt_ratio": 41.25,
            "inventory_turnover_ratio": 2.22,
            "account_receivable_turnover_ratio": 1.53,
            "reinvestment_rate": 1.78,
            "research_to_sale_ratio": 1.15,
            "price_fair": 47.95,
            "eps_avg_yearly": 1.37,
            "eps_latest_yearly": 1.08,
            "eps_growth_yearly": 651.5
        },
        "20132": {
            "year_quarter": 20132,
            "year": 2013,
            "quarter": 2,
            "eps": 0.14,
            "eps_growth_year": -54.49,
            "eps_4q": 1.12,
            "eps_4q_growth_year": -23,
            "roe": 0.99,
            "roe_4q": 6.67,
            "gross_profit": 284448,
            "gross_margin": 8.48,
            "gross_margin_4q_avg": 8.75,
            "net_income": 28022,
            "net_income_4q": null,
            "revenue": 3353265,
            "revenue_4q": null,
            "common_shares": 1617358,
            "book_valuer_per_share": 14.18,
            "book_valuer_per_share_4q_avg": 14.84,
            "equity": 2748070,
            "current_ratio": 186.35,
            "debt_ratio": 46.12,
            "inventory_turnover_ratio": 2.29,
            "account_receivable_turnover_ratio": 1.69,
            "reinvestment_rate": 0.45,
            "research_to_sale_ratio": 0.86,
            "price_fair": 46.11,
            "eps_avg_yearly": 1.32,
            "eps_latest_yearly": 0.56,
            "eps_growth_yearly": 633.21
        },
        "20133": {
            "year_quarter": 20133,
            "year": 2013,
            "quarter": 3,
            "eps": 0.25,
            "eps_growth_year": -22.18,
            "eps_4q": 1.05,
            "eps_4q_growth_year": -17.73,
            "roe": 1.67,
            "roe_4q": 6.46,
            "gross_profit": 315406,
            "gross_margin": 8.39,
            "gross_margin_4q_avg": 8.83,
            "net_income": 46181,
            "net_income_4q": null,
            "revenue": 3758496,
            "revenue_4q": null,
            "common_shares": 1617358,
            "book_valuer_per_share": 14.43,
            "book_valuer_per_share_4q_avg": 14.75,
            "equity": 2793000,
            "current_ratio": 182.43,
            "debt_ratio": 47.48,
            "inventory_turnover_ratio": 2.68,
            "account_receivable_turnover_ratio": 1.69,
            "reinvestment_rate": 0.48,
            "research_to_sale_ratio": 0.61,
            "price_fair": 45.76,
            "eps_avg_yearly": 1.31,
            "eps_latest_yearly": 1,
            "eps_growth_yearly": 657.14
        },
        "20134": {
            "year_quarter": 20134,
            "year": 2013,
            "quarter": 4,
            "eps": 0.31,
            "eps_growth_year": -20.68,
            "eps_4q": 0.97,
            "eps_4q_growth_year": -23.95,
            "roe": 2.02,
            "roe_4q": 5.8999999999999995,
            "gross_profit": 340895,
            "gross_margin": 8.3,
            "gross_margin_4q_avg": 8.69,
            "net_income": 56927,
            "net_income_4q": null,
            "revenue": 4106814,
            "revenue_4q": null,
            "common_shares": 1617358,
            "book_valuer_per_share": 14.76,
            "book_valuer_per_share_4q_avg": 14.64,
            "equity": 2854633,
            "current_ratio": 171.97,
            "debt_ratio": 50.21,
            "inventory_turnover_ratio": 2.93,
            "account_receivable_turnover_ratio": 1.65,
            "reinvestment_rate": -0.29,
            "research_to_sale_ratio": 0.6,
            "price_fair": 45.85,
            "eps_avg_yearly": 1.31,
            "eps_latest_yearly": 1.24,
            "eps_growth_yearly": 662.28
        },
        "20141": {
            "year_quarter": 20141,
            "year": 2014,
            "quarter": 1,
            "eps": 0.4,
            "eps_growth_year": 48.15,
            "eps_4q": 1.1,
            "eps_4q_growth_year": -14.81,
            "roe": 2.3,
            "roe_4q": 6.98,
            "gross_profit": 337167,
            "gross_margin": 9.94,
            "gross_margin_4q_avg": 8.78,
            "net_income": 66379,
            "net_income_4q": null,
            "revenue": 3391983,
            "revenue_4q": null,
            "common_shares": 1617358,
            "book_valuer_per_share": 15.18,
            "book_valuer_per_share_4q_avg": 14.64,
            "equity": 2927977,
            "current_ratio": 203.31,
            "debt_ratio": 42.03,
            "inventory_turnover_ratio": 2.39,
            "account_receivable_turnover_ratio": 1.45,
            "reinvestment_rate": -1.35,
            "research_to_sale_ratio": 0.6,
            "price_fair": 45.68,
            "eps_avg_yearly": 1.31,
            "eps_latest_yearly": 1.6,
            "eps_growth_yearly": 659.54
        },
        "20142": {
            "year_quarter": 20142,
            "year": 2014,
            "quarter": 2,
            "eps": 0.37,
            "eps_growth_year": 164.29,
            "eps_4q": 1.33,
            "eps_4q_growth_year": 18.7,
            "roe": 2.27,
            "roe_4q": 8.26,
            "gross_profit": 357748,
            "gross_margin": 9.35,
            "gross_margin_4q_avg": 9,
            "net_income": 65150,
            "net_income_4q": null,
            "revenue": 3826731,
            "revenue_4q": null,
            "common_shares": 1617358,
            "book_valuer_per_share": 14.52,
            "book_valuer_per_share_4q_avg": 14.72,
            "equity": 2816466,
            "current_ratio": 174.98,
            "debt_ratio": 47.48,
            "inventory_turnover_ratio": 2.77,
            "account_receivable_turnover_ratio": 1.73,
            "reinvestment_rate": -2.22,
            "research_to_sale_ratio": 0.6,
            "price_fair": 44.54,
            "eps_avg_yearly": 1.27,
            "eps_latest_yearly": 1.48,
            "eps_growth_yearly": 652.9
        },
        "20143": {
            "year_quarter": 20143,
            "year": 2014,
            "quarter": 3,
            "eps": 0.47,
            "eps_growth_year": 88,
            "eps_4q": 1.55,
            "eps_4q_growth_year": 47.29,
            "roe": 2.8,
            "roe_4q": 9.39,
            "gross_profit": 362261,
            "gross_margin": 8.6,
            "gross_margin_4q_avg": 9.05,
            "net_income": 79894,
            "net_income_4q": null,
            "revenue": 4210358,
            "revenue_4q": null,
            "common_shares": 1617358,
            "book_valuer_per_share": 15,
            "book_valuer_per_share_4q_avg": 14.87,
            "equity": 2897551,
            "current_ratio": 173.44,
            "debt_ratio": 48.37,
            "inventory_turnover_ratio": 2.98,
            "account_receivable_turnover_ratio": 1.68,
            "reinvestment_rate": -1.92,
            "research_to_sale_ratio": 0.56,
            "price_fair": 48.48,
            "eps_avg_yearly": 1.39,
            "eps_latest_yearly": 1.88,
            "eps_growth_yearly": 683.66
        },
        "20144": {
            "year_quarter": 20144,
            "year": 2014,
            "quarter": 4,
            "eps": 0.31,
            "eps_growth_year": 1.83,
            "eps_4q": 1.56,
            "eps_4q_growth_year": 60.08,
            "roe": 1.86,
            "roe_4q": 9.23,
            "gross_profit": 352242,
            "gross_margin": 8.8,
            "gross_margin_4q_avg": 9.17,
            "net_income": 54485,
            "net_income_4q": null,
            "revenue": 4002039,
            "revenue_4q": null,
            "common_shares": 1617358,
            "book_valuer_per_share": 15.33,
            "book_valuer_per_share_4q_avg": 15.01,
            "equity": 2957286,
            "current_ratio": 179.36,
            "debt_ratio": 45.88,
            "inventory_turnover_ratio": 2.79,
            "account_receivable_turnover_ratio": 1.55,
            "reinvestment_rate": -2.76,
            "research_to_sale_ratio": 0.69,
            "price_fair": 30.01,
            "eps_avg_yearly": 1.33,
            "eps_latest_yearly": 1.24,
            "eps_growth_yearly": 12.65
        },
        "20151": {
            "year_quarter": 20151,
            "year": 2015,
            "quarter": 1,
            "eps": 0.44,
            "eps_growth_year": 10,
            "eps_4q": 1.6,
            "eps_4q_growth_year": 45.42,
            "roe": 2.49,
            "roe_4q": 9.42,
            "gross_profit": 359282,
            "gross_margin": 10.23,
            "gross_margin_4q_avg": 9.25,
            "net_income": 74487,
            "net_income_4q": null,
            "revenue": 3511795,
            "revenue_4q": null,
            "common_shares": 1617358,
            "book_valuer_per_share": 15.74,
            "book_valuer_per_share_4q_avg": 15.15,
            "equity": 3023871,
            "current_ratio": 197.74,
            "debt_ratio": 40.19,
            "inventory_turnover_ratio": 2.54,
            "account_receivable_turnover_ratio": 1.48,
            "reinvestment_rate": -3.81,
            "research_to_sale_ratio": 0.71,
            "price_fair": 47.34,
            "eps_avg_yearly": 1.35,
            "eps_latest_yearly": 1.76,
            "eps_growth_yearly": 33.13
        },
        "20152": {
            "year_quarter": 20152,
            "year": 2015,
            "quarter": 2,
            "eps": 0.25,
            "eps_growth_year": -32.43,
            "eps_4q": 1.48,
            "eps_4q_growth_year": 11.35,
            "roe": 1.4,
            "roe_4q": 8.55,
            "gross_profit": 343801,
            "gross_margin": 9.11,
            "gross_margin_4q_avg": 9.19,
            "net_income": 41039,
            "net_income_4q": null,
            "revenue": 3775054,
            "revenue_4q": null,
            "common_shares": 1617358,
            "book_valuer_per_share": 14.78,
            "book_valuer_per_share_4q_avg": 15.21,
            "equity": 2851585,
            "current_ratio": 169.81,
            "debt_ratio": 47.22,
            "inventory_turnover_ratio": 2.79,
            "account_receivable_turnover_ratio": 1.63,
            "reinvestment_rate": -3.14,
            "research_to_sale_ratio": 0.83,
            "price_fair": 47.08,
            "eps_avg_yearly": 1.35,
            "eps_latest_yearly": 1,
            "eps_growth_yearly": 26.12
        },
        "20153": {
            "year_quarter": 20153,
            "year": 2015,
            "quarter": 3,
            "eps": 0.35,
            "eps_growth_year": -25.53,
            "eps_4q": 1.36,
            "eps_4q_growth_year": -12.51,
            "roe": 1.98,
            "roe_4q": 7.73,
            "gross_profit": 362946,
            "gross_margin": 8.77,
            "gross_margin_4q_avg": 9.23,
            "net_income": 57211,
            "net_income_4q": null,
            "revenue": 4137966,
            "revenue_4q": null,
            "common_shares": 1617358,
            "book_valuer_per_share": 15.19,
            "book_valuer_per_share_4q_avg": 15.26,
            "equity": 2926562,
            "current_ratio": 164.77,
            "debt_ratio": 49.56,
            "inventory_turnover_ratio": 2.83,
            "account_receivable_turnover_ratio": 1.62,
            "reinvestment_rate": -4.79,
            "research_to_sale_ratio": 0.76,
            "price_fair": 34.62,
            "eps_avg_yearly": 1.31,
            "eps_latest_yearly": 1.4,
            "eps_growth_yearly": 16.48
        },
        "20154": {
            "year_quarter": 20154,
            "year": 2015,
            "quarter": 4,
            "eps": 0.34,
            "eps_growth_year": 8.33,
            "eps_4q": 1.38,
            "eps_4q_growth_year": -11.14,
            "roe": 2.21,
            "roe_4q": 8.08,
            "gross_profit": 393772,
            "gross_margin": 9.16,
            "gross_margin_4q_avg": 9.32,
            "net_income": 65507,
            "net_income_4q": null,
            "revenue": 4301080,
            "revenue_4q": null,
            "common_shares": 1617358,
            "book_valuer_per_share": 15.52,
            "book_valuer_per_share_4q_avg": 15.31,
            "equity": 2989850,
            "current_ratio": 162.72,
            "debt_ratio": 50.61,
            "inventory_turnover_ratio": 2.58,
            "account_receivable_turnover_ratio": 1.57,
            "reinvestment_rate": -4.03,
            "research_to_sale_ratio": 0.74,
            "price_fair": 40.49,
            "eps_avg_yearly": 1.3,
            "eps_latest_yearly": 1.36,
            "eps_growth_yearly": 21.27
        },
        "20161": {
            "year_quarter": 20161,
            "year": 2016,
            "quarter": 1,
            "eps": 0.44,
            "eps_growth_year": 0,
            "eps_4q": 1.38,
            "eps_4q_growth_year": -13.57,
            "roe": 2.27,
            "roe_4q": 7.860000000000001,
            "gross_profit": 385679,
            "gross_margin": 10.54,
            "gross_margin_4q_avg": 9.4,
            "net_income": 68629,
            "net_income_4q": null,
            "revenue": 3659981,
            "revenue_4q": null,
            "common_shares": 1617358,
            "book_valuer_per_share": 15.95,
            "book_valuer_per_share_4q_avg": 15.36,
            "equity": 3056651,
            "current_ratio": 180.78,
            "debt_ratio": 44.11,
            "inventory_turnover_ratio": 2.15,
            "account_receivable_turnover_ratio": 1.44,
            "reinvestment_rate": -3.15,
            "research_to_sale_ratio": 1.02,
            "price_fair": 46.9,
            "eps_avg_yearly": 1.34,
            "eps_latest_yearly": 1.76,
            "eps_growth_yearly": 36.95
        },
        "20162": {
            "year_quarter": 20162,
            "year": 2016,
            "quarter": 2,
            "eps": 0.33,
            "eps_growth_year": 32,
            "eps_4q": 1.47,
            "eps_4q_growth_year": -1.15,
            "roe": 1.95,
            "roe_4q": 8.41,
            "gross_profit": 369496,
            "gross_margin": 9.64,
            "gross_margin_4q_avg": 9.53,
            "net_income": 58165,
            "net_income_4q": null,
            "revenue": 3832646,
            "revenue_4q": null,
            "common_shares": 1617358,
            "book_valuer_per_share": 15.04,
            "book_valuer_per_share_4q_avg": 15.43,
            "equity": 2900350,
            "current_ratio": 158.81,
            "debt_ratio": 51.41,
            "inventory_turnover_ratio": 2.34,
            "account_receivable_turnover_ratio": 1.56,
            "reinvestment_rate": -1.94,
            "research_to_sale_ratio": 0.82,
            "price_fair": 47.08,
            "eps_avg_yearly": 1.35,
            "eps_latest_yearly": 1.32,
            "eps_growth_yearly": 25.89
        },
        "20163": {
            "year_quarter": 20163,
            "year": 2016,
            "quarter": 3,
            "eps": 0.4,
            "eps_growth_year": 14.29,
            "eps_4q": 1.52,
            "eps_4q_growth_year": 11.84,
            "roe": 2.49,
            "roe_4q": 8.920000000000002,
            "gross_profit": 389763,
            "gross_margin": 9.03,
            "gross_margin_4q_avg": 9.59,
            "net_income": 73154,
            "net_income_4q": null,
            "revenue": 4314604,
            "revenue_4q": null,
            "common_shares": 1617358,
            "book_valuer_per_share": 15.41,
            "book_valuer_per_share_4q_avg": 15.48,
            "equity": 2967492,
            "current_ratio": 156.47,
            "debt_ratio": 52.73,
            "inventory_turnover_ratio": 2.5,
            "account_receivable_turnover_ratio": 1.57,
            "reinvestment_rate": -75.08,
            "research_to_sale_ratio": 0.65,
            "price_fair": 47.78,
            "eps_avg_yearly": 1.37,
            "eps_latest_yearly": 1.6,
            "eps_growth_yearly": 30.39
        },
        "20164": {
            "year_quarter": 20164,
            "year": 2016,
            "quarter": 4,
            "eps": 0.27,
            "eps_growth_year": -21.76,
            "eps_4q": 1.44,
            "eps_4q_growth_year": 4.36,
            "roe": 1.63,
            "roe_4q": 8.34,
            "gross_profit": 378455,
            "gross_margin": 8.65,
            "gross_margin_4q_avg": 9.47,
            "net_income": 48782,
            "net_income_4q": null,
            "revenue": 4372798,
            "revenue_4q": null,
            "common_shares": 1617358,
            "book_valuer_per_share": 15.68,
            "book_valuer_per_share_4q_avg": 15.52,
            "equity": 3019283,
            "current_ratio": 160.66,
            "debt_ratio": 51.16,
            "inventory_turnover_ratio": 2.6,
            "account_receivable_turnover_ratio": 1.51,
            "reinvestment_rate": -8.05,
            "research_to_sale_ratio": 0.66,
            "price_fair": 35.78,
            "eps_avg_yearly": 1.34,
            "eps_latest_yearly": 1.08,
            "eps_growth_yearly": 16.8
        },
        "20171": {
            "year_quarter": 20171,
            "year": 2017,
            "quarter": 1,
            "eps": 0.43,
            "eps_growth_year": -2.27,
            "eps_4q": 1.43,
            "eps_4q_growth_year": 3.67,
            "roe": 2.2,
            "roe_4q": 8.27,
            "gross_profit": 374599,
            "gross_margin": 9.72,
            "gross_margin_4q_avg": 9.26,
            "net_income": 67090,
            "net_income_4q": null,
            "revenue": 3855796,
            "revenue_4q": null,
            "common_shares": 1617358,
            "book_valuer_per_share": 16.06,
            "book_valuer_per_share_4q_avg": 15.55,
            "equity": 3071854,
            "current_ratio": 179.46,
            "debt_ratio": 44.93,
            "inventory_turnover_ratio": 2.36,
            "account_receivable_turnover_ratio": 1.46,
            "reinvestment_rate": -7.16,
            "research_to_sale_ratio": 0.68,
            "price_fair": 48.13,
            "eps_avg_yearly": 1.38,
            "eps_latest_yearly": 1.72,
            "eps_growth_yearly": 39.3
        },
        "20172": {
            "year_quarter": 20172,
            "year": 2017,
            "quarter": 2,
            "eps": 0.38,
            "eps_growth_year": 15.15,
            "eps_4q": 1.48,
            "eps_4q_growth_year": 1.32,
            "roe": 2.21,
            "roe_4q": 8.530000000000001,
            "gross_profit": 386417,
            "gross_margin": 9.74,
            "gross_margin_4q_avg": 9.29,
            "net_income": 66128,
            "net_income_4q": null,
            "revenue": 3969117,
            "revenue_4q": null,
            "common_shares": 1617358,
            "book_valuer_per_share": 15.15,
            "book_valuer_per_share_4q_avg": 15.58,
            "equity": 2916887,
            "current_ratio": 163.03,
            "debt_ratio": 49.77,
            "inventory_turnover_ratio": 2.36,
            "account_receivable_turnover_ratio": 1.65,
            "reinvestment_rate": -6.19,
            "research_to_sale_ratio": 0.85,
            "price_fair": 50.23,
            "eps_avg_yearly": 1.44,
            "eps_latest_yearly": 1.52,
            "eps_growth_yearly": 48.43
        },
        "20173": {
            "year_quarter": 20173,
            "year": 2017,
            "quarter": 3,
            "eps": 0.5,
            "eps_growth_year": 25,
            "eps_4q": 1.59,
            "eps_4q_growth_year": 4.44,
            "roe": 3.26,
            "roe_4q": 9.3,
            "gross_profit": 429982,
            "gross_margin": 9.21,
            "gross_margin_4q_avg": 9.33,
            "net_income": 96536,
            "net_income_4q": null,
            "revenue": 4666614,
            "revenue_4q": null,
            "common_shares": 1617358,
            "book_valuer_per_share": 15.65,
            "book_valuer_per_share_4q_avg": 15.64,
            "equity": 3013826,
            "current_ratio": 163.41,
            "debt_ratio": 49.78,
            "inventory_turnover_ratio": 2.79,
            "account_receivable_turnover_ratio": 1.82,
            "reinvestment_rate": -2.65,
            "research_to_sale_ratio": 0.73,
            "price_fair": 52.41,
            "eps_avg_yearly": 1.5,
            "eps_latest_yearly": 2,
            "eps_growth_yearly": 36.69
        },
        "20174": {
            "year_quarter": 20174,
            "year": 2017,
            "quarter": 4,
            "eps": 0.27,
            "eps_growth_year": 3.03,
            "eps_4q": 1.59,
            "eps_4q_growth_year": 10.37,
            "roe": 1.53,
            "roe_4q": 9.2,
            "gross_profit": 384163,
            "gross_margin": 8.83,
            "gross_margin_4q_avg": 9.38,
            "net_income": 46329,
            "net_income_4q": null,
            "revenue": 4353002,
            "revenue_4q": null,
            "common_shares": 1617358,
            "book_valuer_per_share": 15.9,
            "book_valuer_per_share_4q_avg": 15.69,
            "equity": 3053708,
            "current_ratio": 169.53,
            "debt_ratio": 47.85,
            "inventory_turnover_ratio": 2.76,
            "account_receivable_turnover_ratio": 1.62,
            "reinvestment_rate": -3.49,
            "research_to_sale_ratio": 0.74,
            "price_fair": 43.42,
            "eps_avg_yearly": 1.49,
            "eps_latest_yearly": 1.08,
            "eps_growth_yearly": 19.19
        },
        "20181": {
            "year_quarter": 20181,
            "year": 2018,
            "quarter": 1,
            "eps": 0.49,
            "eps_growth_year": 13.95,
            "eps_4q": 1.65,
            "eps_4q_growth_year": 15.35,
            "roe": 2.51,
            "roe_4q": 9.51,
            "gross_profit": 384092,
            "gross_margin": 9.66,
            "gross_margin_4q_avg": 9.36,
            "net_income": 77487,
            "net_income_4q": null,
            "revenue": 3976224,
            "revenue_4q": null,
            "common_shares": 1617358,
            "book_valuer_per_share": 16.38,
            "book_valuer_per_share_4q_avg": 15.77,
            "equity": 3124923,
            "current_ratio": 197.88,
            "debt_ratio": 39.99,
            "inventory_turnover_ratio": 2.68,
            "account_receivable_turnover_ratio": 1.65,
            "reinvestment_rate": -6.14,
            "research_to_sale_ratio": 0.67,
            "price_fair": 52.85,
            "eps_avg_yearly": 1.51,
            "eps_latest_yearly": 1.96,
            "eps_growth_yearly": 32.3
        },
        "20182": {
            "year_quarter": 20182,
            "year": 2018,
            "quarter": 2,
            "eps": 0.39,
            "eps_growth_year": 2.63,
            "eps_4q": 1.66,
            "eps_4q_growth_year": 11.7,
            "roe": 2.1,
            "roe_4q": 9.399999999999999,
            "gross_profit": 382456,
            "gross_margin": 9.62,
            "gross_margin_4q_avg": 9.33,
            "net_income": 63986,
            "net_income_4q": null,
            "revenue": 3974011,
            "revenue_4q": null,
            "common_shares": 1617358,
            "book_valuer_per_share": 15.41,
            "book_valuer_per_share_4q_avg": 15.84,
            "equity": 2957697,
            "current_ratio": 167.26,
            "debt_ratio": 47.99,
            "inventory_turnover_ratio": 2.55,
            "account_receivable_turnover_ratio": 1.72,
            "reinvestment_rate": -5.04,
            "research_to_sale_ratio": 0.6,
            "price_fair": 53.03,
            "eps_avg_yearly": 1.52,
            "eps_latest_yearly": 1.56,
            "eps_growth_yearly": 29.07
        },
        "20183": {
            "year_quarter": 20183,
            "year": 2018,
            "quarter": 3,
            "eps": 0.39,
            "eps_growth_year": -22,
            "eps_4q": 1.55,
            "eps_4q_growth_year": -2.26,
            "roe": 2.19,
            "roe_4q": 8.33,
            "gross_profit": 387156,
            "gross_margin": 8.64,
            "gross_margin_4q_avg": 9.19,
            "net_income": 65479,
            "net_income_4q": null,
            "revenue": 4479352,
            "revenue_4q": null,
            "common_shares": 1617358,
            "book_valuer_per_share": 15.8,
            "book_valuer_per_share_4q_avg": 15.87,
            "equity": 3022388,
            "current_ratio": 160.37,
            "debt_ratio": 51.47,
            "inventory_turnover_ratio": 2.61,
            "account_receivable_turnover_ratio": 1.66,
            "reinvestment_rate": -5.31,
            "research_to_sale_ratio": 0.65,
            "price_fair": 48.31,
            "eps_avg_yearly": 1.5,
            "eps_latest_yearly": 1.56,
            "eps_growth_yearly": 22.32
        },
        "20184": {
            "year_quarter": 20184,
            "year": 2018,
            "quarter": 4,
            "eps": 0.3,
            "eps_growth_year": 10.42,
            "eps_4q": 1.58,
            "eps_4q_growth_year": -0.96,
            "roe": 1.76,
            "roe_4q": 8.56,
            "gross_profit": 389885,
            "gross_margin": 8.26,
            "gross_margin_4q_avg": 9.05,
            "net_income": 53551,
            "net_income_4q": null,
            "revenue": 4718124,
            "revenue_4q": null,
            "common_shares": 1617358,
            "book_valuer_per_share": 16.11,
            "book_valuer_per_share_4q_avg": 15.93,
            "equity": 3077324,
            "current_ratio": 167.85,
            "debt_ratio": 48.68,
            "inventory_turnover_ratio": 2.85,
            "account_receivable_turnover_ratio": 1.62,
            "reinvestment_rate": -3.97,
            "research_to_sale_ratio": 0.71,
            "price_fair": 52.24,
            "eps_avg_yearly": 1.49,
            "eps_latest_yearly": 1.2,
            "eps_growth_yearly": 25.06
        },
        "20191": {
            "year_quarter": 20191,
            "year": 2019,
            "quarter": 1,
            "eps": 0.53,
            "eps_growth_year": 8.16,
            "eps_4q": 1.61,
            "eps_4q_growth_year": -2.52,
            "roe": 2.51,
            "roe_4q": 8.559999999999999,
            "gross_profit": 413421,
            "gross_margin": 9.84,
            "gross_margin_4q_avg": 9.09,
            "net_income": 78327,
            "net_income_4q": null,
            "revenue": 4200504,
            "revenue_4q": null,
            "common_shares": 1617358,
            "book_valuer_per_share": 16.63,
            "book_valuer_per_share_4q_avg": 15.99,
            "equity": 3156123,
            "current_ratio": 177.49,
            "debt_ratio": 45.6,
            "inventory_turnover_ratio": 2.7,
            "account_receivable_turnover_ratio": 1.51,
            "reinvestment_rate": -3.93,
            "research_to_sale_ratio": 0.82,
            "price_fair": 53.03,
            "eps_avg_yearly": 1.52,
            "eps_latest_yearly": 2.12,
            "eps_growth_yearly": 33.74
        },
        "20192": {
            "year_quarter": 20192,
            "year": 2019,
            "quarter": 2,
            "eps": 0.43,
            "eps_growth_year": 10.26,
            "eps_4q": 1.65,
            "eps_4q_growth_year": -0.51,
            "roe": 2.23,
            "roe_4q": 8.69,
            "gross_profit": 396330,
            "gross_margin": 9.35,
            "gross_margin_4q_avg": 9.02,
            "net_income": 68547,
            "net_income_4q": null,
            "revenue": 4239869,
            "revenue_4q": null,
            "common_shares": 1617358,
            "book_valuer_per_share": 15.62,
            "book_valuer_per_share_4q_avg": 16.04,
            "equity": 2980099,
            "current_ratio": 150.25,
            "debt_ratio": 54.15,
            "inventory_turnover_ratio": 2.54,
            "account_receivable_turnover_ratio": 1.49,
            "reinvestment_rate": -4.94,
            "research_to_sale_ratio": 0.78,
            "price_fair": 54.6,
            "eps_avg_yearly": 1.56,
            "eps_latest_yearly": 1.72,
            "eps_growth_yearly": 39.82
        },
        "20193": {
            "year_quarter": 20193,
            "year": 2019,
            "quarter": 3,
            "eps": 0.48,
            "eps_growth_year": 23.08,
            "eps_4q": 1.74,
            "eps_4q_growth_year": 12.05,
            "roe": 2.74,
            "roe_4q": 9.24,
            "gross_profit": 423268,
            "gross_margin": 8.21,
            "gross_margin_4q_avg": 8.92,
            "net_income": 82702,
            "net_income_4q": null,
            "revenue": 5157947,
            "revenue_4q": null,
            "common_shares": 1617358,
            "book_valuer_per_share": 16.09,
            "book_valuer_per_share_4q_avg": 16.11,
            "equity": 3059621,
            "current_ratio": 138.76,
            "debt_ratio": 57.41,
            "inventory_turnover_ratio": 2.87,
            "account_receivable_turnover_ratio": 1.59,
            "reinvestment_rate": 23.73,
            "research_to_sale_ratio": 0.49,
            "price_fair": 55.74,
            "eps_avg_yearly": 1.59,
            "eps_latest_yearly": 1.92,
            "eps_growth_yearly": 32.73
        },
        "20194": {
            "year_quarter": 20194,
            "year": 2019,
            "quarter": 4,
            "eps": 0.38,
            "eps_growth_year": 25.84,
            "eps_4q": 1.81,
            "eps_4q_growth_year": 14.98,
            "roe": 2.3,
            "roe_4q": 9.78,
            "gross_profit": 399655,
            "gross_margin": 7.43,
            "gross_margin_4q_avg": 8.71,
            "net_income": 71076,
            "net_income_4q": null,
            "revenue": 5375705,
            "revenue_4q": null,
            "common_shares": 1617358,
            "book_valuer_per_share": 16.44,
            "book_valuer_per_share_4q_avg": 16.2,
            "equity": 3120792,
            "current_ratio": 146.34,
            "debt_ratio": 55.7,
            "inventory_turnover_ratio": 3.07,
            "account_receivable_turnover_ratio": 1.59,
            "reinvestment_rate": 23.76,
            "research_to_sale_ratio": 0.61,
            "price_fair": 56.09,
            "eps_avg_yearly": 1.6,
            "eps_latest_yearly": 1.52,
            "eps_growth_yearly": 28.23
        },
        "20201": {
            "year_quarter": 20201,
            "year": 2020,
            "quarter": 1,
            "eps": 0.61,
            "eps_growth_year": 15.09,
            "eps_4q": 1.9,
            "eps_4q_growth_year": 17.95,
            "roe": 2.97,
            "roe_4q": 10.24,
            "gross_profit": 429981,
            "gross_margin": 8.72,
            "gross_margin_4q_avg": 8.43,
            "net_income": 94082,
            "net_income_4q": null,
            "revenue": 4929520,
            "revenue_4q": null,
            "common_shares": 1617358,
            "book_valuer_per_share": 17.05,
            "book_valuer_per_share_4q_avg": 16.3,
            "equity": 3215067,
            "current_ratio": 152.93,
            "debt_ratio": 52.43,
            "inventory_turnover_ratio": 2.81,
            "account_receivable_turnover_ratio": 1.59,
            "reinvestment_rate": 22.1,
            "research_to_sale_ratio": 0.59,
            "price_fair": 57.58,
            "eps_avg_yearly": 1.65,
            "eps_latest_yearly": 2.44,
            "eps_growth_yearly": 36.01
        },
        "20202": {
            "year_quarter": 20202,
            "year": 2020,
            "quarter": 2,
            "eps": 0.54,
            "eps_growth_year": 25.58,
            "eps_4q": 2.01,
            "eps_4q_growth_year": 21.92,
            "roe": 2.65,
            "roe_4q": 10.66,
            "gross_profit": 420871,
            "gross_margin": 7.7,
            "gross_margin_4q_avg": 8.02,
            "net_income": 83128,
            "net_income_4q": null,
            "revenue": 5466431,
            "revenue_4q": null,
            "common_shares": 1617358,
            "book_valuer_per_share": 16.07,
            "book_valuer_per_share_4q_avg": 16.41,
            "equity": 3048056,
            "current_ratio": 131.66,
            "debt_ratio": 62.62,
            "inventory_turnover_ratio": 2.89,
            "account_receivable_turnover_ratio": 1.6,
            "reinvestment_rate": 21.24,
            "research_to_sale_ratio": 0.6,
            "price_fair": 59.41,
            "eps_avg_yearly": 1.7,
            "eps_latest_yearly": 2.16,
            "eps_growth_yearly": 39.39
        },
        "20203": {
            "year_quarter": 20203,
            "year": 2020,
            "quarter": 3,
            "eps": 0.59,
            "eps_growth_year": 22.92,
            "eps_4q": 2.12,
            "eps_4q_growth_year": 22.21,
            "roe": 3.32,
            "roe_4q": 11.239999999999998,
            "gross_profit": 441171,
            "gross_margin": 7.58,
            "gross_margin_4q_avg": 7.86,
            "net_income": 102728,
            "net_income_4q": null,
            "revenue": 5818839,
            "revenue_4q": null,
            "common_shares": 1617358,
            "book_valuer_per_share": 16.66,
            "book_valuer_per_share_4q_avg": 16.56,
            "equity": 3149557,
            "current_ratio": 138.38,
            "debt_ratio": 58.76,
            "inventory_turnover_ratio": 3.1,
            "account_receivable_turnover_ratio": 1.52,
            "reinvestment_rate": 20.21,
            "research_to_sale_ratio": 0.54,
            "price_fair": 61.08,
            "eps_avg_yearly": 1.75,
            "eps_latest_yearly": 2.36,
            "eps_growth_yearly": 36.4
        },
        "20204": {
            "year_quarter": 20204,
            "year": 2020,
            "quarter": 4,
            "eps": 0.51,
            "eps_growth_year": 34.49,
            "eps_4q": 2.25,
            "eps_4q_growth_year": 24.19,
            "roe": 2.88,
            "roe_4q": 11.82,
            "gross_profit": 435351,
            "gross_margin": 8.15,
            "gross_margin_4q_avg": 8.04,
            "net_income": 91848,
            "net_income_4q": null,
            "revenue": 5342683,
            "revenue_4q": null,
            "common_shares": 1617358,
            "book_valuer_per_share": 17.16,
            "book_valuer_per_share_4q_avg": 16.74,
            "equity": 3238542,
            "current_ratio": 146.11,
            "debt_ratio": 54.8,
            "inventory_turnover_ratio": 3.19,
            "account_receivable_turnover_ratio": 1.52,
            "reinvestment_rate": 19.7,
            "research_to_sale_ratio": 0.59,
            "price_fair": 63.18,
            "eps_avg_yearly": 1.81,
            "eps_latest_yearly": 2.04,
            "eps_growth_yearly": 41.14
        },
        "20211": {
            "year_quarter": 20211,
            "year": 2021,
            "quarter": 1,
            "eps": 0.86,
            "eps_growth_year": 40.98,
            "eps_4q": 2.5,
            "eps_4q_growth_year": 31.55,
            "roe": 4.43,
            "roe_4q": 13.28,
            "gross_profit": 512714,
            "gross_margin": 9.24,
            "gross_margin_4q_avg": 8.17,
            "net_income": 146633,
            "net_income_4q": null,
            "revenue": 5550281,
            "revenue_4q": null,
            "common_shares": 1617358,
            "book_valuer_per_share": 18,
            "book_valuer_per_share_4q_avg": 16.97,
            "equity": 3380489,
            "current_ratio": 148.57,
            "debt_ratio": 54.09,
            "inventory_turnover_ratio": 3.31,
            "account_receivable_turnover_ratio": 1.66,
            "reinvestment_rate": 22,
            "research_to_sale_ratio": 0.81,
            "price_fair": 66.94,
            "eps_avg_yearly": 1.91,
            "eps_latest_yearly": 3.44,
            "eps_growth_yearly": 43.48
        },
        "20212": {
            "year_quarter": 20212,
            "year": 2021,
            "quarter": 2,
            "eps": 1,
            "eps_growth_year": 85.19,
            "eps_4q": 2.96,
            "eps_4q_growth_year": 47.4,
            "roe": 4.9,
            "roe_4q": 15.530000000000001,
            "gross_profit": 547735,
            "gross_margin": 9.65,
            "gross_margin_4q_avg": 8.66,
            "net_income": 169659,
            "net_income_4q": null,
            "revenue": 5677100,
            "revenue_4q": null,
            "common_shares": 1617358,
            "book_valuer_per_share": 18.98,
            "book_valuer_per_share_4q_avg": 17.7,
            "equity": 3541986,
            "current_ratio": 153.94,
            "debt_ratio": 51.77,
            "inventory_turnover_ratio": 3.28,
            "account_receivable_turnover_ratio": 1.72,
            "reinvestment_rate": 26.08,
            "research_to_sale_ratio": 0.55,
            "price_fair": 72.36,
            "eps_avg_yearly": 2.07,
            "eps_latest_yearly": 4,
            "eps_growth_yearly": 50.46
        },
        "20213": {
            "year_quarter": 20213,
            "year": 2021,
            "quarter": 3,
            "eps": 0.91,
            "eps_growth_year": 54.24,
            "eps_4q": 3.28,
            "eps_4q_growth_year": 54.76,
            "roe": 4.46,
            "roe_4q": 16.669999999999998,
            "gross_profit": 540186,
            "gross_margin": 8.04,
            "gross_margin_4q_avg": 8.77,
            "net_income": 155016,
            "net_income_4q": null,
            "revenue": 6722402,
            "revenue_4q": null,
            "common_shares": 1617358,
            "book_valuer_per_share": 18.08,
            "book_valuer_per_share_4q_avg": 18.06,
            "equity": 3403147,
            "current_ratio": 136.81,
            "debt_ratio": 60,
            "inventory_turnover_ratio": 3.59,
            "account_receivable_turnover_ratio": 1.88,
            "reinvestment_rate": 23.27,
            "research_to_sale_ratio": 0.64,
            "price_fair": 75.95,
            "eps_avg_yearly": 2.17,
            "eps_latest_yearly": 3.64,
            "eps_growth_yearly": 40.31
        },
        "20214": {
            "year_quarter": 20214,
            "year": 2021,
            "quarter": 4,
            "eps": 0.67,
            "eps_growth_year": 29.93,
            "eps_4q": 3.44,
            "eps_4q_growth_year": 52.53,
            "roe": 2.77,
            "roe_4q": 16.560000000000002,
            "gross_profit": 510001,
            "gross_margin": 8.57,
            "gross_margin_4q_avg": 8.88,
            "net_income": 103378,
            "net_income_4q": null,
            "revenue": 5950777,
            "revenue_4q": null,
            "common_shares": 1617358,
            "book_valuer_per_share": 18.62,
            "book_valuer_per_share_4q_avg": 18.42,
            "equity": 4057855,
            "current_ratio": 162.2,
            "debt_ratio": 51.62,
            "inventory_turnover_ratio": 2.98,
            "account_receivable_turnover_ratio": 1.58,
            "reinvestment_rate": 22.6,
            "research_to_sale_ratio": 0.52,
            "price_fair": 79.45,
            "eps_avg_yearly": 2.27,
            "eps_latest_yearly": 2.68,
            "eps_growth_yearly": 45.22
        },
        "20221": {
            "year_quarter": 20221,
            "year": 2022,
            "quarter": 1,
            "eps": 0.74,
            "eps_growth_year": -13.95,
            "eps_4q": 3.32,
            "eps_4q_growth_year": 32.73,
            "roe": 3.25,
            "roe_4q": 15.38,
            "gross_profit": 487404,
            "gross_margin": 8.76,
            "gross_margin_4q_avg": 8.76,
            "net_income": 134349,
            "net_income_4q": null,
            "revenue": 5564563,
            "revenue_4q": null,
            "common_shares": 1617358,
            "book_valuer_per_share": 19.37,
            "book_valuer_per_share_4q_avg": 18.76,
            "equity": 4197613,
            "current_ratio": 166.47,
            "debt_ratio": 51,
            "inventory_turnover_ratio": 2.6,
            "account_receivable_turnover_ratio": 1.54,
            "reinvestment_rate": 23.97,
            "research_to_sale_ratio": 0.57,
            "price_fair": 81.64,
            "eps_avg_yearly": 2.33,
            "eps_latest_yearly": 2.96,
            "eps_growth_yearly": 27.46
        },
        "20222": {
            "year_quarter": 20222,
            "year": 2022,
            "quarter": 2,
            "eps": 0.95,
            "eps_growth_year": -5,
            "eps_4q": 3.27,
            "eps_4q_growth_year": 10.23,
            "roe": 4.25,
            "roe_4q": 14.73,
            "gross_profit": 560966,
            "gross_margin": 9.38,
            "gross_margin_4q_avg": 8.69,
            "net_income": 172059,
            "net_income_4q": null,
            "revenue": 5978625,
            "revenue_4q": null,
            "common_shares": 1617358,
            "book_valuer_per_share": 17.53,
            "book_valuer_per_share_4q_avg": 18.4,
            "equity": 3901352,
            "current_ratio": 146.49,
            "debt_ratio": 58.64,
            "inventory_turnover_ratio": 2.43,
            "account_receivable_turnover_ratio": 1.57,
            "reinvestment_rate": 22.84,
            "research_to_sale_ratio": 0.54,
            "price_fair": 86.54,
            "eps_avg_yearly": 2.47,
            "eps_latest_yearly": 3.8,
            "eps_growth_yearly": 39.66
        },
        "20223": {
            "year_quarter": 20223,
            "year": 2022,
            "quarter": 3,
            "eps": 0.97,
            "eps_growth_year": 6.59,
            "eps_4q": 3.33,
            "eps_4q_growth_year": 1.31,
            "roe": 4.33,
            "roe_4q": 14.6,
            "gross_profit": 572866,
            "gross_margin": 7.81,
            "gross_margin_4q_avg": 8.63,
            "net_income": 173041,
            "net_income_4q": null,
            "revenue": 7333501,
            "revenue_4q": null,
            "common_shares": 1617358,
            "book_valuer_per_share": 18.53,
            "book_valuer_per_share_4q_avg": 18.51,
            "equity": 4088097,
            "current_ratio": 139.65,
            "debt_ratio": 62.6,
            "inventory_turnover_ratio": 2.8,
            "account_receivable_turnover_ratio": 1.56,
            "reinvestment_rate": 21.82,
            "research_to_sale_ratio": 0.47,
            "price_fair": 91.61,
            "eps_avg_yearly": 2.62,
            "eps_latest_yearly": 3.88,
            "eps_growth_yearly": 40.18
        },
        "20224": {
            "year_quarter": 20224,
            "year": 2022,
            "quarter": 4,
            "eps": 0.42,
            "eps_growth_year": -37.03,
            "eps_4q": 3.08,
            "eps_4q_growth_year": -10.41,
            "roe": 1.79,
            "roe_4q": 13.620000000000001,
            "gross_profit": 467541,
            "gross_margin": 7.55,
            "gross_margin_4q_avg": 8.38,
            "net_income": 73616,
            "net_income_4q": null,
            "revenue": 6193869,
            "revenue_4q": null,
            "common_shares": 1617358,
            "book_valuer_per_share": 18.94,
            "book_valuer_per_share_4q_avg": 18.59,
            "equity": 4156907,
            "current_ratio": 147.57,
            "debt_ratio": 58.46,
            "inventory_turnover_ratio": 2.46,
            "account_receivable_turnover_ratio": 1.22,
            "reinvestment_rate": 21.14,
            "research_to_sale_ratio": 0.62,
            "price_fair": 92.66,
            "eps_avg_yearly": 2.65,
            "eps_latest_yearly": 1.68,
            "eps_growth_yearly": 31.78
        },
        "20231": {
            "year_quarter": 20231,
            "year": 2023,
            "quarter": 1,
            "eps": 0.61,
            "eps_growth_year": -17.57,
            "eps_4q": 2.95,
            "eps_4q_growth_year": -11.06,
            "roe": 2.43,
            "roe_4q": 12.8,
            "gross_profit": 452723,
            "gross_margin": 7.93,
            "gross_margin_4q_avg": 8.17,
            "net_income": 102069,
            "net_income_4q": null,
            "revenue": 5707292,
            "revenue_4q": null,
            "common_shares": 1617358,
            "book_valuer_per_share": 19.55,
            "book_valuer_per_share_4q_avg": 18.64,
            "equity": 4257932,
            "current_ratio": 161.47,
            "debt_ratio": 52.67,
            "inventory_turnover_ratio": 2.52,
            "account_receivable_turnover_ratio": 1.31,
            "reinvestment_rate": 22.26,
            "research_to_sale_ratio": 0.36,
            "price_fair": 90.48,
            "eps_avg_yearly": 2.67,
            "eps_latest_yearly": 2.44,
            "eps_growth_yearly": 23.92
        },
        "20232": {
            "year_quarter": 20232,
            "year": 2023,
            "quarter": 2,
            "eps": 0.6,
            "eps_growth_year": -36.84,
            "eps_4q": 2.61,
            "eps_4q_growth_year": -20.23,
            "roe": 2.63,
            "roe_4q": 11.18,
            "gross_profit": 497762,
            "gross_margin": 8.5,
            "gross_margin_4q_avg": 7.95,
            "net_income": 107783,
            "net_income_4q": null,
            "revenue": 5858931,
            "revenue_4q": null,
            "common_shares": 1617358,
            "book_valuer_per_share": 17.65,
            "book_valuer_per_share_4q_avg": 18.67,
            "equity": 3932771,
            "current_ratio": 148.2,
            "debt_ratio": 56.98,
            "inventory_turnover_ratio": 2.68,
            "account_receivable_turnover_ratio": 1.49,
            "reinvestment_rate": 21.95,
            "research_to_sale_ratio": 0.83,
            "price_fair": 94.85,
            "eps_avg_yearly": 2.71,
            "eps_latest_yearly": 2.4,
            "eps_growth_yearly": 28.23
        },
        "20233": {
            "year_quarter": 20233,
            "year": 2023,
            "quarter": 3,
            "eps": 0.63,
            "eps_growth_year": -35.05,
            "eps_4q": 2.27,
            "eps_4q_growth_year": -31.9,
            "roe": 2.84,
            "roe_4q": 9.690000000000001,
            "gross_profit": 482107,
            "gross_margin": 7.94,
            "gross_margin_4q_avg": 7.98,
            "net_income": 113571,
            "net_income_4q": null,
            "revenue": 6071539,
            "revenue_4q": null,
            "common_shares": 1617358,
            "book_valuer_per_share": 18.31,
            "book_valuer_per_share_4q_avg": 18.61,
            "equity": 4055787,
            "current_ratio": 151.39,
            "debt_ratio": 56.04,
            "inventory_turnover_ratio": 2.71,
            "account_receivable_turnover_ratio": 1.51,
            "reinvestment_rate": 5.71,
            "research_to_sale_ratio": 0.67,
            "price_fair": 96.16,
            "eps_avg_yearly": 2.75,
            "eps_latest_yearly": 2.52,
            "eps_growth_yearly": 26.57
        }
    },
    "months": {
        "2001-06": {
            "month": "2001-06",
            "price": "29.17",
            "revenue": 512687
        },
        "2001-07": {
            "month": "2001-07",
            "price": "20.63",
            "revenue": 637027
        },
        "2001-08": {
            "month": "2001-08",
            "price": "17.36",
            "revenue": 642622
        },
        "2001-09": {
            "month": "2001-09",
            "price": "15.72",
            "revenue": 514750
        },
        "2001-10": {
            "month": "2001-10",
            "price": "10.73",
            "revenue": 578801
        },
        "2001-11": {
            "month": "2001-11",
            "price": "13.30",
            "revenue": 609256
        },
        "2001-12": {
            "month": "2001-12",
            "price": "17.56",
            "revenue": 709645
        },
        "2002-01": {
            "month": "2002-01",
            "price": "20.91",
            "revenue": 607186
        },
        "2002-02": {
            "month": "2002-02",
            "price": "22.10",
            "revenue": 483101
        },
        "2002-03": {
            "month": "2002-03",
            "price": "22.28",
            "revenue": 539178
        },
        "2002-04": {
            "month": "2002-04",
            "price": "23.67",
            "revenue": 565459
        },
        "2002-05": {
            "month": "2002-05",
            "price": "21.00",
            "revenue": 668195
        },
        "2002-06": {
            "month": "2002-06",
            "price": "21.66",
            "revenue": 598406
        },
        "2002-07": {
            "month": "2002-07",
            "price": "21.19",
            "revenue": 707496
        },
        "2002-08": {
            "month": "2002-08",
            "price": "19.44",
            "revenue": 696986
        },
        "2002-09": {
            "month": "2002-09",
            "price": "19.06",
            "revenue": 722040
        },
        "2002-10": {
            "month": "2002-10",
            "price": "18.91",
            "revenue": 765916
        },
        "2002-11": {
            "month": "2002-11",
            "price": "18.94",
            "revenue": 848146
        },
        "2002-12": {
            "month": "2002-12",
            "price": "17.35",
            "revenue": 917050
        },
        "2003-01": {
            "month": "2003-01",
            "price": "17.24",
            "revenue": 728616
        },
        "2003-02": {
            "month": "2003-02",
            "price": "15.64",
            "revenue": 600784
        },
        "2003-03": {
            "month": "2003-03",
            "price": "14.51",
            "revenue": 835706
        },
        "2003-04": {
            "month": "2003-04",
            "price": "14.56",
            "revenue": 881267
        },
        "2003-05": {
            "month": "2003-05",
            "price": "14.45",
            "revenue": 848729
        },
        "2003-06": {
            "month": "2003-06",
            "price": "16.88",
            "revenue": 945398
        },
        "2003-07": {
            "month": "2003-07",
            "price": "19.50",
            "revenue": 936339
        },
        "2003-08": {
            "month": "2003-08",
            "price": "18.80",
            "revenue": 840090
        },
        "2003-09": {
            "month": "2003-09",
            "price": "15.38",
            "revenue": 1049455
        },
        "2003-10": {
            "month": "2003-10",
            "price": "15.80",
            "revenue": 942664
        },
        "2003-11": {
            "month": "2003-11",
            "price": "15.69",
            "revenue": 819329
        },
        "2003-12": {
            "month": "2003-12",
            "price": "15.53",
            "revenue": 1032411
        },
        "2004-01": {
            "month": "2004-01",
            "price": "16.03",
            "revenue": 607372
        },
        "2004-02": {
            "month": "2004-02",
            "price": "17.16",
            "revenue": 866394
        },
        "2004-03": {
            "month": "2004-03",
            "price": "16.90",
            "revenue": 848845
        },
        "2004-04": {
            "month": "2004-04",
            "price": "16.47",
            "revenue": 952080
        },
        "2004-05": {
            "month": "2004-05",
            "price": "13.98",
            "revenue": 1049173
        },
        "2004-06": {
            "month": "2004-06",
            "price": "13.04",
            "revenue": 1187186
        },
        "2004-07": {
            "month": "2004-07",
            "price": "12.04",
            "revenue": 1188317
        },
        "2004-08": {
            "month": "2004-08",
            "price": "11.64",
            "revenue": 1118743
        },
        "2004-09": {
            "month": "2004-09",
            "price": "12.33",
            "revenue": 1299755
        },
        "2004-10": {
            "month": "2004-10",
            "price": "12.03",
            "revenue": 1135872
        },
        "2004-11": {
            "month": "2004-11",
            "price": "11.31",
            "revenue": 1071189
        },
        "2004-12": {
            "month": "2004-12",
            "price": "10.40",
            "revenue": 1314201
        },
        "2005-01": {
            "month": "2005-01",
            "price": "10.13",
            "revenue": 817056
        },
        "2005-02": {
            "month": "2005-02",
            "price": "10.61",
            "revenue": 845776
        },
        "2005-03": {
            "month": "2005-03",
            "price": "11.99",
            "revenue": 1245345
        },
        "2005-04": {
            "month": "2005-04",
            "price": "12.35",
            "revenue": 1079650
        },
        "2005-05": {
            "month": "2005-05",
            "price": "12.42",
            "revenue": 1112991
        },
        "2005-06": {
            "month": "2005-06",
            "price": "13.47",
            "revenue": 1084216
        },
        "2005-07": {
            "month": "2005-07",
            "price": "16.68",
            "revenue": 1037834
        },
        "2005-08": {
            "month": "2005-08",
            "price": "14.82",
            "revenue": 1233015
        },
        "2005-09": {
            "month": "2005-09",
            "price": "13.77",
            "revenue": 1375568
        },
        "2005-10": {
            "month": "2005-10",
            "price": "13.66",
            "revenue": 967731
        },
        "2005-11": {
            "month": "2005-11",
            "price": "11.65",
            "revenue": 1017876
        },
        "2005-12": {
            "month": "2005-12",
            "price": "12.76",
            "revenue": 1143648
        },
        "2006-01": {
            "month": "2006-01",
            "price": "12.92",
            "revenue": 895788
        },
        "2006-02": {
            "month": "2006-02",
            "price": "12.37",
            "revenue": 875374
        },
        "2006-03": {
            "month": "2006-03",
            "price": "12.47",
            "revenue": 1116745
        },
        "2006-04": {
            "month": "2006-04",
            "price": "13.23",
            "revenue": 831254
        },
        "2006-05": {
            "month": "2006-05",
            "price": "13.00",
            "revenue": 903868
        },
        "2006-06": {
            "month": "2006-06",
            "price": "11.88",
            "revenue": 1339611
        },
        "2006-07": {
            "month": "2006-07",
            "price": "12.02",
            "revenue": 1270649
        },
        "2006-08": {
            "month": "2006-08",
            "price": "12.72",
            "revenue": 1251651
        },
        "2006-09": {
            "month": "2006-09",
            "price": "12.80",
            "revenue": 1340255
        },
        "2006-10": {
            "month": "2006-10",
            "price": "12.79",
            "revenue": 1122490
        },
        "2006-11": {
            "month": "2006-11",
            "price": "12.88",
            "revenue": 1240706
        },
        "2006-12": {
            "month": "2006-12",
            "price": "14.74",
            "revenue": 1331658
        },
        "2007-01": {
            "month": "2007-01",
            "price": "15.22",
            "revenue": 1017128
        },
        "2007-02": {
            "month": "2007-02",
            "price": "14.85",
            "revenue": 885957
        },
        "2007-03": {
            "month": "2007-03",
            "price": "15.61",
            "revenue": 1179361
        },
        "2007-04": {
            "month": "2007-04",
            "price": "16.92",
            "revenue": 1060368
        },
        "2007-05": {
            "month": "2007-05",
            "price": "16.84",
            "revenue": 1219789
        },
        "2007-06": {
            "month": "2007-06",
            "price": "18.42",
            "revenue": 1243650
        },
        "2007-07": {
            "month": "2007-07",
            "price": "20.08",
            "revenue": 1231360
        },
        "2007-08": {
            "month": "2007-08",
            "price": "18.31",
            "revenue": 1327850
        },
        "2007-09": {
            "month": "2007-09",
            "price": "17.84",
            "revenue": 1251924
        },
        "2007-10": {
            "month": "2007-10",
            "price": "17.58",
            "revenue": 1295185
        },
        "2007-11": {
            "month": "2007-11",
            "price": "16.00",
            "revenue": 1328405
        },
        "2007-12": {
            "month": "2007-12",
            "price": "13.43",
            "revenue": 1488095
        },
        "2008-01": {
            "month": "2008-01",
            "price": "13.03",
            "revenue": 1250848
        },
        "2008-02": {
            "month": "2008-02",
            "price": "12.84",
            "revenue": 916981
        },
        "2008-03": {
            "month": "2008-03",
            "price": "15.51",
            "revenue": 1274188
        },
        "2008-04": {
            "month": "2008-04",
            "price": "17.44",
            "revenue": 1107275
        },
        "2008-05": {
            "month": "2008-05",
            "price": "18.94",
            "revenue": 1136642
        },
        "2008-06": {
            "month": "2008-06",
            "price": "16.62",
            "revenue": 1189544
        },
        "2008-07": {
            "month": "2008-07",
            "price": "14.75",
            "revenue": 1190864
        },
        "2008-08": {
            "month": "2008-08",
            "price": "14.48",
            "revenue": 1225740
        },
        "2008-09": {
            "month": "2008-09",
            "price": "12.91",
            "revenue": 1339774
        },
        "2008-10": {
            "month": "2008-10",
            "price": "10.24",
            "revenue": 1324811
        },
        "2008-11": {
            "month": "2008-11",
            "price": "9.20",
            "revenue": 1134096
        },
        "2008-12": {
            "month": "2008-12",
            "price": "8.72",
            "revenue": 1377364
        },
        "2009-01": {
            "month": "2009-01",
            "price": "8.80",
            "revenue": 878967
        },
        "2009-02": {
            "month": "2009-02",
            "price": "10.18",
            "revenue": 1016120
        },
        "2009-03": {
            "month": "2009-03",
            "price": "11.13",
            "revenue": 1075104
        },
        "2009-04": {
            "month": "2009-04",
            "price": "14.11",
            "revenue": 1120500
        },
        "2009-05": {
            "month": "2009-05",
            "price": "14.43",
            "revenue": 875591
        },
        "2009-06": {
            "month": "2009-06",
            "price": "13.98",
            "revenue": 1327388
        },
        "2009-07": {
            "month": "2009-07",
            "price": "15.43",
            "revenue": 1378693
        },
        "2009-08": {
            "month": "2009-08",
            "price": "16.68",
            "revenue": 1450820
        },
        "2009-09": {
            "month": "2009-09",
            "price": "18.59",
            "revenue": 1543370
        },
        "2009-10": {
            "month": "2009-10",
            "price": "18.30",
            "revenue": 1395802
        },
        "2009-11": {
            "month": "2009-11",
            "price": "16.91",
            "revenue": 1417166
        },
        "2009-12": {
            "month": "2009-12",
            "price": "18.88",
            "revenue": 1482770
        },
        "2010-01": {
            "month": "2010-01",
            "price": "20.04",
            "revenue": 1362523
        },
        "2010-02": {
            "month": "2010-02",
            "price": "17.89",
            "revenue": 1050745
        },
        "2010-03": {
            "month": "2010-03",
            "price": "19.91",
            "revenue": 1484589
        },
        "2010-04": {
            "month": "2010-04",
            "price": "20.69",
            "revenue": 1272239
        },
        "2010-05": {
            "month": "2010-05",
            "price": "19.03",
            "revenue": 1331669
        },
        "2010-06": {
            "month": "2010-06",
            "price": "18.38",
            "revenue": 1532683
        },
        "2010-07": {
            "month": "2010-07",
            "price": "18.73",
            "revenue": 1370773
        },
        "2010-08": {
            "month": "2010-08",
            "price": "18.00",
            "revenue": 1519480
        },
        "2010-09": {
            "month": "2010-09",
            "price": "17.67",
            "revenue": 1387060
        },
        "2010-10": {
            "month": "2010-10",
            "price": "17.97",
            "revenue": 1284522
        },
        "2010-11": {
            "month": "2010-11",
            "price": "15.98",
            "revenue": 1315078
        },
        "2010-12": {
            "month": "2010-12",
            "price": "16.25",
            "revenue": 1752123
        },
        "2011-01": {
            "month": "2011-01",
            "price": "16.62",
            "revenue": 1239892
        },
        "2011-02": {
            "month": "2011-02",
            "price": "16.18",
            "revenue": 840734
        },
        "2011-03": {
            "month": "2011-03",
            "price": "16.08",
            "revenue": 1308799
        },
        "2011-04": {
            "month": "2011-04",
            "price": "16.59",
            "revenue": 1215511
        },
        "2011-05": {
            "month": "2011-05",
            "price": "16.58",
            "revenue": 1139408
        },
        "2011-06": {
            "month": "2011-06",
            "price": "16.66",
            "revenue": 1314840
        },
        "2011-07": {
            "month": "2011-07",
            "price": "15.33",
            "revenue": 1302553
        },
        "2011-08": {
            "month": "2011-08",
            "price": "13.08",
            "revenue": 1582596
        },
        "2011-09": {
            "month": "2011-09",
            "price": "12.45",
            "revenue": 1536486
        },
        "2011-10": {
            "month": "2011-10",
            "price": "12.56",
            "revenue": 1274719
        },
        "2011-11": {
            "month": "2011-11",
            "price": "13.23",
            "revenue": 1302880
        },
        "2011-12": {
            "month": "2011-12",
            "price": "13.21",
            "revenue": 1555517
        },
        "2012-01": {
            "month": "2012-01",
            "price": "13.52",
            "revenue": 1105314
        },
        "2012-02": {
            "month": "2012-02",
            "price": "15.12",
            "revenue": 1164107
        },
        "2012-03": {
            "month": "2012-03",
            "price": "15.91",
            "revenue": 1229558
        },
        "2012-04": {
            "month": "2012-04",
            "price": "15.75",
            "revenue": 1145192
        },
        "2012-05": {
            "month": "2012-05",
            "price": "15.65",
            "revenue": 1265279
        },
        "2012-06": {
            "month": "2012-06",
            "price": "15.32",
            "revenue": 1340169
        },
        "2012-07": {
            "month": "2012-07",
            "price": "14.94",
            "revenue": 1387623
        },
        "2012-08": {
            "month": "2012-08",
            "price": "14.47",
            "revenue": 1456940
        },
        "2012-09": {
            "month": "2012-09",
            "price": "14.76",
            "revenue": 1360687
        },
        "2012-10": {
            "month": "2012-10",
            "price": "14.36",
            "revenue": 1293077
        },
        "2012-11": {
            "month": "2012-11",
            "price": "13.88",
            "revenue": 1397693
        },
        "2012-12": {
            "month": "2012-12",
            "price": "14.17",
            "revenue": 1326103
        },
        "2013-01": {
            "month": "2013-01",
            "price": "14.35",
            "revenue": 1275202
        },
        "2013-02": {
            "month": "2013-02",
            "price": "14.48",
            "revenue": 838543
        },
        "2013-03": {
            "month": "2013-03",
            "price": "14.40",
            "revenue": 1158248
        },
        "2013-04": {
            "month": "2013-04",
            "price": "14.70",
            "revenue": 1071796
        },
        "2013-05": {
            "month": "2013-05",
            "price": "14.99",
            "revenue": 1096012
        },
        "2013-06": {
            "month": "2013-06",
            "price": "14.91",
            "revenue": 1185637
        },
        "2013-07": {
            "month": "2013-07",
            "price": "14.85",
            "revenue": 1237555
        },
        "2013-08": {
            "month": "2013-08",
            "price": "13.99",
            "revenue": 1261056
        },
        "2013-09": {
            "month": "2013-09",
            "price": "13.71",
            "revenue": 1259881
        },
        "2013-10": {
            "month": "2013-10",
            "price": "13.78",
            "revenue": 1290009
        },
        "2013-11": {
            "month": "2013-11",
            "price": "13.75",
            "revenue": 1242089
        },
        "2013-12": {
            "month": "2013-12",
            "price": "14.09",
            "revenue": 1575716
        },
        "2014-01": {
            "month": "2014-01",
            "price": "15.22",
            "revenue": 1264509
        },
        "2014-02": {
            "month": "2014-02",
            "price": "15.24",
            "revenue": 973743
        },
        "2014-03": {
            "month": "2014-03",
            "price": "15.17",
            "revenue": 1164890
        },
        "2014-04": {
            "month": "2014-04",
            "price": "16.48",
            "revenue": 1232891
        },
        "2014-05": {
            "month": "2014-05",
            "price": "16.95",
            "revenue": 1210108
        },
        "2014-06": {
            "month": "2014-06",
            "price": "17.75",
            "revenue": 1383726
        },
        "2014-07": {
            "month": "2014-07",
            "price": "17.67",
            "revenue": 1412564
        },
        "2014-08": {
            "month": "2014-08",
            "price": "16.68",
            "revenue": 1482692
        },
        "2014-09": {
            "month": "2014-09",
            "price": "17.75",
            "revenue": 1314996
        },
        "2014-10": {
            "month": "2014-10",
            "price": "17.25",
            "revenue": 1266341
        },
        "2014-11": {
            "month": "2014-11",
            "price": "17.64",
            "revenue": 1183549
        },
        "2014-12": {
            "month": "2014-12",
            "price": "17.91",
            "revenue": 1552187
        },
        "2015-01": {
            "month": "2015-01",
            "price": "17.85",
            "revenue": 1184648
        },
        "2015-02": {
            "month": "2015-02",
            "price": "19.58",
            "revenue": 1014971
        },
        "2015-03": {
            "month": "2015-03",
            "price": "19.73",
            "revenue": 1313208
        },
        "2015-04": {
            "month": "2015-04",
            "price": "21.14",
            "revenue": 1252093
        },
        "2015-05": {
            "month": "2015-05",
            "price": "19.76",
            "revenue": 1187030
        },
        "2015-06": {
            "month": "2015-06",
            "price": "18.29",
            "revenue": 1336177
        },
        "2015-07": {
            "month": "2015-07",
            "price": "17.35",
            "revenue": 1401988
        },
        "2015-08": {
            "month": "2015-08",
            "price": "15.30",
            "revenue": 1386261
        },
        "2015-09": {
            "month": "2015-09",
            "price": "14.82",
            "revenue": 1349259
        },
        "2015-10": {
            "month": "2015-10",
            "price": "15.80",
            "revenue": 1405958
        },
        "2015-11": {
            "month": "2015-11",
            "price": "16.27",
            "revenue": 1323144
        },
        "2015-12": {
            "month": "2015-12",
            "price": "15.98",
            "revenue": 1606021
        },
        "2016-01": {
            "month": "2016-01",
            "price": "15.51",
            "revenue": 1372903
        },
        "2016-02": {
            "month": "2016-02",
            "price": "15.97",
            "revenue": 980918
        },
        "2016-03": {
            "month": "2016-03",
            "price": "16.31",
            "revenue": 1272034
        },
        "2016-04": {
            "month": "2016-04",
            "price": "16.76",
            "revenue": 1213473
        },
        "2016-05": {
            "month": "2016-05",
            "price": "16.67",
            "revenue": 1135147
        },
        "2016-06": {
            "month": "2016-06",
            "price": "16.98",
            "revenue": 1484093
        },
        "2016-07": {
            "month": "2016-07",
            "price": "17.25",
            "revenue": 1379843
        },
        "2016-08": {
            "month": "2016-08",
            "price": "16.37",
            "revenue": 1560119
        },
        "2016-09": {
            "month": "2016-09",
            "price": "16.51",
            "revenue": 1374645
        },
        "2016-10": {
            "month": "2016-10",
            "price": "16.50",
            "revenue": 1403604
        },
        "2016-11": {
            "month": "2016-11",
            "price": "16.39",
            "revenue": 1471257
        },
        "2016-12": {
            "month": "2016-12",
            "price": "16.86",
            "revenue": 1497937
        },
        "2017-01": {
            "month": "2017-01",
            "price": "17.27",
            "revenue": 1292611
        },
        "2017-02": {
            "month": "2017-02",
            "price": "17.56",
            "revenue": 1171109
        },
        "2017-03": {
            "month": "2017-03",
            "price": "17.99",
            "revenue": 1392077
        },
        "2017-04": {
            "month": "2017-04",
            "price": "18.19",
            "revenue": 1177662
        },
        "2017-05": {
            "month": "2017-05",
            "price": "18.39",
            "revenue": 1259926
        },
        "2017-06": {
            "month": "2017-06",
            "price": "18.60",
            "revenue": 1531530
        },
        "2017-07": {
            "month": "2017-07",
            "price": "18.71",
            "revenue": 1491981
        },
        "2017-08": {
            "month": "2017-08",
            "price": "17.93",
            "revenue": 1585229
        },
        "2017-09": {
            "month": "2017-09",
            "price": "19.54",
            "revenue": 1590557
        },
        "2017-10": {
            "month": "2017-10",
            "price": "19.31",
            "revenue": 1345993
        },
        "2017-11": {
            "month": "2017-11",
            "price": "19.94",
            "revenue": 1461044
        },
        "2017-12": {
            "month": "2017-12",
            "price": "19.53",
            "revenue": 1545961
        },
        "2018-01": {
            "month": "2018-01",
            "price": "19.94",
            "revenue": 1420721
        },
        "2018-02": {
            "month": "2018-02",
            "price": "19.66",
            "revenue": 1093399
        },
        "2018-03": {
            "month": "2018-03",
            "price": "20.30",
            "revenue": 1462104
        },
        "2018-04": {
            "month": "2018-04",
            "price": "20.49",
            "revenue": 1220687
        },
        "2018-05": {
            "month": "2018-05",
            "price": "20.72",
            "revenue": 1411045
        },
        "2018-06": {
            "month": "2018-06",
            "price": "21.74",
            "revenue": 1342279
        },
        "2018-07": {
            "month": "2018-07",
            "price": "21.22",
            "revenue": 1330860
        },
        "2018-08": {
            "month": "2018-08",
            "price": "20.19",
            "revenue": 1557523
        },
        "2018-09": {
            "month": "2018-09",
            "price": "19.83",
            "revenue": 1590980
        },
        "2018-10": {
            "month": "2018-10",
            "price": "18.80",
            "revenue": 1680316
        },
        "2018-11": {
            "month": "2018-11",
            "price": "18.90",
            "revenue": 1584450
        },
        "2018-12": {
            "month": "2018-12",
            "price": "19.00",
            "revenue": 1453347
        },
        "2019-01": {
            "month": "2019-01",
            "price": "18.95",
            "revenue": 1576384
        },
        "2019-02": {
            "month": "2019-02",
            "price": "19.60",
            "revenue": 1016511
        },
        "2019-03": {
            "month": "2019-03",
            "price": "20.20",
            "revenue": 1607609
        },
        "2019-04": {
            "month": "2019-04",
            "price": "20.76",
            "revenue": 1358392
        },
        "2019-05": {
            "month": "2019-05",
            "price": "20.90",
            "revenue": 1490403
        },
        "2019-06": {
            "month": "2019-06",
            "price": "21.27",
            "revenue": 1391076
        },
        "2019-07": {
            "month": "2019-07",
            "price": "21.72",
            "revenue": 1682657
        },
        "2019-08": {
            "month": "2019-08",
            "price": "21.00",
            "revenue": 1880171
        },
        "2019-09": {
            "month": "2019-09",
            "price": "21.86",
            "revenue": 1595102
        },
        "2019-10": {
            "month": "2019-10",
            "price": "22.05",
            "revenue": 1875155
        },
        "2019-11": {
            "month": "2019-11",
            "price": "22.39",
            "revenue": 1808297
        },
        "2019-12": {
            "month": "2019-12",
            "price": "22.75",
            "revenue": 1695135
        },
        "2020-01": {
            "month": "2020-01",
            "price": "22.96",
            "revenue": 1630527
        },
        "2020-02": {
            "month": "2020-02",
            "price": "22.78",
            "revenue": 1629078
        },
        "2020-03": {
            "month": "2020-03",
            "price": "21.17",
            "revenue": 1669811
        },
        "2020-04": {
            "month": "2020-04",
            "price": "22.00",
            "revenue": 1579148
        },
        "2020-05": {
            "month": "2020-05",
            "price": "23.82",
            "revenue": 1781318
        },
        "2020-06": {
            "month": "2020-06",
            "price": "25.27",
            "revenue": 2106212
        },
        "2020-07": {
            "month": "2020-07",
            "price": "28.08",
            "revenue": 1987483
        },
        "2020-08": {
            "month": "2020-08",
            "price": "26.11",
            "revenue": 1695693
        },
        "2020-09": {
            "month": "2020-09",
            "price": "24.92",
            "revenue": 2135663
        },
        "2020-10": {
            "month": "2020-10",
            "price": "24.92",
            "revenue": 1648465
        },
        "2020-11": {
            "month": "2020-11",
            "price": "25.26",
            "revenue": 1823270
        },
        "2020-12": {
            "month": "2020-12",
            "price": "25.60",
            "revenue": 1870949
        },
        "2021-01": {
            "month": "2021-01",
            "price": "25.66",
            "revenue": 2070499
        },
        "2021-02": {
            "month": "2021-02",
            "price": "25.92",
            "revenue": 1545137
        },
        "2021-03": {
            "month": "2021-03",
            "price": "27.27",
            "revenue": 1934645
        },
        "2021-04": {
            "month": "2021-04",
            "price": "28.57",
            "revenue": 1687495
        },
        "2021-05": {
            "month": "2021-05",
            "price": "28.40",
            "revenue": 1975052
        },
        "2021-06": {
            "month": "2021-06",
            "price": "29.26",
            "revenue": 2014553
        },
        "2021-07": {
            "month": "2021-07",
            "price": "29.87",
            "revenue": 2161759
        },
        "2021-08": {
            "month": "2021-08",
            "price": "31.54",
            "revenue": 2332739
        },
        "2021-09": {
            "month": "2021-09",
            "price": "33.94",
            "revenue": 2227904
        },
        "2021-10": {
            "month": "2021-10",
            "price": "36.80",
            "revenue": 2175592
        },
        "2021-11": {
            "month": "2021-11",
            "price": "40.02",
            "revenue": 2005538
        },
        "2021-12": {
            "month": "2021-12",
            "price": "38.00",
            "revenue": 1769648
        },
        "2022-01": {
            "month": "2022-01",
            "price": "35.48",
            "revenue": 1895698
        },
        "2022-02": {
            "month": "2022-02",
            "price": "35.09",
            "revenue": 1509315
        },
        "2022-03": {
            "month": "2022-03",
            "price": "35.67",
            "revenue": 2159552
        },
        "2022-04": {
            "month": "2022-04",
            "price": "35.41",
            "revenue": 1662350
        },
        "2022-05": {
            "month": "2022-05",
            "price": "34.15",
            "revenue": 1936278
        },
        "2022-06": {
            "month": "2022-06",
            "price": "33.24",
            "revenue": 2379987
        },
        "2022-07": {
            "month": "2022-07",
            "price": "31.53",
            "revenue": 2375085
        },
        "2022-08": {
            "month": "2022-08",
            "price": "31.03",
            "revenue": 2361914
        },
        "2022-09": {
            "month": "2022-09",
            "price": "30.99",
            "revenue": 2596502
        },
        "2022-10": {
            "month": "2022-10",
            "price": "28.94",
            "revenue": 2211309
        },
        "2022-11": {
            "month": "2022-11",
            "price": "30.45",
            "revenue": 1999317
        },
        "2022-12": {
            "month": "2022-12",
            "price": "30.55",
            "revenue": 1983243
        },
        "2023-01": {
            "month": "2023-01",
            "price": "30.82",
            "revenue": 1675600
        },
        "2023-02": {
            "month": "2023-02",
            "price": "31.88",
            "revenue": 1680025
        },
        "2023-03": {
            "month": "2023-03",
            "price": "33.81",
            "revenue": 2351666
        },
        "2023-04": {
            "month": "2023-04",
            "price": "34.31",
            "revenue": 1866722
        },
        "2023-05": {
            "month": "2023-05",
            "price": "34.94",
            "revenue": 1934857
        },
        "2023-06": {
            "month": "2023-06",
            "price": "35.96",
            "revenue": 2057351
        },
        "2023-07": {
            "month": "2023-07",
            "price": "35.95",
            "revenue": 1886826
        },
        "2023-08": {
            "month": "2023-08",
            "price": "33.51",
            "revenue": 2094563
        },
        "2023-09": {
            "month": "2023-09",
            "price": "33.70",
            "revenue": 2090151
        },
        "2023-10": {
            "month": "2023-10",
            "price": "32.76",
            "revenue": 1969193
        },
        "2023-11": {
            "month": "2023-11",
            "price": "33.20",
            "revenue": 1820877
        },
        "2023-12": {
            "month": "2023-12",
            "price": "34.02",
            "revenue": 1692530
        }
    }
}
