{
    "summary": {
        "stock_name": "錩新",
        "stock_id": "2415",
        "category": "電子零組件",
        "main_business": "生產銷售揚聲器零件",
        "website_url": "http://www.cxtechnology.com",
        "ceo": "蕭伊宏",
        "pe_ratio": -36,
        "report_year_from": 2001,
        "report_year_to": 2023,
        "age": 23,
        "eps_negative_percentage": 9,
        "eps_growth_avg": {
            "last_all": -6.71,
            "last_2y": -32.11,
            "last_4y": -28.06,
            "last_8y": -17.18,
            "last_12y": 1.67,
            "last_16y": -2.59,
            "last_20y": -6.74,
            "at_2006_last_3y": -23.34,
            "at_2007_last_3y": 0.39,
            "at_2008_last_3y": -2.88,
            "at_2009_last_3y": -14.18,
            "at_2010_last_3y": -21.04,
            "at_2011_last_3y": -21.04,
            "at_2012_last_3y": 10.62,
            "at_2013_last_3y": 25.43,
            "at_2014_last_3y": 44.07,
            "at_2015_last_3y": 4.17,
            "at_2016_last_3y": 21.21,
            "at_2017_last_3y": 28.03,
            "at_2018_last_3y": -3.59,
            "at_2019_last_3y": -1.29,
            "at_2020_last_3y": -24.67,
            "at_2021_last_3y": 7.4,
            "at_2022_last_3y": -10.07,
            "at_2023_last_3y": -22.47,
            "at_2024_last_3y": -22.47,
            "at_2006_last_all": -19.91,
            "at_2007_last_all": 0.08,
            "at_2008_last_all": -8.95,
            "at_2009_last_all": -20.33,
            "at_2010_last_all": -20.33,
            "at_2011_last_all": -6.96,
            "at_2012_last_all": -3.08,
            "at_2013_last_all": -7.85,
            "at_2014_last_all": 1.14,
            "at_2015_last_all": -3.54,
            "at_2016_last_all": 3.86,
            "at_2017_last_all": 1.72,
            "at_2018_last_all": -0.04,
            "at_2019_last_all": -3.01,
            "at_2020_last_all": -2.48,
            "at_2021_last_all": 2.91,
            "at_2022_last_all": -2.05,
            "at_2023_last_all": -6.71,
            "at_2024_last_all": -6.71
        },
        "latest_eps": -0.8,
        "latest_price": 28.4,
        "latest_roe": -1.52,
        "latest_gross_margin": 27.23,
        "latest_equity": 2756864,
        "latest_revenue": 608479,
        "latest_gross_profit": 165690,
        "latest_net_income": -32274,
        "latest_debt_ratio": 69.76,
        "latest_current_ratio": 134,
        "latest_account_receivable_turnover_ratio": 2.16,
        "latest_inventory_turnover_ratio": 1.18,
        "latest_reinvestment_rate": -115.3,
        "latest_research_to_sale_ratio": 1.67
    },
    "eps_dividends": {
        "1997": {
            "cash": 2,
            "stock": 1,
            "eps": 0
        },
        "2000": {
            "cash": 3,
            "stock": 3,
            "eps": 0
        },
        "2001": {
            "cash": 1,
            "stock": 0.5,
            "eps": 2.11
        },
        "2002": {
            "cash": 1.2,
            "stock": 0.3,
            "eps": 1.98
        },
        "2003": {
            "cash": 1.66,
            "stock": 0,
            "eps": 2.08
        },
        "2004": {
            "cash": 1.5,
            "stock": 0.4,
            "eps": 1.04
        },
        "2005": {
            "cash": 0.76,
            "stock": 0,
            "eps": 0.47
        },
        "2006": {
            "cash": 0.6,
            "stock": 0.3,
            "eps": 0.5
        },
        "2007": {
            "cash": 0.6,
            "stock": 0,
            "eps": 1.03
        },
        "2008": {
            "cash": 0.9,
            "stock": 0,
            "eps": 0.38
        },
        "2009": {
            "cash": 0.25,
            "stock": 0,
            "eps": -0.65
        },
        "2010": {
            "cash": 0,
            "stock": 0,
            "eps": 0.14
        },
        "2011": {
            "cash": 0.5,
            "stock": 0.5,
            "eps": 1.57
        },
        "2012": {
            "cash": 0,
            "stock": 0,
            "eps": 2.07
        },
        "2013": {
            "cash": 0.65,
            "stock": 0.64,
            "eps": 0.92
        },
        "2014": {
            "cash": 0.8,
            "stock": 0,
            "eps": 2.03
        },
        "2015": {
            "cash": 1,
            "stock": 0,
            "eps": 0.82
        },
        "2016": {
            "cash": 0.8,
            "stock": 0,
            "eps": 2.37
        },
        "2017": {
            "cash": 0.9,
            "stock": 0,
            "eps": 1.7
        },
        "2018": {
            "cash": 1,
            "stock": 0,
            "eps": 1.25
        },
        "2019": {
            "cash": 1.5,
            "stock": 0,
            "eps": 0.62
        },
        "2020": {
            "cash": 0.5,
            "stock": 0,
            "eps": 0.66
        },
        "2021": {
            "cash": 0.5,
            "stock": 0,
            "eps": 2.73
        },
        "2022": {
            "cash": 0.85,
            "stock": 1.25,
            "eps": 0.1
        },
        "2023": {
            "cash": 0.65,
            "stock": 0,
            "eps": -0.65
        }
    },
    "dividends": {
        "1997-04-19": {
            "cash": 2,
            "stock": 1
        },
        "2000-04-12": {
            "cash": 3,
            "stock": 3
        },
        "2001-05-18": {
            "cash": 1,
            "stock": 0.5
        },
        "2002-06-21": {
            "cash": 1.2,
            "stock": 0.3
        },
        "2003-03-18": {
            "cash": 1.66,
            "stock": 0
        },
        "2004-03-31": {
            "cash": 1.5,
            "stock": 0.4
        },
        "2005-04-22": {
            "cash": 0.76,
            "stock": 0
        },
        "2006-04-28": {
            "cash": 0.6,
            "stock": 0.3
        },
        "2007-04-20": {
            "cash": 0.6,
            "stock": 0
        },
        "2008-04-21": {
            "cash": 0.9,
            "stock": 0
        },
        "2009-04-21": {
            "cash": 0.25,
            "stock": 0
        },
        "2011-01-01": {
            "cash": 0.5,
            "stock": 0.5
        },
        "2013-03-25": {
            "cash": 0.65,
            "stock": 0.64
        },
        "2014-08-29": {
            "cash": 0.8,
            "stock": 0
        },
        "2015-08-17": {
            "cash": 1,
            "stock": 0
        },
        "2016-08-15": {
            "cash": 0.8,
            "stock": 0
        },
        "2017-07-21": {
            "cash": 0.9,
            "stock": 0
        },
        "2018-07-27": {
            "cash": 1,
            "stock": 0
        },
        "2019-07-12": {
            "cash": 1.5,
            "stock": 0
        },
        "2020-07-24": {
            "cash": 0.5,
            "stock": 0
        },
        "2021-08-26": {
            "cash": 0.5,
            "stock": 0
        },
        "2022-10-06": {
            "cash": 0.85,
            "stock": 1.25
        },
        "2023-07-28": {
            "cash": 0.65,
            "stock": 0
        }
    },
    "prices": {
        "200101": "24.74",
        "200102": "34.39",
        "200103": "36.50",
        "200104": "36.75",
        "200105": "31.24",
        "200106": "30.79",
        "200107": "28.23",
        "200108": "26.89",
        "200109": "22.66",
        "200110": "22.15",
        "200111": "25.43",
        "200112": "29.53",
        "200201": "31.13",
        "200202": "30.54",
        "200203": "32.07",
        "200204": "34.87",
        "200205": "30.47",
        "200206": "30.94",
        "200207": "29.46",
        "200208": "33.45",
        "200209": "36.75",
        "200210": "30.71",
        "200211": "33.12",
        "200212": "25.92",
        "200301": "21.92",
        "200302": "22.27",
        "200303": "22.07",
        "200304": "22.69",
        "200305": "21.43",
        "200306": "23.63",
        "200307": "25.02",
        "200308": "24.41",
        "200309": "22.23",
        "200310": "20.67",
        "200311": "20.44",
        "200312": "20.99",
        "200401": "21.03",
        "200402": "22.73",
        "200403": "21.67",
        "200404": "21.56",
        "200405": "19.56",
        "200406": "18.84",
        "200407": "15.79",
        "200408": "15.62",
        "200409": "13.81",
        "200410": "12.56",
        "200411": "10.92",
        "200412": "10.23",
        "200501": "10.25",
        "200502": "10.92",
        "200503": "11.25",
        "200504": "10.05",
        "200505": "9.57",
        "200506": "9.86",
        "200507": "11.22",
        "200508": "9.89",
        "200509": "8.46",
        "200510": "7.62",
        "200511": "7.75",
        "200512": "8.95",
        "200601": "9.93",
        "200602": "9.50",
        "200603": "10.16",
        "200604": "10.10",
        "200605": "11.60",
        "200606": "13.43",
        "200607": "13.08",
        "200608": "12.95",
        "200609": "12.68",
        "200610": "12.29",
        "200611": "14.15",
        "200612": "18.81",
        "200701": "21.32",
        "200702": "21.86",
        "200703": "21.52",
        "200704": "20.52",
        "200705": "19.36",
        "200706": "22.31",
        "200707": "24.10",
        "200708": "25.14",
        "200709": "23.34",
        "200710": "22.85",
        "200711": "19.75",
        "200712": "17.32",
        "200801": "16.99",
        "200802": "17.87",
        "200803": "20.05",
        "200804": "20.31",
        "200805": "18.78",
        "200806": "15.99",
        "200807": "11.61",
        "200808": "10.40",
        "200809": "9.71",
        "200810": "8.52",
        "200811": "9.13",
        "200812": "8.63",
        "200901": "7.60",
        "200902": "6.96",
        "200903": "8.31",
        "200904": "10.82",
        "200905": "10.81",
        "200906": "9.78",
        "200907": "10.27",
        "200908": "9.80",
        "200909": "10.07",
        "200910": "10.70",
        "200911": "12.36",
        "200912": "14.09",
        "201001": "13.42",
        "201002": "11.40",
        "201003": "12.24",
        "201004": "13.41",
        "201005": "14.47",
        "201006": "17.68",
        "201007": "17.23",
        "201008": "19.21",
        "201009": "18.52",
        "201010": "17.11",
        "201011": "14.62",
        "201012": "15.49",
        "201101": "14.95",
        "201102": "14.28",
        "201103": "13.23",
        "201104": "13.23",
        "201105": "12.97",
        "201106": "12.31",
        "201107": "11.87",
        "201108": "11.02",
        "201109": "12.42",
        "201110": "12.03",
        "201111": "11.30",
        "201112": "9.78",
        "201201": "9.54",
        "201202": "12.36",
        "201203": "14.21",
        "201204": "12.14",
        "201205": "11.17",
        "201206": "12.03",
        "201207": "13.36",
        "201208": "13.47",
        "201209": "13.29",
        "201210": "12.39",
        "201211": "11.44",
        "201212": "11.72",
        "201301": "12.47",
        "201302": "12.88",
        "201303": "13.23",
        "201304": "14.64",
        "201305": "14.51",
        "201306": "14.07",
        "201307": "13.87",
        "201308": "14.05",
        "201309": "12.60",
        "201310": "13.42",
        "201311": "13.69",
        "201312": "13.54",
        "201401": "15.60",
        "201402": "16.38",
        "201403": "17.51",
        "201404": "20.27",
        "201405": "18.75",
        "201406": "19.48",
        "201407": "20.18",
        "201408": "18.65",
        "201409": "18.58",
        "201410": "17.18",
        "201411": "17.94",
        "201412": "18.84",
        "201501": "23.34",
        "201502": "22.17",
        "201503": "21.77",
        "201504": "20.48",
        "201505": "17.66",
        "201506": "14.64",
        "201507": "12.91",
        "201508": "11.18",
        "201509": "12.96",
        "201510": "14.06",
        "201511": "13.17",
        "201512": "12.34",
        "201601": "11.96",
        "201602": "12.48",
        "201603": "13.71",
        "201604": "13.71",
        "201605": "13.25",
        "201606": "13.87",
        "201607": "14.24",
        "201608": "17.41",
        "201609": "20.56",
        "201610": "21.34",
        "201611": "23.96",
        "201612": "23.71",
        "201701": "27.04",
        "201702": "32.56",
        "201703": "35.00",
        "201704": "33.36",
        "201705": "30.01",
        "201706": "28.70",
        "201707": "25.42",
        "201708": "26.38",
        "201709": "31.03",
        "201710": "31.88",
        "201711": "27.09",
        "201712": "26.41",
        "201801": "26.16",
        "201802": "23.21",
        "201803": "22.77",
        "201804": "20.77",
        "201805": "23.22",
        "201806": "24.06",
        "201807": "28.73",
        "201808": "29.59",
        "201809": "25.95",
        "201810": "21.15",
        "201811": "20.97",
        "201812": "24.05",
        "201901": "23.18",
        "201902": "24.41",
        "201903": "23.52",
        "201904": "23.84",
        "201905": "22.43",
        "201906": "22.93",
        "201907": "22.23",
        "201908": "20.70",
        "201909": "20.63",
        "201910": "20.06",
        "201911": "19.43",
        "201912": "18.92",
        "202001": "19.18",
        "202002": "17.47",
        "202003": "13.54",
        "202004": "13.92",
        "202005": "15.48",
        "202006": "16.75",
        "202007": "16.50",
        "202008": "15.60",
        "202009": "15.55",
        "202010": "15.14",
        "202011": "16.10",
        "202012": "20.81",
        "202101": "32.53",
        "202102": "38.55",
        "202103": "41.70",
        "202104": "41.94",
        "202105": "35.43",
        "202106": "41.02",
        "202107": "51.56",
        "202108": "44.91",
        "202109": "39.07",
        "202110": "38.90",
        "202111": "46.53",
        "202112": "44.63",
        "202201": "40.74",
        "202202": "39.57",
        "202203": "40.80",
        "202204": "40.26",
        "202205": "37.21",
        "202206": "35.22",
        "202207": "28.29",
        "202208": "29.85",
        "202209": "26.62",
        "202210": "21.94",
        "202211": "22.70",
        "202212": "22.10",
        "202301": "21.30",
        "202302": "24.56",
        "202303": "25.02",
        "202304": "24.45",
        "202305": "23.76",
        "202306": "24.01",
        "202307": "27.42",
        "202308": "31.05",
        "202309": "30.56",
        "202310": "28.20",
        "202311": "29.22",
        "202312": "29.58"
    },
    "quarters": {
        "20011": {
            "year_quarter": 20011,
            "year": 2001,
            "quarter": 1,
            "eps": 0.57,
            "eps_growth_year": -42.42,
            "eps_4q": 1.69,
            "eps_4q_growth_year": -33.28,
            "roe": 3.29,
            "roe_4q": 3.29,
            "gross_profit": 30540,
            "gross_margin": 15.5,
            "gross_margin_4q_avg": 15.5,
            "net_income": 41565,
            "net_income_4q": null,
            "revenue": 197060,
            "revenue_4q": null,
            "common_shares": 723742,
            "book_valuer_per_share": 17.75,
            "book_valuer_per_share_4q_avg": 17.75,
            "equity": 1284795,
            "current_ratio": 695.57,
            "debt_ratio": 7.6,
            "inventory_turnover_ratio": 1.74,
            "account_receivable_turnover_ratio": null,
            "reinvestment_rate": null,
            "research_to_sale_ratio": null,
            "price_fair": 0,
            "eps_avg_yearly": 0,
            "eps_latest_yearly": 0,
            "eps_growth_yearly": 0
        },
        "20012": {
            "year_quarter": 20012,
            "year": 2001,
            "quarter": 2,
            "eps": 0.6,
            "eps_growth_year": 42.86,
            "eps_4q": 1.89,
            "eps_4q_growth_year": -8.48,
            "roe": 3.41,
            "roe_4q": 6.7,
            "gross_profit": 50409,
            "gross_margin": 23.55,
            "gross_margin_4q_avg": 19.53,
            "net_income": 43564,
            "net_income_4q": null,
            "revenue": 214085,
            "revenue_4q": null,
            "common_shares": 723742,
            "book_valuer_per_share": 17.55,
            "book_valuer_per_share_4q_avg": 17.65,
            "equity": 1270038,
            "current_ratio": 509.68,
            "debt_ratio": 29.65,
            "inventory_turnover_ratio": 2.65,
            "account_receivable_turnover_ratio": null,
            "reinvestment_rate": null,
            "research_to_sale_ratio": null,
            "price_fair": 0,
            "eps_avg_yearly": 0,
            "eps_latest_yearly": 0,
            "eps_growth_yearly": 0
        },
        "20013": {
            "year_quarter": 20013,
            "year": 2001,
            "quarter": 3,
            "eps": 0.37,
            "eps_growth_year": 42.31,
            "eps_4q": 1.91,
            "eps_4q_growth_year": 8.65,
            "roe": 2.21,
            "roe_4q": 8.91,
            "gross_profit": 53941,
            "gross_margin": 24.44,
            "gross_margin_4q_avg": 21.16,
            "net_income": 28354,
            "net_income_4q": null,
            "revenue": 220710,
            "revenue_4q": null,
            "common_shares": 763559,
            "book_valuer_per_share": 17.02,
            "book_valuer_per_share_4q_avg": 17.44,
            "equity": 1299423,
            "current_ratio": 612.45,
            "debt_ratio": 27.73,
            "inventory_turnover_ratio": 2.81,
            "account_receivable_turnover_ratio": null,
            "reinvestment_rate": null,
            "research_to_sale_ratio": null,
            "price_fair": 0,
            "eps_avg_yearly": 0,
            "eps_latest_yearly": 0,
            "eps_growth_yearly": 0
        },
        "20014": {
            "year_quarter": 20014,
            "year": 2001,
            "quarter": 4,
            "eps": 0.57,
            "eps_growth_year": 26.67,
            "eps_4q": 2.05,
            "eps_4q_growth_year": 9.63,
            "roe": 3.29,
            "roe_4q": 12.2,
            "gross_profit": 33322,
            "gross_margin": 19.16,
            "gross_margin_4q_avg": 20.66,
            "net_income": 43582,
            "net_income_4q": null,
            "revenue": 173904,
            "revenue_4q": null,
            "common_shares": 763559,
            "book_valuer_per_share": 17.66,
            "book_valuer_per_share_4q_avg": 17.5,
            "equity": 1348136,
            "current_ratio": 394.73,
            "debt_ratio": 32.65,
            "inventory_turnover_ratio": 1.53,
            "account_receivable_turnover_ratio": null,
            "reinvestment_rate": null,
            "research_to_sale_ratio": null,
            "price_fair": 0,
            "eps_avg_yearly": 0,
            "eps_latest_yearly": 0,
            "eps_growth_yearly": 0
        },
        "20021": {
            "year_quarter": 20021,
            "year": 2002,
            "quarter": 1,
            "eps": 0.58,
            "eps_growth_year": 1.75,
            "eps_4q": 2.09,
            "eps_4q_growth_year": 23.35,
            "roe": 3.24,
            "roe_4q": 12.15,
            "gross_profit": 52001,
            "gross_margin": 24.16,
            "gross_margin_4q_avg": 22.83,
            "net_income": 44443,
            "net_income_4q": null,
            "revenue": 215266,
            "revenue_4q": null,
            "common_shares": 763559,
            "book_valuer_per_share": 18.25,
            "book_valuer_per_share_4q_avg": 17.62,
            "equity": 1393119,
            "current_ratio": 236.31,
            "debt_ratio": 40.15,
            "inventory_turnover_ratio": 1.71,
            "account_receivable_turnover_ratio": null,
            "reinvestment_rate": null,
            "research_to_sale_ratio": null,
            "price_fair": 39.48,
            "eps_avg_yearly": 2.32,
            "eps_latest_yearly": 2.32,
            "eps_growth_yearly": 7.02
        },
        "20022": {
            "year_quarter": 20022,
            "year": 2002,
            "quarter": 2,
            "eps": 0.54,
            "eps_growth_year": -10,
            "eps_4q": 2.06,
            "eps_4q_growth_year": 9.18,
            "roe": 3.05,
            "roe_4q": 11.79,
            "gross_profit": 57967,
            "gross_margin": 24.44,
            "gross_margin_4q_avg": 23.05,
            "net_income": 41395,
            "net_income_4q": null,
            "revenue": 237226,
            "revenue_4q": null,
            "common_shares": 763559,
            "book_valuer_per_share": 17.25,
            "book_valuer_per_share_4q_avg": 17.55,
            "equity": 1317169,
            "current_ratio": 230.87,
            "debt_ratio": 41.07,
            "inventory_turnover_ratio": 2.61,
            "account_receivable_turnover_ratio": null,
            "reinvestment_rate": null,
            "research_to_sale_ratio": null,
            "price_fair": 6.72,
            "eps_avg_yearly": 2.24,
            "eps_latest_yearly": 2.16,
            "eps_growth_yearly": -10.28
        },
        "20023": {
            "year_quarter": 20023,
            "year": 2002,
            "quarter": 3,
            "eps": 0.28,
            "eps_growth_year": -24.32,
            "eps_4q": 1.94,
            "eps_4q_growth_year": 1.47,
            "roe": 1.63,
            "roe_4q": 11.21,
            "gross_profit": 40736,
            "gross_margin": 19.35,
            "gross_margin_4q_avg": 21.78,
            "net_income": 21870,
            "net_income_4q": null,
            "revenue": 210508,
            "revenue_4q": null,
            "common_shares": 788586,
            "book_valuer_per_share": 17.22,
            "book_valuer_per_share_4q_avg": 17.6,
            "equity": 1358157,
            "current_ratio": 230.18,
            "debt_ratio": 36.71,
            "inventory_turnover_ratio": 2.42,
            "account_receivable_turnover_ratio": null,
            "reinvestment_rate": null,
            "research_to_sale_ratio": null,
            "price_fair": 5.6,
            "eps_avg_yearly": 1.87,
            "eps_latest_yearly": 1.12,
            "eps_growth_yearly": -71.05
        },
        "20024": {
            "year_quarter": 20024,
            "year": 2002,
            "quarter": 4,
            "eps": 0.58,
            "eps_growth_year": 1.75,
            "eps_4q": 1.95,
            "eps_4q_growth_year": -4.92,
            "roe": 3.22,
            "roe_4q": 11.14,
            "gross_profit": 38585,
            "gross_margin": 19.42,
            "gross_margin_4q_avg": 21.84,
            "net_income": 45495,
            "net_income_4q": null,
            "revenue": 198660,
            "revenue_4q": null,
            "common_shares": 788586,
            "book_valuer_per_share": 17.72,
            "book_valuer_per_share_4q_avg": 17.61,
            "equity": 1467146,
            "current_ratio": 160.44,
            "debt_ratio": 35.36,
            "inventory_turnover_ratio": 1.69,
            "account_receivable_turnover_ratio": null,
            "reinvestment_rate": 50,
            "research_to_sale_ratio": null,
            "price_fair": 69.3,
            "eps_avg_yearly": 1.98,
            "eps_latest_yearly": 2.32,
            "eps_growth_yearly": 53.85
        },
        "20031": {
            "year_quarter": 20031,
            "year": 2003,
            "quarter": 1,
            "eps": 0.41,
            "eps_growth_year": -29.31,
            "eps_4q": 1.84,
            "eps_4q_growth_year": -12.02,
            "roe": 2.26,
            "roe_4q": 10.16,
            "gross_profit": 51212,
            "gross_margin": 22.02,
            "gross_margin_4q_avg": 21.31,
            "net_income": 31259,
            "net_income_4q": null,
            "revenue": 232604,
            "revenue_4q": null,
            "common_shares": 788586,
            "book_valuer_per_share": 16.43,
            "book_valuer_per_share_4q_avg": 17.16,
            "equity": 1295482,
            "current_ratio": 117.3,
            "debt_ratio": 39.4,
            "inventory_turnover_ratio": 1.84,
            "account_receivable_turnover_ratio": null,
            "reinvestment_rate": -5.55,
            "research_to_sale_ratio": null,
            "price_fair": 56.66,
            "eps_avg_yearly": 1.91,
            "eps_latest_yearly": 1.64,
            "eps_growth_yearly": 19.63
        },
        "20032": {
            "year_quarter": 20032,
            "year": 2003,
            "quarter": 2,
            "eps": 0.35,
            "eps_growth_year": -35.19,
            "eps_4q": 1.68,
            "eps_4q_growth_year": -18.16,
            "roe": 2.11,
            "roe_4q": 9.219999999999999,
            "gross_profit": 53171,
            "gross_margin": 22.98,
            "gross_margin_4q_avg": 20.94,
            "net_income": 25867,
            "net_income_4q": null,
            "revenue": 231367,
            "revenue_4q": null,
            "common_shares": 712656,
            "book_valuer_per_share": 16.22,
            "book_valuer_per_share_4q_avg": 16.9,
            "equity": 1155659,
            "current_ratio": 88.39,
            "debt_ratio": 40.2,
            "inventory_turnover_ratio": 2.14,
            "account_receivable_turnover_ratio": null,
            "reinvestment_rate": -6.24,
            "research_to_sale_ratio": null,
            "price_fair": 30.33,
            "eps_avg_yearly": 1.83,
            "eps_latest_yearly": 1.4,
            "eps_growth_yearly": 6.61
        },
        "20033": {
            "year_quarter": 20033,
            "year": 2003,
            "quarter": 3,
            "eps": 0.41,
            "eps_growth_year": 46.43,
            "eps_4q": 1.81,
            "eps_4q_growth_year": -6.41,
            "roe": 2.58,
            "roe_4q": 10.17,
            "gross_profit": 38413,
            "gross_margin": 11,
            "gross_margin_4q_avg": 18.86,
            "net_income": 29994,
            "net_income_4q": null,
            "revenue": 349249,
            "revenue_4q": null,
            "common_shares": 712656,
            "book_valuer_per_share": 16.38,
            "book_valuer_per_share_4q_avg": 16.69,
            "equity": 1167010,
            "current_ratio": 83.93,
            "debt_ratio": 39.6,
            "inventory_turnover_ratio": 3.45,
            "account_receivable_turnover_ratio": null,
            "reinvestment_rate": -8.63,
            "research_to_sale_ratio": null,
            "price_fair": 45.82,
            "eps_avg_yearly": 1.8,
            "eps_latest_yearly": 1.64,
            "eps_growth_yearly": 15.46
        },
        "20034": {
            "year_quarter": 20034,
            "year": 2003,
            "quarter": 4,
            "eps": 0.91,
            "eps_growth_year": 56.9,
            "eps_4q": 2.11,
            "eps_4q_growth_year": 7.95,
            "roe": 5.35,
            "roe_4q": 12.299999999999999,
            "gross_profit": 46331,
            "gross_margin": 21.34,
            "gross_margin_4q_avg": 19.34,
            "net_income": 66152,
            "net_income_4q": null,
            "revenue": 217157,
            "revenue_4q": null,
            "common_shares": 712656,
            "book_valuer_per_share": 17.31,
            "book_valuer_per_share_4q_avg": 16.59,
            "equity": 1304240,
            "current_ratio": 238.02,
            "debt_ratio": 44.12,
            "inventory_turnover_ratio": 1.14,
            "account_receivable_turnover_ratio": null,
            "reinvestment_rate": 23.41,
            "research_to_sale_ratio": null,
            "price_fair": 71.05,
            "eps_avg_yearly": 2.03,
            "eps_latest_yearly": 3.64,
            "eps_growth_yearly": 74.5
        },
        "20041": {
            "year_quarter": 20041,
            "year": 2004,
            "quarter": 1,
            "eps": 0.32,
            "eps_growth_year": -21.95,
            "eps_4q": 2.01,
            "eps_4q_growth_year": 9.45,
            "roe": 1.82,
            "roe_4q": 11.86,
            "gross_profit": 42562,
            "gross_margin": 19.13,
            "gross_margin_4q_avg": 18.61,
            "net_income": 23103,
            "net_income_4q": null,
            "revenue": 222473,
            "revenue_4q": null,
            "common_shares": 712656,
            "book_valuer_per_share": 17.32,
            "book_valuer_per_share_4q_avg": 16.81,
            "equity": 1234211,
            "current_ratio": 119.9,
            "debt_ratio": 45.32,
            "inventory_turnover_ratio": 1.16,
            "account_receivable_turnover_ratio": null,
            "reinvestment_rate": -11.21,
            "research_to_sale_ratio": null,
            "price_fair": 68.13,
            "eps_avg_yearly": 1.95,
            "eps_latest_yearly": 1.28,
            "eps_growth_yearly": 37.41
        },
        "20042": {
            "year_quarter": 20042,
            "year": 2004,
            "quarter": 2,
            "eps": 0.19,
            "eps_growth_year": -45.71,
            "eps_4q": 1.79,
            "eps_4q_growth_year": 6.54,
            "roe": 1.19,
            "roe_4q": 10.94,
            "gross_profit": 49963,
            "gross_margin": 21.19,
            "gross_margin_4q_avg": 18.17,
            "net_income": 14120,
            "net_income_4q": null,
            "revenue": 235731,
            "revenue_4q": null,
            "common_shares": 712656,
            "book_valuer_per_share": 16.09,
            "book_valuer_per_share_4q_avg": 16.78,
            "equity": 1146461,
            "current_ratio": 100.66,
            "debt_ratio": 48.89,
            "inventory_turnover_ratio": 1.59,
            "account_receivable_turnover_ratio": null,
            "reinvestment_rate": -12.27,
            "research_to_sale_ratio": null,
            "price_fair": 50.12,
            "eps_avg_yearly": 1.83,
            "eps_latest_yearly": 0.76,
            "eps_growth_yearly": 17.42
        },
        "20043": {
            "year_quarter": 20043,
            "year": 2004,
            "quarter": 3,
            "eps": 0.23,
            "eps_growth_year": -43.9,
            "eps_4q": 1.59,
            "eps_4q_growth_year": -12.04,
            "roe": 1.5,
            "roe_4q": 9.86,
            "gross_profit": 55851,
            "gross_margin": 13.39,
            "gross_margin_4q_avg": 18.76,
            "net_income": 17424,
            "net_income_4q": null,
            "revenue": 417149,
            "revenue_4q": null,
            "common_shares": 742062,
            "book_valuer_per_share": 15.83,
            "book_valuer_per_share_4q_avg": 16.64,
            "equity": 1174994,
            "current_ratio": 87.56,
            "debt_ratio": 49.93,
            "inventory_turnover_ratio": 2.8,
            "account_receivable_turnover_ratio": null,
            "reinvestment_rate": -11.62,
            "research_to_sale_ratio": null,
            "price_fair": 58.45,
            "eps_avg_yearly": 1.75,
            "eps_latest_yearly": 0.92,
            "eps_growth_yearly": 23.49
        },
        "20044": {
            "year_quarter": 20044,
            "year": 2004,
            "quarter": 4,
            "eps": 0.3,
            "eps_growth_year": -67.03,
            "eps_4q": 1.05,
            "eps_4q_growth_year": -50.37,
            "roe": 1.9,
            "roe_4q": 6.41,
            "gross_profit": 49861,
            "gross_margin": 19.33,
            "gross_margin_4q_avg": 18.26,
            "net_income": 21965,
            "net_income_4q": null,
            "revenue": 257989,
            "revenue_4q": null,
            "common_shares": 742062,
            "book_valuer_per_share": 15.29,
            "book_valuer_per_share_4q_avg": 16.13,
            "equity": 1134310,
            "current_ratio": 138.61,
            "debt_ratio": 53.85,
            "inventory_turnover_ratio": 0.87,
            "account_receivable_turnover_ratio": null,
            "reinvestment_rate": 119.43,
            "research_to_sale_ratio": null,
            "price_fair": 59.5,
            "eps_avg_yearly": 1.7,
            "eps_latest_yearly": 1.2,
            "eps_growth_yearly": 31.68
        },
        "20051": {
            "year_quarter": 20051,
            "year": 2005,
            "quarter": 1,
            "eps": 0.08,
            "eps_growth_year": -75,
            "eps_4q": 0.8,
            "eps_4q_growth_year": -60.36,
            "roe": 0.53,
            "roe_4q": 5.119999999999999,
            "gross_profit": 29070,
            "gross_margin": 13.18,
            "gross_margin_4q_avg": 16.77,
            "net_income": 5972,
            "net_income_4q": null,
            "revenue": 220477,
            "revenue_4q": null,
            "common_shares": 742062,
            "book_valuer_per_share": 15.3,
            "book_valuer_per_share_4q_avg": 15.63,
            "equity": 1135522,
            "current_ratio": 93.75,
            "debt_ratio": 50.63,
            "inventory_turnover_ratio": 0.76,
            "account_receivable_turnover_ratio": null,
            "reinvestment_rate": -15.85,
            "research_to_sale_ratio": null,
            "price_fair": 26.58,
            "eps_avg_yearly": 1.59,
            "eps_latest_yearly": 0.32,
            "eps_growth_yearly": 6.68
        },
        "20052": {
            "year_quarter": 20052,
            "year": 2005,
            "quarter": 2,
            "eps": 0.02,
            "eps_growth_year": -89.47,
            "eps_4q": 0.83,
            "eps_4q_growth_year": -53.67,
            "roe": 0.1,
            "roe_4q": 4.029999999999999,
            "gross_profit": 26549,
            "gross_margin": 12.25,
            "gross_margin_4q_avg": 14.54,
            "net_income": 1118,
            "net_income_4q": null,
            "revenue": 216661,
            "revenue_4q": null,
            "common_shares": 742062,
            "book_valuer_per_share": 14.57,
            "book_valuer_per_share_4q_avg": 15.25,
            "equity": 1081078,
            "current_ratio": 85.71,
            "debt_ratio": 52.23,
            "inventory_turnover_ratio": 1.26,
            "account_receivable_turnover_ratio": null,
            "reinvestment_rate": -15.56,
            "research_to_sale_ratio": null,
            "price_fair": 4.46,
            "eps_avg_yearly": 1.49,
            "eps_latest_yearly": 0.08,
            "eps_growth_yearly": -15.23
        },
        "20053": {
            "year_quarter": 20053,
            "year": 2005,
            "quarter": 3,
            "eps": 0.21,
            "eps_growth_year": -8.7,
            "eps_4q": 0.61,
            "eps_4q_growth_year": -62.05,
            "roe": 1.39,
            "roe_4q": 3.92,
            "gross_profit": 39140,
            "gross_margin": 16.82,
            "gross_margin_4q_avg": 15.4,
            "net_income": 15442,
            "net_income_4q": null,
            "revenue": 232720,
            "revenue_4q": null,
            "common_shares": 742062,
            "book_valuer_per_share": 15.45,
            "book_valuer_per_share_4q_avg": 15.15,
            "equity": 1146547,
            "current_ratio": 90.79,
            "debt_ratio": 51.54,
            "inventory_turnover_ratio": 1.28,
            "account_receivable_turnover_ratio": null,
            "reinvestment_rate": -16.23,
            "research_to_sale_ratio": null,
            "price_fair": 50.49,
            "eps_avg_yearly": 1.44,
            "eps_latest_yearly": 0.84,
            "eps_growth_yearly": 239.12
        },
        "20054": {
            "year_quarter": 20054,
            "year": 2005,
            "quarter": 4,
            "eps": 0.16,
            "eps_growth_year": -46.67,
            "eps_4q": 0.46,
            "eps_4q_growth_year": -55.76,
            "roe": 1.01,
            "roe_4q": 3.0300000000000002,
            "gross_profit": 45977,
            "gross_margin": 9.94,
            "gross_margin_4q_avg": 13.05,
            "net_income": 11902,
            "net_income_4q": null,
            "revenue": 462331,
            "revenue_4q": null,
            "common_shares": 742062,
            "book_valuer_per_share": 15.5,
            "book_valuer_per_share_4q_avg": 15.21,
            "equity": 1206475,
            "current_ratio": 80.39,
            "debt_ratio": 59.68,
            "inventory_turnover_ratio": 1.79,
            "account_receivable_turnover_ratio": null,
            "reinvestment_rate": 271.29,
            "research_to_sale_ratio": null,
            "price_fair": 48.74,
            "eps_avg_yearly": 1.39,
            "eps_latest_yearly": 0.64,
            "eps_growth_yearly": 218.22
        },
        "20061": {
            "year_quarter": 20061,
            "year": 2006,
            "quarter": 1,
            "eps": -0.11,
            "eps_growth_year": -237.5,
            "eps_4q": 0.26,
            "eps_4q_growth_year": -67.13,
            "roe": -0.72,
            "roe_4q": 1.78,
            "gross_profit": 35317,
            "gross_margin": 16.53,
            "gross_margin_4q_avg": 13.89,
            "net_income": -8418,
            "net_income_4q": null,
            "revenue": 213616,
            "revenue_4q": null,
            "common_shares": 742062,
            "book_valuer_per_share": 15.27,
            "book_valuer_per_share_4q_avg": 15.2,
            "equity": 1132889,
            "current_ratio": 115.52,
            "debt_ratio": 50.42,
            "inventory_turnover_ratio": 0.91,
            "account_receivable_turnover_ratio": null,
            "reinvestment_rate": -22.34,
            "research_to_sale_ratio": null,
            "price_fair": 46.57,
            "eps_avg_yearly": 1.33,
            "eps_latest_yearly": 0.64,
            "eps_growth_yearly": 232.3
        },
        "20062": {
            "year_quarter": 20062,
            "year": 2006,
            "quarter": 2,
            "eps": 0.05,
            "eps_growth_year": 150,
            "eps_4q": 0.3,
            "eps_4q_growth_year": -63.49,
            "roe": 0.34,
            "roe_4q": 2.02,
            "gross_profit": 37392,
            "gross_margin": 16.34,
            "gross_margin_4q_avg": 14.91,
            "net_income": 3732,
            "net_income_4q": null,
            "revenue": 228894,
            "revenue_4q": null,
            "common_shares": 742062,
            "book_valuer_per_share": 14.59,
            "book_valuer_per_share_4q_avg": 15.2,
            "equity": 1082631,
            "current_ratio": 99,
            "debt_ratio": 53.21,
            "inventory_turnover_ratio": 2.25,
            "account_receivable_turnover_ratio": null,
            "reinvestment_rate": -26.15,
            "research_to_sale_ratio": null,
            "price_fair": 44.5,
            "eps_avg_yearly": 1.27,
            "eps_latest_yearly": 0.64,
            "eps_growth_yearly": 250.87
        },
        "20063": {
            "year_quarter": 20063,
            "year": 2006,
            "quarter": 3,
            "eps": 0.36,
            "eps_growth_year": 71.43,
            "eps_4q": 0.45,
            "eps_4q_growth_year": -24.98,
            "roe": 2.5,
            "roe_4q": 3.13,
            "gross_profit": 61535,
            "gross_margin": 20.9,
            "gross_margin_4q_avg": 15.93,
            "net_income": 27637,
            "net_income_4q": null,
            "revenue": 294480,
            "revenue_4q": null,
            "common_shares": 742062,
            "book_valuer_per_share": 15.19,
            "book_valuer_per_share_4q_avg": 15.14,
            "equity": 1127268,
            "current_ratio": 133.63,
            "debt_ratio": 52.81,
            "inventory_turnover_ratio": 2.7,
            "account_receivable_turnover_ratio": null,
            "reinvestment_rate": -25.62,
            "research_to_sale_ratio": null,
            "price_fair": 45.3,
            "eps_avg_yearly": 1.29,
            "eps_latest_yearly": 1.44,
            "eps_growth_yearly": 441.76
        },
        "20064": {
            "year_quarter": 20064,
            "year": 2006,
            "quarter": 4,
            "eps": 0.2,
            "eps_growth_year": 25,
            "eps_4q": 0.51,
            "eps_4q_growth_year": 9.13,
            "roe": 1.3,
            "roe_4q": 3.42,
            "gross_profit": 42519,
            "gross_margin": 19.4,
            "gross_margin_4q_avg": 18.29,
            "net_income": 15042,
            "net_income_4q": null,
            "revenue": 219173,
            "revenue_4q": null,
            "common_shares": 764924,
            "book_valuer_per_share": 14.77,
            "book_valuer_per_share_4q_avg": 14.96,
            "equity": 1183221,
            "current_ratio": 134.35,
            "debt_ratio": 64.33,
            "inventory_turnover_ratio": 0.79,
            "account_receivable_turnover_ratio": null,
            "reinvestment_rate": 360.48,
            "research_to_sale_ratio": null,
            "price_fair": 41.5,
            "eps_avg_yearly": 1.19,
            "eps_latest_yearly": 0.8,
            "eps_growth_yearly": 398.45
        },
        "20071": {
            "year_quarter": 20071,
            "year": 2007,
            "quarter": 1,
            "eps": 0.21,
            "eps_growth_year": null,
            "eps_4q": 0.84,
            "eps_4q_growth_year": 219.05,
            "roe": 1.33,
            "roe_4q": 5.47,
            "gross_profit": 47615,
            "gross_margin": 19.11,
            "gross_margin_4q_avg": 18.94,
            "net_income": 15578,
            "net_income_4q": null,
            "revenue": 249131,
            "revenue_4q": null,
            "common_shares": 764924,
            "book_valuer_per_share": 15.24,
            "book_valuer_per_share_4q_avg": 14.95,
            "equity": 1165588,
            "current_ratio": 138.66,
            "debt_ratio": 50.92,
            "inventory_turnover_ratio": 0.9,
            "account_receivable_turnover_ratio": null,
            "reinvestment_rate": -29.56,
            "research_to_sale_ratio": null,
            "price_fair": 39.5,
            "eps_avg_yearly": 1.13,
            "eps_latest_yearly": 0.84,
            "eps_growth_yearly": 408.26
        },
        "20072": {
            "year_quarter": 20072,
            "year": 2007,
            "quarter": 2,
            "eps": 0.31,
            "eps_growth_year": 520,
            "eps_4q": 1.08,
            "eps_4q_growth_year": 256.98,
            "roe": 2.03,
            "roe_4q": 7.16,
            "gross_profit": 54280,
            "gross_margin": 19.8,
            "gross_margin_4q_avg": 19.8,
            "net_income": 23343,
            "net_income_4q": null,
            "revenue": 274103,
            "revenue_4q": null,
            "common_shares": 764924,
            "book_valuer_per_share": 14.89,
            "book_valuer_per_share_4q_avg": 15.02,
            "equity": 1139206,
            "current_ratio": 131.68,
            "debt_ratio": 52.26,
            "inventory_turnover_ratio": 2.76,
            "account_receivable_turnover_ratio": null,
            "reinvestment_rate": -30.16,
            "research_to_sale_ratio": null,
            "price_fair": 39.1,
            "eps_avg_yearly": 1.12,
            "eps_latest_yearly": 1.24,
            "eps_growth_yearly": 426.04
        },
        "20073": {
            "year_quarter": 20073,
            "year": 2007,
            "quarter": 3,
            "eps": 0.26,
            "eps_growth_year": -27.78,
            "eps_4q": 0.97,
            "eps_4q_growth_year": 113.11,
            "roe": 1.62,
            "roe_4q": 6.28,
            "gross_profit": 58721,
            "gross_margin": 20.84,
            "gross_margin_4q_avg": 19.79,
            "net_income": 19830,
            "net_income_4q": null,
            "revenue": 281766,
            "revenue_4q": null,
            "common_shares": 839924,
            "book_valuer_per_share": 15.56,
            "book_valuer_per_share_4q_avg": 15.12,
            "equity": 1306560,
            "current_ratio": 227.53,
            "debt_ratio": 44.49,
            "inventory_turnover_ratio": 3.06,
            "account_receivable_turnover_ratio": null,
            "reinvestment_rate": -28.48,
            "research_to_sale_ratio": null,
            "price_fair": 37.6,
            "eps_avg_yearly": 1.07,
            "eps_latest_yearly": 1.04,
            "eps_growth_yearly": 416.54
        },
        "20074": {
            "year_quarter": 20074,
            "year": 2007,
            "quarter": 4,
            "eps": 0.25,
            "eps_growth_year": 25,
            "eps_4q": 1.01,
            "eps_4q_growth_year": 99.9,
            "roe": 1.44,
            "roe_4q": 6.42,
            "gross_profit": 51251,
            "gross_margin": 21.76,
            "gross_margin_4q_avg": 20.38,
            "net_income": 19331,
            "net_income_4q": null,
            "revenue": 235477,
            "revenue_4q": null,
            "common_shares": 839924,
            "book_valuer_per_share": 15.76,
            "book_valuer_per_share_4q_avg": 15.36,
            "equity": 1374894,
            "current_ratio": 113.61,
            "debt_ratio": 61.86,
            "inventory_turnover_ratio": 0.91,
            "account_receivable_turnover_ratio": null,
            "reinvestment_rate": 406.71,
            "research_to_sale_ratio": null,
            "price_fair": 31,
            "eps_avg_yearly": 0.89,
            "eps_latest_yearly": 1,
            "eps_growth_yearly": 380.6
        },
        "20081": {
            "year_quarter": 20081,
            "year": 2008,
            "quarter": 1,
            "eps": -0.12,
            "eps_growth_year": -157.14,
            "eps_4q": 0.64,
            "eps_4q_growth_year": -23.86,
            "roe": -0.74,
            "roe_4q": 4.35,
            "gross_profit": 156487,
            "gross_margin": 36.48,
            "gross_margin_4q_avg": 24.72,
            "net_income": -9902,
            "net_income_4q": null,
            "revenue": 428979,
            "revenue_4q": null,
            "common_shares": 839924,
            "book_valuer_per_share": 15.09,
            "book_valuer_per_share_4q_avg": 15.33,
            "equity": 1315711,
            "current_ratio": 94.76,
            "debt_ratio": 62.33,
            "inventory_turnover_ratio": 0.81,
            "account_receivable_turnover_ratio": null,
            "reinvestment_rate": 795.03,
            "research_to_sale_ratio": null,
            "price_fair": 29.94,
            "eps_avg_yearly": 0.86,
            "eps_latest_yearly": 1,
            "eps_growth_yearly": 429.82
        },
        "20082": {
            "year_quarter": 20082,
            "year": 2008,
            "quarter": 2,
            "eps": 0.06,
            "eps_growth_year": -80.65,
            "eps_4q": 0.44,
            "eps_4q_growth_year": -59.14,
            "roe": 0.36,
            "roe_4q": 2.68,
            "gross_profit": 159818,
            "gross_margin": 37.58,
            "gross_margin_4q_avg": 29.17,
            "net_income": 4640,
            "net_income_4q": null,
            "revenue": 425253,
            "revenue_4q": null,
            "common_shares": 839924,
            "book_valuer_per_share": 14.21,
            "book_valuer_per_share_4q_avg": 15.16,
            "equity": 1241526,
            "current_ratio": 91.12,
            "debt_ratio": 65.12,
            "inventory_turnover_ratio": 0.71,
            "account_receivable_turnover_ratio": null,
            "reinvestment_rate": 835.15,
            "research_to_sale_ratio": null,
            "price_fair": 30.22,
            "eps_avg_yearly": 0.86,
            "eps_latest_yearly": 1,
            "eps_growth_yearly": 479.18
        },
        "20083": {
            "year_quarter": 20083,
            "year": 2008,
            "quarter": 3,
            "eps": 0.67,
            "eps_growth_year": 157.69,
            "eps_4q": 0.85,
            "eps_4q_growth_year": -12.26,
            "roe": 4.15,
            "roe_4q": 5.210000000000001,
            "gross_profit": 145341,
            "gross_margin": 31.93,
            "gross_margin_4q_avg": 31.94,
            "net_income": 55524,
            "net_income_4q": null,
            "revenue": 455224,
            "revenue_4q": null,
            "common_shares": 839924,
            "book_valuer_per_share": 15.53,
            "book_valuer_per_share_4q_avg": 15.15,
            "equity": 1435742,
            "current_ratio": 107.96,
            "debt_ratio": 63.19,
            "inventory_turnover_ratio": 0.66,
            "account_receivable_turnover_ratio": null,
            "reinvestment_rate": 724.44,
            "research_to_sale_ratio": null,
            "price_fair": 35.35,
            "eps_avg_yearly": 1.01,
            "eps_latest_yearly": 2.68,
            "eps_growth_yearly": 811.05
        },
        "20084": {
            "year_quarter": 20084,
            "year": 2008,
            "quarter": 4,
            "eps": -0.23,
            "eps_growth_year": -192,
            "eps_4q": 0.6,
            "eps_4q_growth_year": -40.67,
            "roe": -2.13,
            "roe_4q": 1.6400000000000003,
            "gross_profit": 103251,
            "gross_margin": 26.74,
            "gross_margin_4q_avg": 33.18,
            "net_income": -30140,
            "net_income_4q": null,
            "revenue": 386166,
            "revenue_4q": null,
            "common_shares": 839924,
            "book_valuer_per_share": 15.24,
            "book_valuer_per_share_4q_avg": 15.02,
            "equity": 1396846,
            "current_ratio": 165.78,
            "debt_ratio": 64.18,
            "inventory_turnover_ratio": 0.52,
            "account_receivable_turnover_ratio": 3.44,
            "reinvestment_rate": 464.9,
            "research_to_sale_ratio": null,
            "price_fair": 34.75,
            "eps_avg_yearly": 0.99,
            "eps_latest_yearly": 2.68,
            "eps_growth_yearly": 873.72
        },
        "20091": {
            "year_quarter": 20091,
            "year": 2009,
            "quarter": 1,
            "eps": -0.34,
            "eps_growth_year": null,
            "eps_4q": 0.16,
            "eps_4q_growth_year": -74.57,
            "roe": -3.15,
            "roe_4q": -0.769999999999999,
            "gross_profit": 40287,
            "gross_margin": 17.11,
            "gross_margin_4q_avg": 28.34,
            "net_income": -47002,
            "net_income_4q": null,
            "revenue": 235476,
            "revenue_4q": null,
            "common_shares": 839924,
            "book_valuer_per_share": 15.3,
            "book_valuer_per_share_4q_avg": 15.07,
            "equity": 1584863,
            "current_ratio": 172.68,
            "debt_ratio": 61.65,
            "inventory_turnover_ratio": 0.35,
            "account_receivable_turnover_ratio": 1.26,
            "reinvestment_rate": 1418.96,
            "research_to_sale_ratio": null,
            "price_fair": 37.1,
            "eps_avg_yearly": 1.06,
            "eps_latest_yearly": 2.68,
            "eps_growth_yearly": 990.42
        },
        "20092": {
            "year_quarter": 20092,
            "year": 2009,
            "quarter": 2,
            "eps": -0.72,
            "eps_growth_year": -1300,
            "eps_4q": -0.6,
            "eps_4q_growth_year": -236.34,
            "roe": -4.19,
            "roe_4q": -5.3199999999999985,
            "gross_profit": 69524,
            "gross_margin": 21.14,
            "gross_margin_4q_avg": 24.23,
            "net_income": -64494,
            "net_income_4q": null,
            "revenue": 328848,
            "revenue_4q": null,
            "common_shares": 836124,
            "book_valuer_per_share": 14,
            "book_valuer_per_share_4q_avg": 15.02,
            "equity": 1491108,
            "current_ratio": 149.19,
            "debt_ratio": 62.67,
            "inventory_turnover_ratio": 0.55,
            "account_receivable_turnover_ratio": 2.5,
            "reinvestment_rate": 2268.74,
            "research_to_sale_ratio": null,
            "price_fair": 40.91,
            "eps_avg_yearly": 1.17,
            "eps_latest_yearly": 2.68,
            "eps_growth_yearly": 1133.8
        },
        "20093": {
            "year_quarter": 20093,
            "year": 2009,
            "quarter": 3,
            "eps": -0.01,
            "eps_growth_year": -101.49,
            "eps_4q": -1.29,
            "eps_4q_growth_year": -251.94,
            "roe": -0.65,
            "roe_4q": -10.120000000000001,
            "gross_profit": 121897,
            "gross_margin": 28.03,
            "gross_margin_4q_avg": 23.26,
            "net_income": -9563,
            "net_income_4q": null,
            "revenue": 434835,
            "revenue_4q": null,
            "common_shares": 831124,
            "book_valuer_per_share": 13.78,
            "book_valuer_per_share_4q_avg": 14.58,
            "equity": 1453635,
            "current_ratio": 163.4,
            "debt_ratio": 65.38,
            "inventory_turnover_ratio": 0.93,
            "account_receivable_turnover_ratio": 3.54,
            "reinvestment_rate": 3056.48,
            "research_to_sale_ratio": null,
            "price_fair": 42.35,
            "eps_avg_yearly": 1.21,
            "eps_latest_yearly": 2.68,
            "eps_growth_yearly": 800.53
        },
        "20094": {
            "year_quarter": 20094,
            "year": 2009,
            "quarter": 4,
            "eps": 0.42,
            "eps_growth_year": null,
            "eps_4q": -0.65,
            "eps_4q_growth_year": -209.18,
            "roe": 2.32,
            "roe_4q": -5.67,
            "gross_profit": 152186,
            "gross_margin": 31.56,
            "gross_margin_4q_avg": 24.46,
            "net_income": 35533,
            "net_income_4q": null,
            "revenue": 482160,
            "revenue_4q": null,
            "common_shares": 831124,
            "book_valuer_per_share": 14.23,
            "book_valuer_per_share_4q_avg": 14.33,
            "equity": 1609040,
            "current_ratio": 156.97,
            "debt_ratio": 62.01,
            "inventory_turnover_ratio": 1.19,
            "account_receivable_turnover_ratio": 3.58,
            "reinvestment_rate": 2331.67,
            "research_to_sale_ratio": null,
            "price_fair": 45.2,
            "eps_avg_yearly": 1.29,
            "eps_latest_yearly": 2.68,
            "eps_growth_yearly": 928.49
        },
        "20101": {
            "year_quarter": 20101,
            "year": 2010,
            "quarter": 1,
            "eps": 0.07,
            "eps_growth_year": null,
            "eps_4q": -0.24,
            "eps_4q_growth_year": -247.1,
            "roe": -0.07,
            "roe_4q": -2.5900000000000003,
            "gross_profit": 110133,
            "gross_margin": 27.14,
            "gross_margin_4q_avg": 26.97,
            "net_income": -1075,
            "net_income_4q": null,
            "revenue": 405742,
            "revenue_4q": null,
            "common_shares": 831124,
            "book_valuer_per_share": 14.14,
            "book_valuer_per_share_4q_avg": 14.04,
            "equity": 1601508,
            "current_ratio": 165.53,
            "debt_ratio": 60.96,
            "inventory_turnover_ratio": 1.16,
            "account_receivable_turnover_ratio": 1.55,
            "reinvestment_rate": 3393.53,
            "research_to_sale_ratio": 1.31,
            "price_fair": 40.78,
            "eps_avg_yearly": 1.17,
            "eps_latest_yearly": 0.28,
            "eps_growth_yearly": 770.77
        },
        "20102": {
            "year_quarter": 20102,
            "year": 2010,
            "quarter": 2,
            "eps": 0.01,
            "eps_growth_year": null,
            "eps_4q": 0.49,
            "eps_4q_growth_year": null,
            "roe": -0.23,
            "roe_4q": 1.3699999999999997,
            "gross_profit": 137139,
            "gross_margin": 27.27,
            "gross_margin_4q_avg": 28.5,
            "net_income": -3629,
            "net_income_4q": null,
            "revenue": 502834,
            "revenue_4q": null,
            "common_shares": 831124,
            "book_valuer_per_share": 14.35,
            "book_valuer_per_share_4q_avg": 14.13,
            "equity": 1616440,
            "current_ratio": 137.67,
            "debt_ratio": 63.15,
            "inventory_turnover_ratio": 1.43,
            "account_receivable_turnover_ratio": 2.25,
            "reinvestment_rate": 1782.59,
            "research_to_sale_ratio": 1.1,
            "price_fair": 36.4,
            "eps_avg_yearly": 1.04,
            "eps_latest_yearly": 0.04,
            "eps_growth_yearly": 647.03
        },
        "20103": {
            "year_quarter": 20103,
            "year": 2010,
            "quarter": 3,
            "eps": 0.02,
            "eps_growth_year": null,
            "eps_4q": 0.52,
            "eps_4q_growth_year": null,
            "roe": -0.74,
            "roe_4q": 1.2799999999999998,
            "gross_profit": 133834,
            "gross_margin": 24.78,
            "gross_margin_4q_avg": 27.69,
            "net_income": -11812,
            "net_income_4q": null,
            "revenue": 540090,
            "revenue_4q": null,
            "common_shares": 831124,
            "book_valuer_per_share": 13.95,
            "book_valuer_per_share_4q_avg": 14.17,
            "equity": 1558966,
            "current_ratio": 123.8,
            "debt_ratio": 64.14,
            "inventory_turnover_ratio": 1.49,
            "account_receivable_turnover_ratio": 2.55,
            "reinvestment_rate": 4708.31,
            "research_to_sale_ratio": 1.09,
            "price_fair": 31.11,
            "eps_avg_yearly": 0.89,
            "eps_latest_yearly": 0.08,
            "eps_growth_yearly": 415.92
        },
        "20104": {
            "year_quarter": 20104,
            "year": 2010,
            "quarter": 4,
            "eps": 0.04,
            "eps_growth_year": -90.91,
            "eps_4q": 0.14,
            "eps_4q_growth_year": null,
            "roe": 1.37,
            "roe_4q": 0.3300000000000001,
            "gross_profit": 134033,
            "gross_margin": 25.43,
            "gross_margin_4q_avg": 26.16,
            "net_income": 20678,
            "net_income_4q": null,
            "revenue": 527055,
            "revenue_4q": null,
            "common_shares": 831124,
            "book_valuer_per_share": 12.94,
            "book_valuer_per_share_4q_avg": 13.85,
            "equity": 1459697,
            "current_ratio": 124.27,
            "debt_ratio": 65.31,
            "inventory_turnover_ratio": 1.5,
            "account_receivable_turnover_ratio": 2.43,
            "reinvestment_rate": 2663.33,
            "research_to_sale_ratio": 1.03,
            "price_fair": 28.62,
            "eps_avg_yearly": 0.82,
            "eps_latest_yearly": 0.16,
            "eps_growth_yearly": 480.12
        },
        "20111": {
            "year_quarter": 20111,
            "year": 2011,
            "quarter": 1,
            "eps": 0.11,
            "eps_growth_year": 57.14,
            "eps_4q": 0.17,
            "eps_4q_growth_year": null,
            "roe": 0.03,
            "roe_4q": 0.43000000000000016,
            "gross_profit": 135229,
            "gross_margin": 27.3,
            "gross_margin_4q_avg": 26.2,
            "net_income": 438,
            "net_income_4q": null,
            "revenue": 495291,
            "revenue_4q": null,
            "common_shares": 831124,
            "book_valuer_per_share": 13.08,
            "book_valuer_per_share_4q_avg": 13.58,
            "equity": 1447878,
            "current_ratio": 130.89,
            "debt_ratio": 64.67,
            "inventory_turnover_ratio": 1.38,
            "account_receivable_turnover_ratio": 2.46,
            "reinvestment_rate": 6284.25,
            "research_to_sale_ratio": 0.97,
            "price_fair": 27.07,
            "eps_avg_yearly": 0.77,
            "eps_latest_yearly": 0.44,
            "eps_growth_yearly": 555.67
        },
        "20112": {
            "year_quarter": 20112,
            "year": 2011,
            "quarter": 2,
            "eps": -0.28,
            "eps_growth_year": -2866.48,
            "eps_4q": -0.12,
            "eps_4q_growth_year": -123.59,
            "roe": -2.37,
            "roe_4q": -1.7100000000000002,
            "gross_profit": 109715,
            "gross_margin": 22.15,
            "gross_margin_4q_avg": 24.92,
            "net_income": -33725,
            "net_income_4q": null,
            "revenue": 495404,
            "revenue_4q": null,
            "common_shares": 831124,
            "book_valuer_per_share": 12.58,
            "book_valuer_per_share_4q_avg": 13.14,
            "equity": 1397094,
            "current_ratio": 116.85,
            "debt_ratio": 66.09,
            "inventory_turnover_ratio": 1.36,
            "account_receivable_turnover_ratio": 2.54,
            "reinvestment_rate": 49261.79,
            "research_to_sale_ratio": 1.1,
            "price_fair": 25.03,
            "eps_avg_yearly": 0.72,
            "eps_latest_yearly": 0.44,
            "eps_growth_yearly": 601.32
        },
        "20113": {
            "year_quarter": 20113,
            "year": 2011,
            "quarter": 3,
            "eps": 0.33,
            "eps_growth_year": 1861.3,
            "eps_4q": 0.2,
            "eps_4q_growth_year": -62.31,
            "roe": 1.29,
            "roe_4q": 0.32000000000000006,
            "gross_profit": -49189,
            "gross_margin": -15.54,
            "gross_margin_4q_avg": 14.84,
            "net_income": 18694,
            "net_income_4q": null,
            "revenue": 316627,
            "revenue_4q": null,
            "common_shares": 831124,
            "book_valuer_per_share": 13.84,
            "book_valuer_per_share_4q_avg": 13.11,
            "equity": 1501583,
            "current_ratio": 123.66,
            "debt_ratio": 66.76,
            "inventory_turnover_ratio": 1.2,
            "account_receivable_turnover_ratio": 1.35,
            "reinvestment_rate": 21152.21,
            "research_to_sale_ratio": 1.7,
            "price_fair": 23.4,
            "eps_avg_yearly": 0.67,
            "eps_latest_yearly": 0.44,
            "eps_growth_yearly": 696.44
        },
        "20114": {
            "year_quarter": 20114,
            "year": 2011,
            "quarter": 4,
            "eps": 1.41,
            "eps_growth_year": 3597.73,
            "eps_4q": 1.57,
            "eps_4q_growth_year": 1051.58,
            "roe": 5.94,
            "roe_4q": 4.890000000000001,
            "gross_profit": 66926,
            "gross_margin": 13.73,
            "gross_margin_4q_avg": 11.91,
            "net_income": 88209,
            "net_income_4q": null,
            "revenue": 487430,
            "revenue_4q": null,
            "common_shares": 816124,
            "book_valuer_per_share": 15.17,
            "book_valuer_per_share_4q_avg": 13.67,
            "equity": 1467535,
            "current_ratio": 199.9,
            "debt_ratio": 54.87,
            "inventory_turnover_ratio": 1.37,
            "account_receivable_turnover_ratio": 1.52,
            "reinvestment_rate": 470.49,
            "research_to_sale_ratio": 1.12,
            "price_fair": 46.6,
            "eps_avg_yearly": 1.33,
            "eps_latest_yearly": 5.64,
            "eps_growth_yearly": 885.65
        },
        "20121": {
            "year_quarter": 20121,
            "year": 2012,
            "quarter": 1,
            "eps": 0.11,
            "eps_growth_year": 0,
            "eps_4q": 1.57,
            "eps_4q_growth_year": 819.46,
            "roe": -0.1,
            "roe_4q": 4.760000000000001,
            "gross_profit": 67368,
            "gross_margin": 15.77,
            "gross_margin_4q_avg": 9.03,
            "net_income": -1520,
            "net_income_4q": null,
            "revenue": 427168,
            "revenue_4q": null,
            "common_shares": 816124,
            "book_valuer_per_share": 14.92,
            "book_valuer_per_share_4q_avg": 14.13,
            "equity": 1428756,
            "current_ratio": 284.04,
            "debt_ratio": 54.36,
            "inventory_turnover_ratio": 1.27,
            "account_receivable_turnover_ratio": 1.24,
            "reinvestment_rate": 371.61,
            "research_to_sale_ratio": 1.04,
            "price_fair": 42.7,
            "eps_avg_yearly": 1.22,
            "eps_latest_yearly": 0.44,
            "eps_growth_yearly": 728.85
        },
        "20122": {
            "year_quarter": 20122,
            "year": 2012,
            "quarter": 2,
            "eps": 0.26,
            "eps_growth_year": null,
            "eps_4q": 2.03,
            "eps_4q_growth_year": null,
            "roe": -0.35,
            "roe_4q": 6.78,
            "gross_profit": 68730,
            "gross_margin": 14.28,
            "gross_margin_4q_avg": 7.06,
            "net_income": -4891,
            "net_income_4q": null,
            "revenue": 481203,
            "revenue_4q": null,
            "common_shares": 816124,
            "book_valuer_per_share": 14.85,
            "book_valuer_per_share_4q_avg": 14.7,
            "equity": 1400016,
            "current_ratio": 192.69,
            "debt_ratio": 54.5,
            "inventory_turnover_ratio": 1.54,
            "account_receivable_turnover_ratio": 1.4,
            "reinvestment_rate": 281.23,
            "research_to_sale_ratio": 0.7,
            "price_fair": 42,
            "eps_avg_yearly": 1.2,
            "eps_latest_yearly": 1.04,
            "eps_growth_yearly": 708.47
        },
        "20123": {
            "year_quarter": 20123,
            "year": 2012,
            "quarter": 3,
            "eps": 0.14,
            "eps_growth_year": -58.12,
            "eps_4q": 1.85,
            "eps_4q_growth_year": 842.17,
            "roe": -0.02,
            "roe_4q": 5.470000000000001,
            "gross_profit": 76642,
            "gross_margin": 16.55,
            "gross_margin_4q_avg": 15.08,
            "net_income": -257,
            "net_income_4q": null,
            "revenue": 463035,
            "revenue_4q": null,
            "common_shares": 856930,
            "book_valuer_per_share": 13.98,
            "book_valuer_per_share_4q_avg": 14.73,
            "equity": 1370534,
            "current_ratio": 194.58,
            "debt_ratio": 52.8,
            "inventory_turnover_ratio": 1.44,
            "account_receivable_turnover_ratio": 1.28,
            "reinvestment_rate": 320.48,
            "research_to_sale_ratio": 0.88,
            "price_fair": 33.76,
            "eps_avg_yearly": 0.96,
            "eps_latest_yearly": 0.56,
            "eps_growth_yearly": 236.11
        },
        "20124": {
            "year_quarter": 20124,
            "year": 2012,
            "quarter": 4,
            "eps": 1.56,
            "eps_growth_year": 10.73,
            "eps_4q": 2.07,
            "eps_4q_growth_year": 31.76,
            "roe": 7.54,
            "roe_4q": 7.070000000000001,
            "gross_profit": 46460,
            "gross_margin": 11.45,
            "gross_margin_4q_avg": 14.51,
            "net_income": 108365,
            "net_income_4q": null,
            "revenue": 405744,
            "revenue_4q": null,
            "common_shares": 856930,
            "book_valuer_per_share": 15.47,
            "book_valuer_per_share_4q_avg": 14.81,
            "equity": 1504506,
            "current_ratio": 261.11,
            "debt_ratio": 40.84,
            "inventory_turnover_ratio": 1.34,
            "account_receivable_turnover_ratio": 1.26,
            "reinvestment_rate": 97.64,
            "research_to_sale_ratio": 0.85,
            "price_fair": 52.22,
            "eps_avg_yearly": 1.49,
            "eps_latest_yearly": 6.24,
            "eps_growth_yearly": 618.21
        },
        "20131": {
            "year_quarter": 20131,
            "year": 2013,
            "quarter": 1,
            "eps": 0.17,
            "eps_growth_year": 54.55,
            "eps_4q": 2.13,
            "eps_4q_growth_year": 35.36,
            "roe": 0.74,
            "roe_4q": 7.91,
            "gross_profit": 79877,
            "gross_margin": 19.81,
            "gross_margin_4q_avg": 15.52,
            "net_income": 11253,
            "net_income_4q": null,
            "revenue": 403293,
            "revenue_4q": null,
            "common_shares": 856930,
            "book_valuer_per_share": 16.03,
            "book_valuer_per_share_4q_avg": 15.08,
            "equity": 1554387,
            "current_ratio": 229.05,
            "debt_ratio": 42.45,
            "inventory_turnover_ratio": 1.13,
            "account_receivable_turnover_ratio": 1.67,
            "reinvestment_rate": -383.84,
            "research_to_sale_ratio": 3.32,
            "price_fair": 49.64,
            "eps_avg_yearly": 1.42,
            "eps_latest_yearly": 0.68,
            "eps_growth_yearly": 529.61
        },
        "20132": {
            "year_quarter": 20132,
            "year": 2013,
            "quarter": 2,
            "eps": 0.19,
            "eps_growth_year": -27.48,
            "eps_4q": 1.94,
            "eps_4q_growth_year": -4.29,
            "roe": 0.93,
            "roe_4q": 9.190000000000001,
            "gross_profit": 96804,
            "gross_margin": 20.6,
            "gross_margin_4q_avg": 17.1,
            "net_income": 14258,
            "net_income_4q": null,
            "revenue": 469813,
            "revenue_4q": null,
            "common_shares": 856930,
            "book_valuer_per_share": 15.73,
            "book_valuer_per_share_4q_avg": 15.3,
            "equity": 1527259,
            "current_ratio": 208.28,
            "debt_ratio": 42.72,
            "inventory_turnover_ratio": 1.2,
            "account_receivable_turnover_ratio": 1.93,
            "reinvestment_rate": -290.24,
            "research_to_sale_ratio": 3.47,
            "price_fair": 47.72,
            "eps_avg_yearly": 1.36,
            "eps_latest_yearly": 0.76,
            "eps_growth_yearly": 489.39
        },
        "20133": {
            "year_quarter": 20133,
            "year": 2013,
            "quarter": 3,
            "eps": 0.21,
            "eps_growth_year": 51.96,
            "eps_4q": 2.02,
            "eps_4q_growth_year": 9.14,
            "roe": 0.87,
            "roe_4q": 10.08,
            "gross_profit": 94730,
            "gross_margin": 19.21,
            "gross_margin_4q_avg": 17.77,
            "net_income": 13323,
            "net_income_4q": null,
            "revenue": 493200,
            "revenue_4q": null,
            "common_shares": 911774,
            "book_valuer_per_share": 14.81,
            "book_valuer_per_share_4q_avg": 15.51,
            "equity": 1521398,
            "current_ratio": 193.53,
            "debt_ratio": 44.97,
            "inventory_turnover_ratio": 1.32,
            "account_receivable_turnover_ratio": 1.77,
            "reinvestment_rate": -241.92,
            "research_to_sale_ratio": 2.84,
            "price_fair": 46.31,
            "eps_avg_yearly": 1.32,
            "eps_latest_yearly": 0.84,
            "eps_growth_yearly": 454.99
        },
        "20134": {
            "year_quarter": 20134,
            "year": 2013,
            "quarter": 4,
            "eps": 0.35,
            "eps_growth_year": -77.86,
            "eps_4q": 0.9,
            "eps_4q_growth_year": -56.7,
            "roe": 1.61,
            "roe_4q": 4.15,
            "gross_profit": 114555,
            "gross_margin": 23.48,
            "gross_margin_4q_avg": 20.78,
            "net_income": 25347,
            "net_income_4q": null,
            "revenue": 487951,
            "revenue_4q": null,
            "common_shares": 911774,
            "book_valuer_per_share": 15.31,
            "book_valuer_per_share_4q_avg": 15.47,
            "equity": 1632781,
            "current_ratio": 185.73,
            "debt_ratio": 46.21,
            "inventory_turnover_ratio": 1.21,
            "account_receivable_turnover_ratio": 1.94,
            "reinvestment_rate": -678.49,
            "research_to_sale_ratio": 2.72,
            "price_fair": 46.5,
            "eps_avg_yearly": 1.33,
            "eps_latest_yearly": 1.4,
            "eps_growth_yearly": 441.54
        },
        "20141": {
            "year_quarter": 20141,
            "year": 2014,
            "quarter": 1,
            "eps": 0.31,
            "eps_growth_year": 82.35,
            "eps_4q": 1.05,
            "eps_4q_growth_year": -50.94,
            "roe": 1.85,
            "roe_4q": 5.26,
            "gross_profit": 117656,
            "gross_margin": 23.41,
            "gross_margin_4q_avg": 21.68,
            "net_income": 30732,
            "net_income_4q": null,
            "revenue": 502511,
            "revenue_4q": null,
            "common_shares": 911774,
            "book_valuer_per_share": 15.79,
            "book_valuer_per_share_4q_avg": 15.41,
            "equity": 1682782,
            "current_ratio": 163.84,
            "debt_ratio": 49.97,
            "inventory_turnover_ratio": 1.17,
            "account_receivable_turnover_ratio": 2.24,
            "reinvestment_rate": -636.3,
            "research_to_sale_ratio": 1.56,
            "price_fair": 48.9,
            "eps_avg_yearly": 1.4,
            "eps_latest_yearly": 1.24,
            "eps_growth_yearly": 462.08
        },
        "20142": {
            "year_quarter": 20142,
            "year": 2014,
            "quarter": 2,
            "eps": 0.39,
            "eps_growth_year": 105.26,
            "eps_4q": 1.25,
            "eps_4q_growth_year": -35.37,
            "roe": 2.17,
            "roe_4q": 6.5,
            "gross_profit": 137957,
            "gross_margin": 24.74,
            "gross_margin_4q_avg": 22.71,
            "net_income": 35767,
            "net_income_4q": null,
            "revenue": 557723,
            "revenue_4q": null,
            "common_shares": 911774,
            "book_valuer_per_share": 15.08,
            "book_valuer_per_share_4q_avg": 15.25,
            "equity": 1613888,
            "current_ratio": 153.71,
            "debt_ratio": 52.49,
            "inventory_turnover_ratio": 1.23,
            "account_receivable_turnover_ratio": 2.21,
            "reinvestment_rate": -231.87,
            "research_to_sale_ratio": 1.71,
            "price_fair": 52.7,
            "eps_avg_yearly": 1.51,
            "eps_latest_yearly": 1.56,
            "eps_growth_yearly": 493.94
        },
        "20143": {
            "year_quarter": 20143,
            "year": 2014,
            "quarter": 3,
            "eps": 1.24,
            "eps_growth_year": 490.48,
            "eps_4q": 2.28,
            "eps_4q_growth_year": 12.93,
            "roe": 6.71,
            "roe_4q": 12.339999999999998,
            "gross_profit": 131659,
            "gross_margin": 23.72,
            "gross_margin_4q_avg": 23.84,
            "net_income": 110896,
            "net_income_4q": null,
            "revenue": 555116,
            "revenue_4q": null,
            "common_shares": 911774,
            "book_valuer_per_share": 16.68,
            "book_valuer_per_share_4q_avg": 15.72,
            "equity": 1692665,
            "current_ratio": 160.99,
            "debt_ratio": 51.16,
            "inventory_turnover_ratio": 1.2,
            "account_receivable_turnover_ratio": 1.9,
            "reinvestment_rate": -445.93,
            "research_to_sale_ratio": 1.69,
            "price_fair": 64.9,
            "eps_avg_yearly": 1.85,
            "eps_latest_yearly": 4.96,
            "eps_growth_yearly": 527.64
        },
        "20144": {
            "year_quarter": 20144,
            "year": 2014,
            "quarter": 4,
            "eps": 0.09,
            "eps_growth_year": -74.15,
            "eps_4q": 2.02,
            "eps_4q_growth_year": 125.88,
            "roe": 0.42,
            "roe_4q": 11.15,
            "gross_profit": 114108,
            "gross_margin": 22.01,
            "gross_margin_4q_avg": 23.47,
            "net_income": 7255,
            "net_income_4q": null,
            "revenue": 518506,
            "revenue_4q": null,
            "common_shares": 911774,
            "book_valuer_per_share": 17.5,
            "book_valuer_per_share_4q_avg": 16.26,
            "equity": 1776135,
            "current_ratio": 160.4,
            "debt_ratio": 50.99,
            "inventory_turnover_ratio": 1.1,
            "account_receivable_turnover_ratio": 1.87,
            "reinvestment_rate": -412.49,
            "research_to_sale_ratio": 1.47,
            "price_fair": 65.4,
            "eps_avg_yearly": 1.87,
            "eps_latest_yearly": 0.36,
            "eps_growth_yearly": 472.57
        },
        "20151": {
            "year_quarter": 20151,
            "year": 2015,
            "quarter": 1,
            "eps": 0.07,
            "eps_growth_year": -77.42,
            "eps_4q": 1.78,
            "eps_4q_growth_year": 70.67,
            "roe": 0.15,
            "roe_4q": 9.45,
            "gross_profit": 98862,
            "gross_margin": 20.3,
            "gross_margin_4q_avg": 22.69,
            "net_income": 2616,
            "net_income_4q": null,
            "revenue": 487048,
            "revenue_4q": null,
            "common_shares": 911774,
            "book_valuer_per_share": 17.24,
            "book_valuer_per_share_4q_avg": 16.63,
            "equity": 1741088,
            "current_ratio": 148.83,
            "debt_ratio": 53.5,
            "inventory_turnover_ratio": 1.07,
            "account_receivable_turnover_ratio": 1.94,
            "reinvestment_rate": -413.06,
            "research_to_sale_ratio": 1.99,
            "price_fair": 65,
            "eps_avg_yearly": 1.86,
            "eps_latest_yearly": 0.28,
            "eps_growth_yearly": 416.22
        },
        "20152": {
            "year_quarter": 20152,
            "year": 2015,
            "quarter": 2,
            "eps": 0.22,
            "eps_growth_year": -43.59,
            "eps_4q": 1.61,
            "eps_4q_growth_year": 28.79,
            "roe": 1.06,
            "roe_4q": 8.34,
            "gross_profit": 120078,
            "gross_margin": 22.98,
            "gross_margin_4q_avg": 22.25,
            "net_income": 17907,
            "net_income_4q": null,
            "revenue": 522523,
            "revenue_4q": null,
            "common_shares": 911774,
            "book_valuer_per_share": 16.14,
            "book_valuer_per_share_4q_avg": 16.89,
            "equity": 1633365,
            "current_ratio": 135.82,
            "debt_ratio": 55.78,
            "inventory_turnover_ratio": 1.19,
            "account_receivable_turnover_ratio": 2.12,
            "reinvestment_rate": -118.9,
            "research_to_sale_ratio": 1.99,
            "price_fair": 62.72,
            "eps_avg_yearly": 1.79,
            "eps_latest_yearly": 0.88,
            "eps_growth_yearly": 445.62
        },
        "20153": {
            "year_quarter": 20153,
            "year": 2015,
            "quarter": 3,
            "eps": 0.4,
            "eps_growth_year": -67.74,
            "eps_4q": 0.78,
            "eps_4q_growth_year": -65.98,
            "roe": 1.73,
            "roe_4q": 3.36,
            "gross_profit": 151123,
            "gross_margin": 25.8,
            "gross_margin_4q_avg": 22.77,
            "net_income": 29266,
            "net_income_4q": null,
            "revenue": 585685,
            "revenue_4q": null,
            "common_shares": 911774,
            "book_valuer_per_share": 17.47,
            "book_valuer_per_share_4q_avg": 17.09,
            "equity": 1755629,
            "current_ratio": 140.05,
            "debt_ratio": 54.23,
            "inventory_turnover_ratio": 1.4,
            "account_receivable_turnover_ratio": 2.3,
            "reinvestment_rate": -212.1,
            "research_to_sale_ratio": 2.44,
            "price_fair": 62.3,
            "eps_avg_yearly": 1.78,
            "eps_latest_yearly": 1.6,
            "eps_growth_yearly": 438.22
        },
        "20154": {
            "year_quarter": 20154,
            "year": 2015,
            "quarter": 4,
            "eps": 0.13,
            "eps_growth_year": 46.75,
            "eps_4q": 0.82,
            "eps_4q_growth_year": -59.57,
            "roe": 0.7,
            "roe_4q": 3.6399999999999997,
            "gross_profit": 139273,
            "gross_margin": 24.57,
            "gross_margin_4q_avg": 23.41,
            "net_income": 12249,
            "net_income_4q": null,
            "revenue": 566769,
            "revenue_4q": null,
            "common_shares": 911774,
            "book_valuer_per_share": 17.45,
            "book_valuer_per_share_4q_avg": 17.08,
            "equity": 1752000,
            "current_ratio": 120.06,
            "debt_ratio": 56.11,
            "inventory_turnover_ratio": 1.54,
            "account_receivable_turnover_ratio": 2.15,
            "reinvestment_rate": -244.16,
            "research_to_sale_ratio": 1.36,
            "price_fair": 51.1,
            "eps_avg_yearly": 1.46,
            "eps_latest_yearly": 0.52,
            "eps_growth_yearly": 339.53
        },
        "20161": {
            "year_quarter": 20161,
            "year": 2016,
            "quarter": 1,
            "eps": 0.22,
            "eps_growth_year": 214.29,
            "eps_4q": 0.97,
            "eps_4q_growth_year": -45.71,
            "roe": 0.98,
            "roe_4q": 4.470000000000001,
            "gross_profit": 138490,
            "gross_margin": 26.62,
            "gross_margin_4q_avg": 24.99,
            "net_income": 17148,
            "net_income_4q": null,
            "revenue": 520194,
            "revenue_4q": null,
            "common_shares": 910774,
            "book_valuer_per_share": 17.21,
            "book_valuer_per_share_4q_avg": 17.07,
            "equity": 1743604,
            "current_ratio": 124.96,
            "debt_ratio": 53.21,
            "inventory_turnover_ratio": 1.45,
            "account_receivable_turnover_ratio": 2.05,
            "reinvestment_rate": -233,
            "research_to_sale_ratio": 3.04,
            "price_fair": 52.06,
            "eps_avg_yearly": 1.49,
            "eps_latest_yearly": 0.88,
            "eps_growth_yearly": 379.89
        },
        "20162": {
            "year_quarter": 20162,
            "year": 2016,
            "quarter": 2,
            "eps": 0.53,
            "eps_growth_year": 140.91,
            "eps_4q": 1.28,
            "eps_4q_growth_year": -20.96,
            "roe": 2.67,
            "roe_4q": 6.08,
            "gross_profit": 200514,
            "gross_margin": 33.39,
            "gross_margin_4q_avg": 27.6,
            "net_income": 47933,
            "net_income_4q": null,
            "revenue": 600527,
            "revenue_4q": null,
            "common_shares": 910774,
            "book_valuer_per_share": 17.09,
            "book_valuer_per_share_4q_avg": 17.31,
            "equity": 1842648,
            "current_ratio": 128.12,
            "debt_ratio": 51.83,
            "inventory_turnover_ratio": 1.41,
            "account_receivable_turnover_ratio": 2.56,
            "reinvestment_rate": -202.99,
            "research_to_sale_ratio": 2.02,
            "price_fair": 54.43,
            "eps_avg_yearly": 1.56,
            "eps_latest_yearly": 2.12,
            "eps_growth_yearly": 381.02
        },
        "20163": {
            "year_quarter": 20163,
            "year": 2016,
            "quarter": 3,
            "eps": 0.96,
            "eps_growth_year": 140,
            "eps_4q": 1.83,
            "eps_4q_growth_year": 136.46,
            "roe": 4.87,
            "roe_4q": 9.219999999999999,
            "gross_profit": 229306,
            "gross_margin": 35.53,
            "gross_margin_4q_avg": 30.03,
            "net_income": 90475,
            "net_income_4q": null,
            "revenue": 645307,
            "revenue_4q": null,
            "common_shares": 910774,
            "book_valuer_per_share": 17.5,
            "book_valuer_per_share_4q_avg": 17.31,
            "equity": 1875163,
            "current_ratio": 127.81,
            "debt_ratio": 55.11,
            "inventory_turnover_ratio": 1.21,
            "account_receivable_turnover_ratio": 2.15,
            "reinvestment_rate": -180.08,
            "research_to_sale_ratio": 1.49,
            "price_fair": 61.6,
            "eps_avg_yearly": 1.76,
            "eps_latest_yearly": 3.84,
            "eps_growth_yearly": 412.84
        },
        "20164": {
            "year_quarter": 20164,
            "year": 2016,
            "quarter": 4,
            "eps": 0.66,
            "eps_growth_year": 404.58,
            "eps_4q": 2.37,
            "eps_4q_growth_year": 189.07,
            "roe": 2.59,
            "roe_4q": 11.11,
            "gross_profit": 159076,
            "gross_margin": 27.34,
            "gross_margin_4q_avg": 30.72,
            "net_income": 49696,
            "net_income_4q": null,
            "revenue": 581871,
            "revenue_4q": null,
            "common_shares": 910774,
            "book_valuer_per_share": 18.47,
            "book_valuer_per_share_4q_avg": 17.57,
            "equity": 1955593,
            "current_ratio": 144.61,
            "debt_ratio": 52.05,
            "inventory_turnover_ratio": 1.06,
            "account_receivable_turnover_ratio": 1.67,
            "reinvestment_rate": -195.61,
            "research_to_sale_ratio": 1.76,
            "price_fair": 53.73,
            "eps_avg_yearly": 1.54,
            "eps_latest_yearly": 2.64,
            "eps_growth_yearly": 151.46
        },
        "20171": {
            "year_quarter": 20171,
            "year": 2017,
            "quarter": 1,
            "eps": 0.14,
            "eps_growth_year": -36.36,
            "eps_4q": 2.29,
            "eps_4q_growth_year": 135.91,
            "roe": 0.74,
            "roe_4q": 10.87,
            "gross_profit": 141456,
            "gross_margin": 26.49,
            "gross_margin_4q_avg": 30.69,
            "net_income": 14018,
            "net_income_4q": null,
            "revenue": 533978,
            "revenue_4q": null,
            "common_shares": 910774,
            "book_valuer_per_share": 17.5,
            "book_valuer_per_share_4q_avg": 17.64,
            "equity": 1852107,
            "current_ratio": 136.3,
            "debt_ratio": 55.61,
            "inventory_turnover_ratio": 0.85,
            "account_receivable_turnover_ratio": 1.59,
            "reinvestment_rate": 45.41,
            "research_to_sale_ratio": 1.84,
            "price_fair": 53.46,
            "eps_avg_yearly": 1.53,
            "eps_latest_yearly": 0.56,
            "eps_growth_yearly": 154.04
        },
        "20172": {
            "year_quarter": 20172,
            "year": 2017,
            "quarter": 2,
            "eps": 0.3,
            "eps_growth_year": -43.4,
            "eps_4q": 2.06,
            "eps_4q_growth_year": 61.24,
            "roe": 1.68,
            "roe_4q": 9.879999999999999,
            "gross_profit": 150147,
            "gross_margin": 27.52,
            "gross_margin_4q_avg": 29.22,
            "net_income": 30801,
            "net_income_4q": null,
            "revenue": 545667,
            "revenue_4q": null,
            "common_shares": 910774,
            "book_valuer_per_share": 17,
            "book_valuer_per_share_4q_avg": 17.62,
            "equity": 1811162,
            "current_ratio": 129.78,
            "debt_ratio": 55.48,
            "inventory_turnover_ratio": 0.79,
            "account_receivable_turnover_ratio": 1.73,
            "reinvestment_rate": 61.66,
            "research_to_sale_ratio": 1.74,
            "price_fair": 54.43,
            "eps_avg_yearly": 1.56,
            "eps_latest_yearly": 1.2,
            "eps_growth_yearly": 179.67
        },
        "20173": {
            "year_quarter": 20173,
            "year": 2017,
            "quarter": 3,
            "eps": 0.57,
            "eps_growth_year": -40.62,
            "eps_4q": 1.82,
            "eps_4q_growth_year": -0.61,
            "roe": 2.7,
            "roe_4q": 7.71,
            "gross_profit": 167614,
            "gross_margin": 28.17,
            "gross_margin_4q_avg": 27.38,
            "net_income": 48030,
            "net_income_4q": null,
            "revenue": 595012,
            "revenue_4q": null,
            "common_shares": 800000,
            "book_valuer_per_share": 18.51,
            "book_valuer_per_share_4q_avg": 17.87,
            "equity": 1744439,
            "current_ratio": 122.24,
            "debt_ratio": 57.51,
            "inventory_turnover_ratio": 0.95,
            "account_receivable_turnover_ratio": 1.81,
            "reinvestment_rate": 50.56,
            "research_to_sale_ratio": 1.66,
            "price_fair": 57.58,
            "eps_avg_yearly": 1.65,
            "eps_latest_yearly": 2.28,
            "eps_growth_yearly": 199.54
        },
        "20174": {
            "year_quarter": 20174,
            "year": 2017,
            "quarter": 4,
            "eps": 0.69,
            "eps_growth_year": 4.88,
            "eps_4q": 1.76,
            "eps_4q_growth_year": -25.44,
            "roe": 3.25,
            "roe_4q": 8.37,
            "gross_profit": 173337,
            "gross_margin": 29.49,
            "gross_margin_4q_avg": 27.92,
            "net_income": 59299,
            "net_income_4q": null,
            "revenue": 587787,
            "revenue_4q": null,
            "common_shares": 800000,
            "book_valuer_per_share": 18.95,
            "book_valuer_per_share_4q_avg": 17.99,
            "equity": 1906002,
            "current_ratio": 133.34,
            "debt_ratio": 58.72,
            "inventory_turnover_ratio": 0.91,
            "account_receivable_turnover_ratio": 1.72,
            "reinvestment_rate": 40.91,
            "research_to_sale_ratio": 1.5,
            "price_fair": 60.55,
            "eps_avg_yearly": 1.73,
            "eps_latest_yearly": 2.76,
            "eps_growth_yearly": 188.13
        },
        "20181": {
            "year_quarter": 20181,
            "year": 2018,
            "quarter": 1,
            "eps": 0.41,
            "eps_growth_year": 192.86,
            "eps_4q": 2.02,
            "eps_4q_growth_year": -11.69,
            "roe": 2.16,
            "roe_4q": 9.79,
            "gross_profit": 164584,
            "gross_margin": 30.93,
            "gross_margin_4q_avg": 29.03,
            "net_income": 41301,
            "net_income_4q": null,
            "revenue": 532049,
            "revenue_4q": null,
            "common_shares": 800000,
            "book_valuer_per_share": 19.13,
            "book_valuer_per_share_4q_avg": 18.4,
            "equity": 1920580,
            "current_ratio": 133.87,
            "debt_ratio": 57.84,
            "inventory_turnover_ratio": 0.75,
            "account_receivable_turnover_ratio": 1.68,
            "reinvestment_rate": 25.32,
            "research_to_sale_ratio": 1.73,
            "price_fair": 61.43,
            "eps_avg_yearly": 1.76,
            "eps_latest_yearly": 1.64,
            "eps_growth_yearly": 180.85
        },
        "20182": {
            "year_quarter": 20182,
            "year": 2018,
            "quarter": 2,
            "eps": 0.44,
            "eps_growth_year": 46.67,
            "eps_4q": 2.12,
            "eps_4q_growth_year": 2.92,
            "roe": 2.02,
            "roe_4q": 10.129999999999999,
            "gross_profit": 136958,
            "gross_margin": 24.93,
            "gross_margin_4q_avg": 28.38,
            "net_income": 39181,
            "net_income_4q": null,
            "revenue": 549389,
            "revenue_4q": null,
            "common_shares": 800000,
            "book_valuer_per_share": 19.29,
            "book_valuer_per_share_4q_avg": 18.97,
            "equity": 1955575,
            "current_ratio": 133.23,
            "debt_ratio": 55.34,
            "inventory_turnover_ratio": 0.74,
            "account_receivable_turnover_ratio": 1.6,
            "reinvestment_rate": 36.27,
            "research_to_sale_ratio": 1.7,
            "price_fair": 61.86,
            "eps_avg_yearly": 1.77,
            "eps_latest_yearly": 1.76,
            "eps_growth_yearly": 176.22
        },
        "20183": {
            "year_quarter": 20183,
            "year": 2018,
            "quarter": 3,
            "eps": 0.26,
            "eps_growth_year": -54.39,
            "eps_4q": 1.81,
            "eps_4q_growth_year": -0.71,
            "roe": 1.3,
            "roe_4q": 8.73,
            "gross_profit": 157481,
            "gross_margin": 26.71,
            "gross_margin_4q_avg": 28.02,
            "net_income": 25451,
            "net_income_4q": null,
            "revenue": 589686,
            "revenue_4q": null,
            "common_shares": 800000,
            "book_valuer_per_share": 19.39,
            "book_valuer_per_share_4q_avg": 19.19,
            "equity": 1960309,
            "current_ratio": 125.79,
            "debt_ratio": 59.79,
            "inventory_turnover_ratio": 0.72,
            "account_receivable_turnover_ratio": 1.55,
            "reinvestment_rate": 45.23,
            "research_to_sale_ratio": 1.57,
            "price_fair": 53.29,
            "eps_avg_yearly": 1.52,
            "eps_latest_yearly": 1.04,
            "eps_growth_yearly": 111.51
        },
        "20184": {
            "year_quarter": 20184,
            "year": 2018,
            "quarter": 4,
            "eps": 0.14,
            "eps_growth_year": -79.68,
            "eps_4q": 1.26,
            "eps_4q_growth_year": -28.75,
            "roe": 0.97,
            "roe_4q": 6.45,
            "gross_profit": 108170,
            "gross_margin": 20.56,
            "gross_margin_4q_avg": 25.78,
            "net_income": 19805,
            "net_income_4q": null,
            "revenue": 526246,
            "revenue_4q": null,
            "common_shares": 800000,
            "book_valuer_per_share": 19.65,
            "book_valuer_per_share_4q_avg": 19.37,
            "equity": 2134833,
            "current_ratio": 143.51,
            "debt_ratio": 55.5,
            "inventory_turnover_ratio": 0.77,
            "account_receivable_turnover_ratio": 1.59,
            "reinvestment_rate": 34.09,
            "research_to_sale_ratio": 2.36,
            "price_fair": 53.73,
            "eps_avg_yearly": 1.54,
            "eps_latest_yearly": 0.56,
            "eps_growth_yearly": 123.16
        },
        "20191": {
            "year_quarter": 20191,
            "year": 2019,
            "quarter": 1,
            "eps": 0.12,
            "eps_growth_year": -70.73,
            "eps_4q": 0.97,
            "eps_4q_growth_year": -52.12,
            "roe": 0.96,
            "roe_4q": 5.25,
            "gross_profit": 135510,
            "gross_margin": 25.85,
            "gross_margin_4q_avg": 24.51,
            "net_income": 20647,
            "net_income_4q": null,
            "revenue": 524270,
            "revenue_4q": null,
            "common_shares": 800000,
            "book_valuer_per_share": 19.91,
            "book_valuer_per_share_4q_avg": 19.56,
            "equity": 2167823,
            "current_ratio": 144.52,
            "debt_ratio": 54.74,
            "inventory_turnover_ratio": 0.76,
            "account_receivable_turnover_ratio": 1.86,
            "reinvestment_rate": 38.89,
            "research_to_sale_ratio": 2.4,
            "price_fair": 54.16,
            "eps_avg_yearly": 1.55,
            "eps_latest_yearly": 0.48,
            "eps_growth_yearly": 125.14
        },
        "20192": {
            "year_quarter": 20192,
            "year": 2019,
            "quarter": 2,
            "eps": 0.2,
            "eps_growth_year": -54.55,
            "eps_4q": 0.73,
            "eps_4q_growth_year": -65.49,
            "roe": 1.05,
            "roe_4q": 4.279999999999999,
            "gross_profit": 135762,
            "gross_margin": 23.41,
            "gross_margin_4q_avg": 24.13,
            "net_income": 22208,
            "net_income_4q": null,
            "revenue": 579827,
            "revenue_4q": null,
            "common_shares": 800000,
            "book_valuer_per_share": 18.71,
            "book_valuer_per_share_4q_avg": 19.42,
            "equity": 2065682,
            "current_ratio": 131.61,
            "debt_ratio": 58.71,
            "inventory_turnover_ratio": 0.92,
            "account_receivable_turnover_ratio": 1.7,
            "reinvestment_rate": 49.49,
            "research_to_sale_ratio": 2.4,
            "price_fair": 53.99,
            "eps_avg_yearly": 1.54,
            "eps_latest_yearly": 0.8,
            "eps_growth_yearly": 88.24
        },
        "20193": {
            "year_quarter": 20193,
            "year": 2019,
            "quarter": 3,
            "eps": 0.13,
            "eps_growth_year": -50,
            "eps_4q": 0.6,
            "eps_4q_growth_year": -66.87,
            "roe": 0.87,
            "roe_4q": 3.8499999999999996,
            "gross_profit": 126232,
            "gross_margin": 22.3,
            "gross_margin_4q_avg": 23.03,
            "net_income": 18045,
            "net_income_4q": null,
            "revenue": 566157,
            "revenue_4q": null,
            "common_shares": 800000,
            "book_valuer_per_share": 18.74,
            "book_valuer_per_share_4q_avg": 19.25,
            "equity": 2075320,
            "current_ratio": 140.08,
            "debt_ratio": 56.88,
            "inventory_turnover_ratio": 1,
            "account_receivable_turnover_ratio": 1.47,
            "reinvestment_rate": 34.25,
            "research_to_sale_ratio": 2.19,
            "price_fair": 51.63,
            "eps_avg_yearly": 1.48,
            "eps_latest_yearly": 0.52,
            "eps_growth_yearly": 59.03
        },
        "20194": {
            "year_quarter": 20194,
            "year": 2019,
            "quarter": 4,
            "eps": 0.17,
            "eps_growth_year": 17.37,
            "eps_4q": 0.62,
            "eps_4q_growth_year": -50.32,
            "roe": 1.05,
            "roe_4q": 3.9299999999999997,
            "gross_profit": 125984,
            "gross_margin": 24.27,
            "gross_margin_4q_avg": 23.96,
            "net_income": 21525,
            "net_income_4q": null,
            "revenue": 519010,
            "revenue_4q": null,
            "common_shares": 800000,
            "book_valuer_per_share": 18.23,
            "book_valuer_per_share_4q_avg": 18.9,
            "equity": 2022906,
            "current_ratio": 139.64,
            "debt_ratio": 59.56,
            "inventory_turnover_ratio": 0.95,
            "account_receivable_turnover_ratio": 1.54,
            "reinvestment_rate": 14.17,
            "research_to_sale_ratio": 2.14,
            "price_fair": 51.98,
            "eps_avg_yearly": 1.49,
            "eps_latest_yearly": 0.68,
            "eps_growth_yearly": 83.6
        },
        "20201": {
            "year_quarter": 20201,
            "year": 2020,
            "quarter": 1,
            "eps": 0.3,
            "eps_growth_year": 150,
            "eps_4q": 0.8,
            "eps_4q_growth_year": -17.18,
            "roe": 1.15,
            "roe_4q": 4.12,
            "gross_profit": 131299,
            "gross_margin": 25.24,
            "gross_margin_4q_avg": 23.81,
            "net_income": 24216,
            "net_income_4q": null,
            "revenue": 520218,
            "revenue_4q": null,
            "common_shares": 800000,
            "book_valuer_per_share": 18.5,
            "book_valuer_per_share_4q_avg": 18.55,
            "equity": 2173905,
            "current_ratio": 152.14,
            "debt_ratio": 59.35,
            "inventory_turnover_ratio": 0.99,
            "account_receivable_turnover_ratio": 1.76,
            "reinvestment_rate": 6.3,
            "research_to_sale_ratio": 1.74,
            "price_fair": 52.68,
            "eps_avg_yearly": 1.51,
            "eps_latest_yearly": 1.2,
            "eps_growth_yearly": 85.41
        },
        "20202": {
            "year_quarter": 20202,
            "year": 2020,
            "quarter": 2,
            "eps": -0.61,
            "eps_growth_year": -405,
            "eps_4q": -0.02,
            "eps_4q_growth_year": -102.26,
            "roe": -1.68,
            "roe_4q": 1.3900000000000001,
            "gross_profit": 62500,
            "gross_margin": 19.1,
            "gross_margin_4q_avg": 22.73,
            "net_income": -35642,
            "net_income_4q": null,
            "revenue": 327258,
            "revenue_4q": null,
            "common_shares": 800000,
            "book_valuer_per_share": 17.14,
            "book_valuer_per_share_4q_avg": 18.15,
            "equity": 2060172,
            "current_ratio": 153.79,
            "debt_ratio": 57.88,
            "inventory_turnover_ratio": 0.68,
            "account_receivable_turnover_ratio": 1.35,
            "reinvestment_rate": -24.39,
            "research_to_sale_ratio": 2.77,
            "price_fair": 51.24,
            "eps_avg_yearly": 1.46,
            "eps_latest_yearly": 1.2,
            "eps_growth_yearly": 53.53
        },
        "20203": {
            "year_quarter": 20203,
            "year": 2020,
            "quarter": 3,
            "eps": 0.13,
            "eps_growth_year": 0,
            "eps_4q": -0.02,
            "eps_4q_growth_year": -102.89,
            "roe": 0.93,
            "roe_4q": 1.4500000000000002,
            "gross_profit": 102858,
            "gross_margin": 20.96,
            "gross_margin_4q_avg": 22.39,
            "net_income": 19143,
            "net_income_4q": null,
            "revenue": 490670,
            "revenue_4q": null,
            "common_shares": 800000,
            "book_valuer_per_share": 16.99,
            "book_valuer_per_share_4q_avg": 17.72,
            "equity": 2043978,
            "current_ratio": 147.92,
            "debt_ratio": 60,
            "inventory_turnover_ratio": 1.06,
            "account_receivable_turnover_ratio": 1.95,
            "reinvestment_rate": -21.05,
            "research_to_sale_ratio": 1.73,
            "price_fair": 45.3,
            "eps_avg_yearly": 1.29,
            "eps_latest_yearly": 1.2,
            "eps_growth_yearly": 34.17
        },
        "20204": {
            "year_quarter": 20204,
            "year": 2020,
            "quarter": 4,
            "eps": 0.84,
            "eps_growth_year": 407.73,
            "eps_4q": 0.66,
            "eps_4q_growth_year": 5.44,
            "roe": 3.85,
            "roe_4q": 4.25,
            "gross_profit": 185890,
            "gross_margin": 29.68,
            "gross_margin_4q_avg": 23.75,
            "net_income": 79493,
            "net_income_4q": null,
            "revenue": 626403,
            "revenue_4q": null,
            "common_shares": 800000,
            "book_valuer_per_share": 17.47,
            "book_valuer_per_share_4q_avg": 17.53,
            "equity": 2080241,
            "current_ratio": 145.59,
            "debt_ratio": 62.79,
            "inventory_turnover_ratio": 1.28,
            "account_receivable_turnover_ratio": 1.8,
            "reinvestment_rate": -30.54,
            "research_to_sale_ratio": 1.09,
            "price_fair": 47.1,
            "eps_avg_yearly": 1.35,
            "eps_latest_yearly": 3.36,
            "eps_growth_yearly": 199.14
        },
        "20211": {
            "year_quarter": 20211,
            "year": 2021,
            "quarter": 1,
            "eps": 0.76,
            "eps_growth_year": 153.33,
            "eps_4q": 1.11,
            "eps_4q_growth_year": 39.21,
            "roe": 3.53,
            "roe_4q": 6.630000000000001,
            "gross_profit": 204286,
            "gross_margin": 32.54,
            "gross_margin_4q_avg": 25.57,
            "net_income": 74852,
            "net_income_4q": null,
            "revenue": 627724,
            "revenue_4q": null,
            "common_shares": 800000,
            "book_valuer_per_share": 18.26,
            "book_valuer_per_share_4q_avg": 17.47,
            "equity": 2159196,
            "current_ratio": 137.83,
            "debt_ratio": 65.52,
            "inventory_turnover_ratio": 0.93,
            "account_receivable_turnover_ratio": 1.74,
            "reinvestment_rate": -12.09,
            "research_to_sale_ratio": 1.01,
            "price_fair": 53.3,
            "eps_avg_yearly": 1.52,
            "eps_latest_yearly": 3.04,
            "eps_growth_yearly": 218.93
        },
        "20212": {
            "year_quarter": 20212,
            "year": 2021,
            "quarter": 2,
            "eps": 1.12,
            "eps_growth_year": null,
            "eps_4q": 2.85,
            "eps_4q_growth_year": null,
            "roe": 5.08,
            "roe_4q": 13.389999999999999,
            "gross_profit": 255053,
            "gross_margin": 34.31,
            "gross_margin_4q_avg": 29.37,
            "net_income": 110590,
            "net_income_4q": null,
            "revenue": 743384,
            "revenue_4q": null,
            "common_shares": 800000,
            "book_valuer_per_share": 18.93,
            "book_valuer_per_share_4q_avg": 17.91,
            "equity": 2197468,
            "current_ratio": 130.51,
            "debt_ratio": 71.18,
            "inventory_turnover_ratio": 0.78,
            "account_receivable_turnover_ratio": 1.85,
            "reinvestment_rate": -42.37,
            "research_to_sale_ratio": 0.69,
            "price_fair": 61.5,
            "eps_avg_yearly": 1.76,
            "eps_latest_yearly": 4.48,
            "eps_growth_yearly": 199.81
        },
        "20213": {
            "year_quarter": 20213,
            "year": 2021,
            "quarter": 3,
            "eps": 0.32,
            "eps_growth_year": 146.15,
            "eps_4q": 3.04,
            "eps_4q_growth_year": null,
            "roe": 2.09,
            "roe_4q": 14.549999999999999,
            "gross_profit": 89653,
            "gross_margin": 21.66,
            "gross_margin_4q_avg": 29.55,
            "net_income": 49875,
            "net_income_4q": null,
            "revenue": 413851,
            "revenue_4q": null,
            "common_shares": 800000,
            "book_valuer_per_share": 18.88,
            "book_valuer_per_share_4q_avg": 18.39,
            "equity": 2564290,
            "current_ratio": 132.65,
            "debt_ratio": 69.26,
            "inventory_turnover_ratio": 0.42,
            "account_receivable_turnover_ratio": 1.33,
            "reinvestment_rate": -51.96,
            "research_to_sale_ratio": 0.93,
            "price_fair": 59,
            "eps_avg_yearly": 1.69,
            "eps_latest_yearly": 1.28,
            "eps_growth_yearly": 153.69
        },
        "20214": {
            "year_quarter": 20214,
            "year": 2021,
            "quarter": 4,
            "eps": 0.53,
            "eps_growth_year": -36.61,
            "eps_4q": 2.73,
            "eps_4q_growth_year": 314.58,
            "roe": 2.82,
            "roe_4q": 13.52,
            "gross_profit": 196516,
            "gross_margin": 29.67,
            "gross_margin_4q_avg": 29.55,
            "net_income": 73133,
            "net_income_4q": null,
            "revenue": 662331,
            "revenue_4q": null,
            "common_shares": 800000,
            "book_valuer_per_share": 19.29,
            "book_valuer_per_share_4q_avg": 18.84,
            "equity": 2620734,
            "current_ratio": 132.74,
            "debt_ratio": 71.76,
            "inventory_turnover_ratio": 0.55,
            "account_receivable_turnover_ratio": 2.83,
            "reinvestment_rate": -38.63,
            "research_to_sale_ratio": 0.87,
            "price_fair": 57.4,
            "eps_avg_yearly": 1.64,
            "eps_latest_yearly": 2.12,
            "eps_growth_yearly": 166.43
        },
        "20221": {
            "year_quarter": 20221,
            "year": 2022,
            "quarter": 1,
            "eps": 0.79,
            "eps_growth_year": 3.95,
            "eps_4q": 2.77,
            "eps_4q_growth_year": 148.29,
            "roe": 3.42,
            "roe_4q": 13.41,
            "gross_profit": 233602,
            "gross_margin": 31.51,
            "gross_margin_4q_avg": 29.29,
            "net_income": 92189,
            "net_income_4q": null,
            "revenue": 741449,
            "revenue_4q": null,
            "common_shares": 800000,
            "book_valuer_per_share": 20.93,
            "book_valuer_per_share_4q_avg": 19.51,
            "equity": 2772557,
            "current_ratio": 131.96,
            "debt_ratio": 71.13,
            "inventory_turnover_ratio": 0.63,
            "account_receivable_turnover_ratio": 2.07,
            "reinvestment_rate": -19.33,
            "research_to_sale_ratio": 0.7,
            "price_fair": 61.2,
            "eps_avg_yearly": 1.75,
            "eps_latest_yearly": 3.16,
            "eps_growth_yearly": 192.04
        },
        "20222": {
            "year_quarter": 20222,
            "year": 2022,
            "quarter": 2,
            "eps": 0.09,
            "eps_growth_year": -91.96,
            "eps_4q": 1.55,
            "eps_4q_growth_year": -45.63,
            "roe": 0.3,
            "roe_4q": 8.629999999999999,
            "gross_profit": 145672,
            "gross_margin": 23.92,
            "gross_margin_4q_avg": 26.69,
            "net_income": 8326,
            "net_income_4q": null,
            "revenue": 609022,
            "revenue_4q": null,
            "common_shares": 800000,
            "book_valuer_per_share": 20.81,
            "book_valuer_per_share_4q_avg": 19.98,
            "equity": 2780409,
            "current_ratio": 133.77,
            "debt_ratio": 70.27,
            "inventory_turnover_ratio": 0.61,
            "account_receivable_turnover_ratio": 1.49,
            "reinvestment_rate": -28.59,
            "research_to_sale_ratio": 0.91,
            "price_fair": 57.7,
            "eps_avg_yearly": 1.65,
            "eps_latest_yearly": 0.36,
            "eps_growth_yearly": 164.63
        },
        "20223": {
            "year_quarter": 20223,
            "year": 2022,
            "quarter": 3,
            "eps": -0.62,
            "eps_growth_year": -293.75,
            "eps_4q": 0.64,
            "eps_4q_growth_year": -78.81,
            "roe": -2.28,
            "roe_4q": 4.26,
            "gross_profit": 87999,
            "gross_margin": 17.71,
            "gross_margin_4q_avg": 25.7,
            "net_income": -64462,
            "net_income_4q": null,
            "revenue": 496883,
            "revenue_4q": null,
            "common_shares": 900000,
            "book_valuer_per_share": 19.14,
            "book_valuer_per_share_4q_avg": 20.04,
            "equity": 2878272,
            "current_ratio": 135.36,
            "debt_ratio": 69.58,
            "inventory_turnover_ratio": 0.57,
            "account_receivable_turnover_ratio": 1.62,
            "reinvestment_rate": -47.61,
            "research_to_sale_ratio": 1.3,
            "price_fair": 59.34,
            "eps_avg_yearly": 1.7,
            "eps_latest_yearly": 0.36,
            "eps_growth_yearly": 189.88
        },
        "20224": {
            "year_quarter": 20224,
            "year": 2022,
            "quarter": 4,
            "eps": -0.16,
            "eps_growth_year": -129.24,
            "eps_4q": 0.01,
            "eps_4q_growth_year": -99.51,
            "roe": 0.09,
            "roe_4q": 1.53,
            "gross_profit": 102236,
            "gross_margin": 20.51,
            "gross_margin_4q_avg": 23.41,
            "net_income": 2553,
            "net_income_4q": null,
            "revenue": 498380,
            "revenue_4q": null,
            "common_shares": 900000,
            "book_valuer_per_share": 18.25,
            "book_valuer_per_share_4q_avg": 19.78,
            "equity": 2777974,
            "current_ratio": 139.35,
            "debt_ratio": 66.05,
            "inventory_turnover_ratio": 0.63,
            "account_receivable_turnover_ratio": 2.23,
            "reinvestment_rate": -59.33,
            "research_to_sale_ratio": 1.47,
            "price_fair": 62.65,
            "eps_avg_yearly": 1.79,
            "eps_latest_yearly": 0.36,
            "eps_growth_yearly": 221.09
        },
        "20231": {
            "year_quarter": 20231,
            "year": 2023,
            "quarter": 1,
            "eps": -0.18,
            "eps_growth_year": -122.78,
            "eps_4q": -0.87,
            "eps_4q_growth_year": -131.57,
            "roe": -0.08,
            "roe_4q": -1.97,
            "gross_profit": 99697,
            "gross_margin": 20.61,
            "gross_margin_4q_avg": 20.69,
            "net_income": -2137,
            "net_income_4q": null,
            "revenue": 483647,
            "revenue_4q": null,
            "common_shares": 900000,
            "book_valuer_per_share": 18.1,
            "book_valuer_per_share_4q_avg": 19.08,
            "equity": 2795126,
            "current_ratio": 143.06,
            "debt_ratio": 65.69,
            "inventory_turnover_ratio": 0.75,
            "account_receivable_turnover_ratio": 2.01,
            "reinvestment_rate": -82.16,
            "research_to_sale_ratio": 1.66,
            "price_fair": 66.82,
            "eps_avg_yearly": 1.91,
            "eps_latest_yearly": 0.36,
            "eps_growth_yearly": 246.38
        },
        "20232": {
            "year_quarter": 20232,
            "year": 2023,
            "quarter": 2,
            "eps": -0.25,
            "eps_growth_year": -377.78,
            "eps_4q": -1.21,
            "eps_4q_growth_year": -177.89,
            "roe": -0.4,
            "roe_4q": -2.67,
            "gross_profit": 128822,
            "gross_margin": 24.53,
            "gross_margin_4q_avg": 20.84,
            "net_income": -10990,
            "net_income_4q": null,
            "revenue": 525254,
            "revenue_4q": null,
            "common_shares": 900000,
            "book_valuer_per_share": 17.42,
            "book_valuer_per_share_4q_avg": 18.23,
            "equity": 2723210,
            "current_ratio": 137.2,
            "debt_ratio": 68.65,
            "inventory_turnover_ratio": 0.93,
            "account_receivable_turnover_ratio": 1.96,
            "reinvestment_rate": -145.74,
            "research_to_sale_ratio": 1.44,
            "price_fair": 70.7,
            "eps_avg_yearly": 2.02,
            "eps_latest_yearly": 0.36,
            "eps_growth_yearly": 244.35
        },
        "20233": {
            "year_quarter": 20233,
            "year": 2023,
            "quarter": 3,
            "eps": -0.22,
            "eps_growth_year": null,
            "eps_4q": -0.8,
            "eps_4q_growth_year": -224.69,
            "roe": -1.18,
            "roe_4q": -1.57,
            "gross_profit": 165690,
            "gross_margin": 27.23,
            "gross_margin_4q_avg": 23.22,
            "net_income": -32274,
            "net_income_4q": null,
            "revenue": 608479,
            "revenue_4q": null,
            "common_shares": 900000,
            "book_valuer_per_share": 17.78,
            "book_valuer_per_share_4q_avg": 17.89,
            "equity": 2756864,
            "current_ratio": 134,
            "debt_ratio": 69.76,
            "inventory_turnover_ratio": 1.18,
            "account_receivable_turnover_ratio": 2.16,
            "reinvestment_rate": -115.3,
            "research_to_sale_ratio": 1.67,
            "price_fair": 76.53,
            "eps_avg_yearly": 2.19,
            "eps_latest_yearly": 0.36,
            "eps_growth_yearly": 287.06
        }
    },
    "months": {
        "2001-06": {
            "month": "2001-06",
            "price": "30.79",
            "revenue": 82883
        },
        "2001-07": {
            "month": "2001-07",
            "price": "28.23",
            "revenue": 72681
        },
        "2001-08": {
            "month": "2001-08",
            "price": "26.89",
            "revenue": 82981
        },
        "2001-09": {
            "month": "2001-09",
            "price": "22.66",
            "revenue": 70065
        },
        "2001-10": {
            "month": "2001-10",
            "price": "22.15",
            "revenue": 61044
        },
        "2001-11": {
            "month": "2001-11",
            "price": "25.43",
            "revenue": 55477
        },
        "2001-12": {
            "month": "2001-12",
            "price": "29.53",
            "revenue": 63696
        },
        "2002-01": {
            "month": "2002-01",
            "price": "31.13",
            "revenue": 62899
        },
        "2002-02": {
            "month": "2002-02",
            "price": "30.54",
            "revenue": 68124
        },
        "2002-03": {
            "month": "2002-03",
            "price": "32.07",
            "revenue": 90328
        },
        "2002-04": {
            "month": "2002-04",
            "price": "34.87",
            "revenue": 85054
        },
        "2002-05": {
            "month": "2002-05",
            "price": "30.47",
            "revenue": 90549
        },
        "2002-06": {
            "month": "2002-06",
            "price": "30.94",
            "revenue": 68631
        },
        "2002-07": {
            "month": "2002-07",
            "price": "29.46",
            "revenue": 75735
        },
        "2002-08": {
            "month": "2002-08",
            "price": "33.45",
            "revenue": 81495
        },
        "2002-09": {
            "month": "2002-09",
            "price": "36.75",
            "revenue": 67647
        },
        "2002-10": {
            "month": "2002-10",
            "price": "30.71",
            "revenue": 58687
        },
        "2002-11": {
            "month": "2002-11",
            "price": "33.12",
            "revenue": 72048
        },
        "2002-12": {
            "month": "2002-12",
            "price": "25.92",
            "revenue": 82173
        },
        "2003-01": {
            "month": "2003-01",
            "price": "21.92",
            "revenue": 99604
        },
        "2003-02": {
            "month": "2003-02",
            "price": "22.27",
            "revenue": 62123
        },
        "2003-03": {
            "month": "2003-03",
            "price": "22.07",
            "revenue": 79271
        },
        "2003-04": {
            "month": "2003-04",
            "price": "22.69",
            "revenue": 80453
        },
        "2003-05": {
            "month": "2003-05",
            "price": "21.43",
            "revenue": 73369
        },
        "2003-06": {
            "month": "2003-06",
            "price": "23.63",
            "revenue": 77545
        },
        "2003-07": {
            "month": "2003-07",
            "price": "25.02",
            "revenue": 211146
        },
        "2003-08": {
            "month": "2003-08",
            "price": "24.41",
            "revenue": 74133
        },
        "2003-09": {
            "month": "2003-09",
            "price": "22.23",
            "revenue": 63971
        },
        "2003-10": {
            "month": "2003-10",
            "price": "20.67",
            "revenue": 81373
        },
        "2003-11": {
            "month": "2003-11",
            "price": "20.44",
            "revenue": 61333
        },
        "2003-12": {
            "month": "2003-12",
            "price": "20.99",
            "revenue": 74067
        },
        "2004-01": {
            "month": "2004-01",
            "price": "21.03",
            "revenue": 68839
        },
        "2004-02": {
            "month": "2004-02",
            "price": "22.73",
            "revenue": 65435
        },
        "2004-03": {
            "month": "2004-03",
            "price": "21.67",
            "revenue": 88277
        },
        "2004-04": {
            "month": "2004-04",
            "price": "21.56",
            "revenue": 92448
        },
        "2004-05": {
            "month": "2004-05",
            "price": "19.56",
            "revenue": 63958
        },
        "2004-06": {
            "month": "2004-06",
            "price": "18.84",
            "revenue": 78681
        },
        "2004-07": {
            "month": "2004-07",
            "price": "15.79",
            "revenue": 96785
        },
        "2004-08": {
            "month": "2004-08",
            "price": "15.62",
            "revenue": 225921
        },
        "2004-09": {
            "month": "2004-09",
            "price": "13.81",
            "revenue": 94612
        },
        "2004-10": {
            "month": "2004-10",
            "price": "12.56",
            "revenue": 73672
        },
        "2004-11": {
            "month": "2004-11",
            "price": "10.92",
            "revenue": 94128
        },
        "2004-12": {
            "month": "2004-12",
            "price": "10.23",
            "revenue": 90963
        },
        "2005-01": {
            "month": "2005-01",
            "price": "10.25",
            "revenue": 73232
        },
        "2005-02": {
            "month": "2005-02",
            "price": "10.92",
            "revenue": 55618
        },
        "2005-03": {
            "month": "2005-03",
            "price": "11.25",
            "revenue": 91627
        },
        "2005-04": {
            "month": "2005-04",
            "price": "10.05",
            "revenue": 64035
        },
        "2005-05": {
            "month": "2005-05",
            "price": "9.57",
            "revenue": 70617
        },
        "2005-06": {
            "month": "2005-06",
            "price": "9.86",
            "revenue": 82009
        },
        "2005-07": {
            "month": "2005-07",
            "price": "11.22",
            "revenue": 73967
        },
        "2005-08": {
            "month": "2005-08",
            "price": "9.89",
            "revenue": 76436
        },
        "2005-09": {
            "month": "2005-09",
            "price": "8.46",
            "revenue": 82317
        },
        "2005-10": {
            "month": "2005-10",
            "price": "7.62",
            "revenue": 80067
        },
        "2005-11": {
            "month": "2005-11",
            "price": "7.75",
            "revenue": 71809
        },
        "2005-12": {
            "month": "2005-12",
            "price": "8.95",
            "revenue": 310455
        },
        "2006-01": {
            "month": "2006-01",
            "price": "9.93",
            "revenue": 93912
        },
        "2006-02": {
            "month": "2006-02",
            "price": "9.50",
            "revenue": 70367
        },
        "2006-03": {
            "month": "2006-03",
            "price": "10.16",
            "revenue": 116364
        },
        "2006-04": {
            "month": "2006-04",
            "price": "10.10",
            "revenue": 86642
        },
        "2006-05": {
            "month": "2006-05",
            "price": "11.60",
            "revenue": 101610
        },
        "2006-06": {
            "month": "2006-06",
            "price": "13.43",
            "revenue": 123966
        },
        "2006-07": {
            "month": "2006-07",
            "price": "13.08",
            "revenue": 121733
        },
        "2006-08": {
            "month": "2006-08",
            "price": "12.95",
            "revenue": 144920
        },
        "2006-09": {
            "month": "2006-09",
            "price": "12.68",
            "revenue": 131821
        },
        "2006-10": {
            "month": "2006-10",
            "price": "12.29",
            "revenue": 105215
        },
        "2006-11": {
            "month": "2006-11",
            "price": "14.15",
            "revenue": 89930
        },
        "2006-12": {
            "month": "2006-12",
            "price": "18.81",
            "revenue": 115418
        },
        "2007-01": {
            "month": "2007-01",
            "price": "21.32",
            "revenue": 119187
        },
        "2007-02": {
            "month": "2007-02",
            "price": "21.86",
            "revenue": 95673
        },
        "2007-03": {
            "month": "2007-03",
            "price": "21.52",
            "revenue": 126529
        },
        "2007-04": {
            "month": "2007-04",
            "price": "20.52",
            "revenue": 118661
        },
        "2007-05": {
            "month": "2007-05",
            "price": "19.36",
            "revenue": 127996
        },
        "2007-06": {
            "month": "2007-06",
            "price": "22.31",
            "revenue": 121124
        },
        "2007-07": {
            "month": "2007-07",
            "price": "24.10",
            "revenue": 124294
        },
        "2007-08": {
            "month": "2007-08",
            "price": "25.14",
            "revenue": 142681
        },
        "2007-09": {
            "month": "2007-09",
            "price": "23.34",
            "revenue": 130138
        },
        "2007-10": {
            "month": "2007-10",
            "price": "22.85",
            "revenue": 130827
        },
        "2007-11": {
            "month": "2007-11",
            "price": "19.75",
            "revenue": 123001
        },
        "2007-12": {
            "month": "2007-12",
            "price": "17.32",
            "revenue": 104170
        },
        "2008-01": {
            "month": "2008-01",
            "price": "16.99",
            "revenue": 131776
        },
        "2008-02": {
            "month": "2008-02",
            "price": "17.87",
            "revenue": 102299
        },
        "2008-03": {
            "month": "2008-03",
            "price": "20.05",
            "revenue": 122682
        },
        "2008-04": {
            "month": "2008-04",
            "price": "20.31",
            "revenue": 121685
        },
        "2008-05": {
            "month": "2008-05",
            "price": "18.78",
            "revenue": 138854
        },
        "2008-06": {
            "month": "2008-06",
            "price": "15.99",
            "revenue": 117342
        },
        "2008-07": {
            "month": "2008-07",
            "price": "11.61",
            "revenue": 122696
        },
        "2008-08": {
            "month": "2008-08",
            "price": "10.40",
            "revenue": 125727
        },
        "2008-09": {
            "month": "2008-09",
            "price": "9.71",
            "revenue": 136904
        },
        "2008-10": {
            "month": "2008-10",
            "price": "8.52",
            "revenue": 133420
        },
        "2008-11": {
            "month": "2008-11",
            "price": "9.13",
            "revenue": 94757
        },
        "2008-12": {
            "month": "2008-12",
            "price": "8.63",
            "revenue": 78391
        },
        "2009-01": {
            "month": "2009-01",
            "price": "7.60",
            "revenue": 42260
        },
        "2009-02": {
            "month": "2009-02",
            "price": "6.96",
            "revenue": 54165
        },
        "2009-03": {
            "month": "2009-03",
            "price": "8.31",
            "revenue": 71550
        },
        "2009-04": {
            "month": "2009-04",
            "price": "10.82",
            "revenue": 82776
        },
        "2009-05": {
            "month": "2009-05",
            "price": "10.81",
            "revenue": 75585
        },
        "2009-06": {
            "month": "2009-06",
            "price": "9.78",
            "revenue": 88722
        },
        "2009-07": {
            "month": "2009-07",
            "price": "10.27",
            "revenue": 108305
        },
        "2009-08": {
            "month": "2009-08",
            "price": "9.80",
            "revenue": 113134
        },
        "2009-09": {
            "month": "2009-09",
            "price": "10.07",
            "revenue": 128065
        },
        "2009-10": {
            "month": "2009-10",
            "price": "10.70",
            "revenue": 133834
        },
        "2009-11": {
            "month": "2009-11",
            "price": "12.36",
            "revenue": 116930
        },
        "2009-12": {
            "month": "2009-12",
            "price": "14.09",
            "revenue": 131671
        },
        "2010-01": {
            "month": "2010-01",
            "price": "13.42",
            "revenue": 103956
        },
        "2010-02": {
            "month": "2010-02",
            "price": "11.40",
            "revenue": 75119
        },
        "2010-03": {
            "month": "2010-03",
            "price": "12.24",
            "revenue": 127036
        },
        "2010-04": {
            "month": "2010-04",
            "price": "13.41",
            "revenue": 132210
        },
        "2010-05": {
            "month": "2010-05",
            "price": "14.47",
            "revenue": 126026
        },
        "2010-06": {
            "month": "2010-06",
            "price": "17.68",
            "revenue": 131395
        },
        "2010-07": {
            "month": "2010-07",
            "price": "17.23",
            "revenue": 143486
        },
        "2010-08": {
            "month": "2010-08",
            "price": "19.21",
            "revenue": 150014
        },
        "2010-09": {
            "month": "2010-09",
            "price": "18.52",
            "revenue": 143126
        },
        "2010-10": {
            "month": "2010-10",
            "price": "17.11",
            "revenue": 127180
        },
        "2010-11": {
            "month": "2010-11",
            "price": "14.62",
            "revenue": 127383
        },
        "2010-12": {
            "month": "2010-12",
            "price": "15.49",
            "revenue": 157939
        },
        "2011-01": {
            "month": "2011-01",
            "price": "14.95",
            "revenue": 127455
        },
        "2011-02": {
            "month": "2011-02",
            "price": "14.28",
            "revenue": 100386
        },
        "2011-03": {
            "month": "2011-03",
            "price": "13.23",
            "revenue": 155857
        },
        "2011-04": {
            "month": "2011-04",
            "price": "13.23",
            "revenue": 135925
        },
        "2011-05": {
            "month": "2011-05",
            "price": "12.97",
            "revenue": 119793
        },
        "2011-06": {
            "month": "2011-06",
            "price": "12.31",
            "revenue": 122539
        },
        "2011-07": {
            "month": "2011-07",
            "price": "11.87",
            "revenue": 139417
        },
        "2011-08": {
            "month": "2011-08",
            "price": "11.02",
            "revenue": 174654
        },
        "2011-09": {
            "month": "2011-09",
            "price": "12.42",
            "revenue": 169608
        },
        "2011-10": {
            "month": "2011-10",
            "price": "12.03",
            "revenue": 155077
        },
        "2011-11": {
            "month": "2011-11",
            "price": "11.30",
            "revenue": 153246
        },
        "2011-12": {
            "month": "2011-12",
            "price": "9.78",
            "revenue": 179566
        },
        "2012-01": {
            "month": "2012-01",
            "price": "9.54",
            "revenue": 106347
        },
        "2012-02": {
            "month": "2012-02",
            "price": "12.36",
            "revenue": 133856
        },
        "2012-03": {
            "month": "2012-03",
            "price": "14.21",
            "revenue": 166175
        },
        "2012-04": {
            "month": "2012-04",
            "price": "12.14",
            "revenue": 158566
        },
        "2012-05": {
            "month": "2012-05",
            "price": "11.17",
            "revenue": 165480
        },
        "2012-06": {
            "month": "2012-06",
            "price": "12.03",
            "revenue": 141978
        },
        "2012-07": {
            "month": "2012-07",
            "price": "13.36",
            "revenue": 150775
        },
        "2012-08": {
            "month": "2012-08",
            "price": "13.47",
            "revenue": 165163
        },
        "2012-09": {
            "month": "2012-09",
            "price": "13.29",
            "revenue": 140042
        },
        "2012-10": {
            "month": "2012-10",
            "price": "12.39",
            "revenue": 145645
        },
        "2012-11": {
            "month": "2012-11",
            "price": "11.44",
            "revenue": 128230
        },
        "2012-12": {
            "month": "2012-12",
            "price": "11.72",
            "revenue": 134851
        },
        "2013-01": {
            "month": "2013-01",
            "price": "12.47",
            "revenue": 161837
        },
        "2013-02": {
            "month": "2013-02",
            "price": "12.88",
            "revenue": 97030
        },
        "2013-03": {
            "month": "2013-03",
            "price": "13.23",
            "revenue": 144351
        },
        "2013-04": {
            "month": "2013-04",
            "price": "14.64",
            "revenue": 163654
        },
        "2013-05": {
            "month": "2013-05",
            "price": "14.51",
            "revenue": 165842
        },
        "2013-06": {
            "month": "2013-06",
            "price": "14.07",
            "revenue": 139811
        },
        "2013-07": {
            "month": "2013-07",
            "price": "13.87",
            "revenue": 159343
        },
        "2013-08": {
            "month": "2013-08",
            "price": "14.05",
            "revenue": 169230
        },
        "2013-09": {
            "month": "2013-09",
            "price": "12.60",
            "revenue": 164618
        },
        "2013-10": {
            "month": "2013-10",
            "price": "13.42",
            "revenue": 166277
        },
        "2013-11": {
            "month": "2013-11",
            "price": "13.69",
            "revenue": 149323
        },
        "2013-12": {
            "month": "2013-12",
            "price": "13.54",
            "revenue": 172173
        },
        "2014-01": {
            "month": "2014-01",
            "price": "15.60",
            "revenue": 178657
        },
        "2014-02": {
            "month": "2014-02",
            "price": "16.38",
            "revenue": 124943
        },
        "2014-03": {
            "month": "2014-03",
            "price": "17.51",
            "revenue": 208363
        },
        "2014-04": {
            "month": "2014-04",
            "price": "20.27",
            "revenue": 177141
        },
        "2014-05": {
            "month": "2014-05",
            "price": "18.75",
            "revenue": 183226
        },
        "2014-06": {
            "month": "2014-06",
            "price": "19.48",
            "revenue": 186030
        },
        "2014-07": {
            "month": "2014-07",
            "price": "20.18",
            "revenue": 188928
        },
        "2014-08": {
            "month": "2014-08",
            "price": "18.65",
            "revenue": 186775
        },
        "2014-09": {
            "month": "2014-09",
            "price": "18.58",
            "revenue": 179373
        },
        "2014-10": {
            "month": "2014-10",
            "price": "17.18",
            "revenue": 184135
        },
        "2014-11": {
            "month": "2014-11",
            "price": "17.94",
            "revenue": 159090
        },
        "2014-12": {
            "month": "2014-12",
            "price": "18.84",
            "revenue": 188188
        },
        "2015-01": {
            "month": "2015-01",
            "price": "23.34",
            "revenue": 175804
        },
        "2015-02": {
            "month": "2015-02",
            "price": "22.17",
            "revenue": 134223
        },
        "2015-03": {
            "month": "2015-03",
            "price": "21.77",
            "revenue": 169462
        },
        "2015-04": {
            "month": "2015-04",
            "price": "20.48",
            "revenue": 164445
        },
        "2015-05": {
            "month": "2015-05",
            "price": "17.66",
            "revenue": 177046
        },
        "2015-06": {
            "month": "2015-06",
            "price": "14.64",
            "revenue": 179218
        },
        "2015-07": {
            "month": "2015-07",
            "price": "12.91",
            "revenue": 206853
        },
        "2015-08": {
            "month": "2015-08",
            "price": "11.18",
            "revenue": 197037
        },
        "2015-09": {
            "month": "2015-09",
            "price": "12.96",
            "revenue": 180784
        },
        "2015-10": {
            "month": "2015-10",
            "price": "14.06",
            "revenue": 194072
        },
        "2015-11": {
            "month": "2015-11",
            "price": "13.17",
            "revenue": 178227
        },
        "2015-12": {
            "month": "2015-12",
            "price": "12.34",
            "revenue": 194457
        },
        "2016-01": {
            "month": "2016-01",
            "price": "11.96",
            "revenue": 190880
        },
        "2016-02": {
            "month": "2016-02",
            "price": "12.48",
            "revenue": 141251
        },
        "2016-03": {
            "month": "2016-03",
            "price": "13.71",
            "revenue": 187726
        },
        "2016-04": {
            "month": "2016-04",
            "price": "13.71",
            "revenue": 196456
        },
        "2016-05": {
            "month": "2016-05",
            "price": "13.25",
            "revenue": 207863
        },
        "2016-06": {
            "month": "2016-06",
            "price": "13.87",
            "revenue": 196083
        },
        "2016-07": {
            "month": "2016-07",
            "price": "14.24",
            "revenue": 215250
        },
        "2016-08": {
            "month": "2016-08",
            "price": "17.41",
            "revenue": 225424
        },
        "2016-09": {
            "month": "2016-09",
            "price": "20.56",
            "revenue": 204514
        },
        "2016-10": {
            "month": "2016-10",
            "price": "21.34",
            "revenue": 200766
        },
        "2016-11": {
            "month": "2016-11",
            "price": "23.96",
            "revenue": 169004
        },
        "2016-12": {
            "month": "2016-12",
            "price": "23.71",
            "revenue": 211672
        },
        "2017-01": {
            "month": "2017-01",
            "price": "27.04",
            "revenue": 183007
        },
        "2017-02": {
            "month": "2017-02",
            "price": "32.56",
            "revenue": 150412
        },
        "2017-03": {
            "month": "2017-03",
            "price": "35.00",
            "revenue": 200637
        },
        "2017-04": {
            "month": "2017-04",
            "price": "33.36",
            "revenue": 181872
        },
        "2017-05": {
            "month": "2017-05",
            "price": "30.01",
            "revenue": 183788
        },
        "2017-06": {
            "month": "2017-06",
            "price": "28.70",
            "revenue": 181099
        },
        "2017-07": {
            "month": "2017-07",
            "price": "25.42",
            "revenue": 193060
        },
        "2017-08": {
            "month": "2017-08",
            "price": "26.38",
            "revenue": 206421
        },
        "2017-09": {
            "month": "2017-09",
            "price": "31.03",
            "revenue": 194841
        },
        "2017-10": {
            "month": "2017-10",
            "price": "31.88",
            "revenue": 184802
        },
        "2017-11": {
            "month": "2017-11",
            "price": "27.09",
            "revenue": 196332
        },
        "2017-12": {
            "month": "2017-12",
            "price": "26.41",
            "revenue": 206660
        },
        "2018-01": {
            "month": "2018-01",
            "price": "26.16",
            "revenue": 197409
        },
        "2018-02": {
            "month": "2018-02",
            "price": "23.21",
            "revenue": 137744
        },
        "2018-03": {
            "month": "2018-03",
            "price": "22.77",
            "revenue": 181964
        },
        "2018-04": {
            "month": "2018-04",
            "price": "20.77",
            "revenue": 191763
        },
        "2018-05": {
            "month": "2018-05",
            "price": "23.22",
            "revenue": 170613
        },
        "2018-06": {
            "month": "2018-06",
            "price": "24.06",
            "revenue": 187014
        },
        "2018-07": {
            "month": "2018-07",
            "price": "28.73",
            "revenue": 212146
        },
        "2018-08": {
            "month": "2018-08",
            "price": "29.59",
            "revenue": 187688
        },
        "2018-09": {
            "month": "2018-09",
            "price": "25.95",
            "revenue": 189851
        },
        "2018-10": {
            "month": "2018-10",
            "price": "21.15",
            "revenue": 182681
        },
        "2018-11": {
            "month": "2018-11",
            "price": "20.97",
            "revenue": 169705
        },
        "2018-12": {
            "month": "2018-12",
            "price": "24.05",
            "revenue": 173862
        },
        "2019-01": {
            "month": "2019-01",
            "price": "23.18",
            "revenue": 213306
        },
        "2019-02": {
            "month": "2019-02",
            "price": "24.41",
            "revenue": 127834
        },
        "2019-03": {
            "month": "2019-03",
            "price": "23.52",
            "revenue": 183131
        },
        "2019-04": {
            "month": "2019-04",
            "price": "23.84",
            "revenue": 193659
        },
        "2019-05": {
            "month": "2019-05",
            "price": "22.43",
            "revenue": 193982
        },
        "2019-06": {
            "month": "2019-06",
            "price": "22.93",
            "revenue": 192185
        },
        "2019-07": {
            "month": "2019-07",
            "price": "22.23",
            "revenue": 190450
        },
        "2019-08": {
            "month": "2019-08",
            "price": "20.70",
            "revenue": 200650
        },
        "2019-09": {
            "month": "2019-09",
            "price": "20.63",
            "revenue": 175057
        },
        "2019-10": {
            "month": "2019-10",
            "price": "20.06",
            "revenue": 164787
        },
        "2019-11": {
            "month": "2019-11",
            "price": "19.43",
            "revenue": 159381
        },
        "2019-12": {
            "month": "2019-12",
            "price": "18.92",
            "revenue": 195086
        },
        "2020-01": {
            "month": "2020-01",
            "price": "19.18",
            "revenue": 180862
        },
        "2020-02": {
            "month": "2020-02",
            "price": "17.47",
            "revenue": 139811
        },
        "2020-03": {
            "month": "2020-03",
            "price": "13.54",
            "revenue": 199433
        },
        "2020-04": {
            "month": "2020-04",
            "price": "13.92",
            "revenue": 158948
        },
        "2020-05": {
            "month": "2020-05",
            "price": "15.48",
            "revenue": 74685
        },
        "2020-06": {
            "month": "2020-06",
            "price": "16.75",
            "revenue": 93696
        },
        "2020-07": {
            "month": "2020-07",
            "price": "16.50",
            "revenue": 144894
        },
        "2020-08": {
            "month": "2020-08",
            "price": "15.60",
            "revenue": 165523
        },
        "2020-09": {
            "month": "2020-09",
            "price": "15.55",
            "revenue": 180183
        },
        "2020-10": {
            "month": "2020-10",
            "price": "15.14",
            "revenue": 197020
        },
        "2020-11": {
            "month": "2020-11",
            "price": "16.10",
            "revenue": 210949
        },
        "2020-12": {
            "month": "2020-12",
            "price": "20.81",
            "revenue": 218433
        },
        "2021-01": {
            "month": "2021-01",
            "price": "32.53",
            "revenue": 237668
        },
        "2021-02": {
            "month": "2021-02",
            "price": "38.55",
            "revenue": 162517
        },
        "2021-03": {
            "month": "2021-03",
            "price": "41.70",
            "revenue": 227538
        },
        "2021-04": {
            "month": "2021-04",
            "price": "41.94",
            "revenue": 249181
        },
        "2021-05": {
            "month": "2021-05",
            "price": "35.43",
            "revenue": 241440
        },
        "2021-06": {
            "month": "2021-06",
            "price": "41.02",
            "revenue": 252764
        },
        "2021-07": {
            "month": "2021-07",
            "price": "51.56",
            "revenue": 222864
        },
        "2021-08": {
            "month": "2021-08",
            "price": "44.91",
            "revenue": 80630
        },
        "2021-09": {
            "month": "2021-09",
            "price": "39.07",
            "revenue": 110357
        },
        "2021-10": {
            "month": "2021-10",
            "price": "38.90",
            "revenue": 148362
        },
        "2021-11": {
            "month": "2021-11",
            "price": "46.53",
            "revenue": 248400
        },
        "2021-12": {
            "month": "2021-12",
            "price": "44.63",
            "revenue": 265569
        },
        "2022-01": {
            "month": "2022-01",
            "price": "40.74",
            "revenue": 261841
        },
        "2022-02": {
            "month": "2022-02",
            "price": "39.57",
            "revenue": 201503
        },
        "2022-03": {
            "month": "2022-03",
            "price": "40.80",
            "revenue": 278105
        },
        "2022-04": {
            "month": "2022-04",
            "price": "40.26",
            "revenue": 226213
        },
        "2022-05": {
            "month": "2022-05",
            "price": "37.21",
            "revenue": 219057
        },
        "2022-06": {
            "month": "2022-06",
            "price": "35.22",
            "revenue": 163752
        },
        "2022-07": {
            "month": "2022-07",
            "price": "28.29",
            "revenue": 179800
        },
        "2022-08": {
            "month": "2022-08",
            "price": "29.85",
            "revenue": 170344
        },
        "2022-09": {
            "month": "2022-09",
            "price": "26.62",
            "revenue": 146739
        },
        "2022-10": {
            "month": "2022-10",
            "price": "21.94",
            "revenue": 160557
        },
        "2022-11": {
            "month": "2022-11",
            "price": "22.70",
            "revenue": 140216
        },
        "2022-12": {
            "month": "2022-12",
            "price": "22.10",
            "revenue": 185447
        },
        "2023-01": {
            "month": "2023-01",
            "price": "21.30",
            "revenue": 168763
        },
        "2023-02": {
            "month": "2023-02",
            "price": "24.56",
            "revenue": 143054
        },
        "2023-03": {
            "month": "2023-03",
            "price": "25.02",
            "revenue": 171830
        },
        "2023-04": {
            "month": "2023-04",
            "price": "24.45",
            "revenue": 164755
        },
        "2023-05": {
            "month": "2023-05",
            "price": "23.76",
            "revenue": 171051
        },
        "2023-06": {
            "month": "2023-06",
            "price": "24.01",
            "revenue": 189449
        },
        "2023-07": {
            "month": "2023-07",
            "price": "27.42",
            "revenue": 209693
        },
        "2023-08": {
            "month": "2023-08",
            "price": "31.05",
            "revenue": 199084
        },
        "2023-09": {
            "month": "2023-09",
            "price": "30.56",
            "revenue": 199702
        },
        "2023-10": {
            "month": "2023-10",
            "price": "28.20",
            "revenue": 220132
        },
        "2023-11": {
            "month": "2023-11",
            "price": "29.22",
            "revenue": 214233
        },
        "2023-12": {
            "month": "2023-12",
            "price": "29.58",
            "revenue": 212062
        }
    }
}
