{
    "summary": {
        "stock_name": "圓剛",
        "stock_id": "2417",
        "category": "電腦及週邊設備",
        "main_business": "電腦系統設備及多媒體相關產品之研發與銷售",
        "website_url": "http://www.avermedia.com",
        "ceo": "郭重松",
        "pe_ratio": -85,
        "report_year_from": 2001,
        "report_year_to": 2023,
        "age": 22,
        "eps_negative_percentage": 26,
        "eps_growth_avg": {
            "last_all": -0.62,
            "last_2y": 31.18,
            "last_4y": 10.88,
            "last_8y": 10.88,
            "last_12y": -21.55,
            "last_16y": -12.37,
            "last_20y": -0.62,
            "at_2006_last_3y": 13.53,
            "at_2007_last_3y": 13.79,
            "at_2008_last_3y": 1.34,
            "at_2009_last_3y": 5.98,
            "at_2010_last_3y": 14.01,
            "at_2011_last_3y": -9.56,
            "at_2012_last_3y": -27.23,
            "at_2013_last_3y": -53.98,
            "at_2014_last_3y": -79.76,
            "at_2015_last_3y": -99.82,
            "at_2016_last_3y": -100,
            "at_2017_last_3y": null,
            "at_2018_last_3y": null,
            "at_2019_last_3y": -50,
            "at_2020_last_3y": 25,
            "at_2021_last_3y": -16.04,
            "at_2022_last_3y": 10.88,
            "at_2023_last_3y": 10.88,
            "at_2006_last_all": 25.95,
            "at_2007_last_all": 30.73,
            "at_2008_last_all": 22.21,
            "at_2009_last_all": 20.3,
            "at_2010_last_all": 20.64,
            "at_2011_last_all": 14.62,
            "at_2012_last_all": 4.23,
            "at_2013_last_all": -4.46,
            "at_2014_last_all": -4.46,
            "at_2015_last_all": -4.46,
            "at_2016_last_all": -4.46,
            "at_2017_last_all": -4.46,
            "at_2018_last_all": -4.46,
            "at_2019_last_all": -7.96,
            "at_2020_last_all": -0.25,
            "at_2021_last_all": -6.77,
            "at_2022_last_all": -0.62,
            "at_2023_last_all": -0.62
        },
        "latest_eps": -0.26,
        "latest_price": 22.2,
        "latest_roe": 1.86,
        "latest_gross_margin": 52.2,
        "latest_equity": 4156297,
        "latest_revenue": 703755,
        "latest_gross_profit": 367373,
        "latest_net_income": -60214,
        "latest_debt_ratio": 31.82,
        "latest_current_ratio": 218.46,
        "latest_account_receivable_turnover_ratio": 1.77,
        "latest_inventory_turnover_ratio": 0.35,
        "latest_reinvestment_rate": 7.43,
        "latest_research_to_sale_ratio": 21.29
    },
    "eps_dividends": {
        "1994": {
            "cash": 0.3,
            "stock": 6,
            "eps": 0
        },
        "1995": {
            "cash": 0.3,
            "stock": 9.7,
            "eps": 0
        },
        "1996": {
            "cash": 0.3,
            "stock": 3.7,
            "eps": 0
        },
        "1997": {
            "cash": 0.3,
            "stock": 4,
            "eps": 0
        },
        "1998": {
            "cash": 0,
            "stock": 4,
            "eps": 0
        },
        "1999": {
            "cash": 0,
            "stock": 2.1,
            "eps": 0
        },
        "2000": {
            "cash": 0,
            "stock": 2,
            "eps": 0
        },
        "2001": {
            "cash": 0,
            "stock": 1.5,
            "eps": 1.19
        },
        "2002": {
            "cash": 0.51,
            "stock": 0.51,
            "eps": 2.09
        },
        "2003": {
            "cash": 0.79,
            "stock": 0.99,
            "eps": 3.21
        },
        "2004": {
            "cash": 1.52,
            "stock": 1.02,
            "eps": 3.88
        },
        "2005": {
            "cash": 1.57,
            "stock": 1.26,
            "eps": 3.43
        },
        "2006": {
            "cash": 1.37,
            "stock": 1,
            "eps": 3.13
        },
        "2007": {
            "cash": 2,
            "stock": 0.37,
            "eps": 4.84
        },
        "2008": {
            "cash": 2.2,
            "stock": 0.8,
            "eps": 3.44
        },
        "2009": {
            "cash": 2.4,
            "stock": 0.1,
            "eps": 3.68
        },
        "2010": {
            "cash": 2.7,
            "stock": 0,
            "eps": 4.54
        },
        "2011": {
            "cash": 5,
            "stock": 0,
            "eps": 2.74
        },
        "2012": {
            "cash": 0,
            "stock": 0,
            "eps": 0.01
        },
        "2013": {
            "cash": 0.4,
            "stock": 0,
            "eps": -0.84
        },
        "2014": {
            "cash": 0.1,
            "stock": 0,
            "eps": -0.75
        },
        "2015": {
            "cash": 0.1,
            "stock": 0,
            "eps": -1.39
        },
        "2016": {
            "cash": 0.1,
            "stock": 0,
            "eps": -0.49
        },
        "2017": {
            "cash": 0.1,
            "stock": 0,
            "eps": -0.29
        },
        "2018": {
            "cash": 0.1,
            "stock": 0,
            "eps": 0.02
        },
        "2019": {
            "cash": 0.1,
            "stock": 0,
            "eps": 0.01
        },
        "2020": {
            "cash": 0.1,
            "stock": 0,
            "eps": 6.42
        },
        "2021": {
            "cash": 2,
            "stock": 0,
            "eps": 0.12
        },
        "2022": {
            "cash": 0.15,
            "stock": 0,
            "eps": 0.23
        },
        "2023": {
            "cash": 0.2,
            "stock": 0,
            "eps": -0.37
        }
    },
    "dividends": {
        "1994-05-15": {
            "cash": 0.3,
            "stock": 6
        },
        "1995-06-13": {
            "cash": 0.3,
            "stock": 9.7
        },
        "1996-05-03": {
            "cash": 0.3,
            "stock": 3.7
        },
        "1997-04-25": {
            "cash": 0.3,
            "stock": 4
        },
        "1998-05-15": {
            "cash": 0,
            "stock": 4
        },
        "1999-05-12": {
            "cash": 0,
            "stock": 2.1
        },
        "2000-05-24": {
            "cash": 0,
            "stock": 2
        },
        "2001-05-22": {
            "cash": 0,
            "stock": 1.5
        },
        "2002-05-21": {
            "cash": 0.51,
            "stock": 0.51
        },
        "2003-03-10": {
            "cash": 0.79,
            "stock": 0.99
        },
        "2004-05-18": {
            "cash": 1.52,
            "stock": 1.02
        },
        "2005-02-18": {
            "cash": 1.57,
            "stock": 1.26
        },
        "2006-03-17": {
            "cash": 1.37,
            "stock": 1
        },
        "2007-03-21": {
            "cash": 2,
            "stock": 0.37
        },
        "2008-02-22": {
            "cash": 2.2,
            "stock": 0.8
        },
        "2009-02-24": {
            "cash": 2.4,
            "stock": 0.1
        },
        "2010-03-24": {
            "cash": 2.7,
            "stock": 0
        },
        "2011-01-01": {
            "cash": 2,
            "stock": 0
        },
        "2011-02-25": {
            "cash": 3,
            "stock": 0
        },
        "2013-03-14": {
            "cash": 0.4,
            "stock": 0
        },
        "2014-06-19": {
            "cash": 0.1,
            "stock": 0
        },
        "2015-08-07": {
            "cash": 0.1,
            "stock": 0
        },
        "2016-08-12": {
            "cash": 0.1,
            "stock": 0
        },
        "2017-08-11": {
            "cash": 0.1,
            "stock": 0
        },
        "2018-08-10": {
            "cash": 0.1,
            "stock": 0
        },
        "2019-08-08": {
            "cash": 0.1,
            "stock": 0
        },
        "2020-08-07": {
            "cash": 0.1,
            "stock": 0
        },
        "2021-08-19": {
            "cash": 2,
            "stock": 0
        },
        "2022-08-05": {
            "cash": 0.15,
            "stock": 0
        },
        "2023-07-28": {
            "cash": 0.2,
            "stock": 0
        }
    },
    "prices": {
        "200101": "17.27",
        "200102": "21.65",
        "200103": "28.46",
        "200104": "35.20",
        "200105": "24.65",
        "200106": "25.34",
        "200107": "17.10",
        "200108": "15.98",
        "200109": "14.14",
        "200110": "14.72",
        "200111": "23.14",
        "200112": "32.80",
        "200201": "33.93",
        "200202": "29.89",
        "200203": "29.81",
        "200204": "29.90",
        "200205": "25.24",
        "200206": "25.99",
        "200207": "20.68",
        "200208": "20.75",
        "200209": "21.23",
        "200210": "22.18",
        "200211": "22.36",
        "200212": "21.88",
        "200301": "23.17",
        "200302": "23.61",
        "200303": "26.25",
        "200304": "25.63",
        "200305": "26.63",
        "200306": "34.69",
        "200307": "35.18",
        "200308": "32.65",
        "200309": "32.22",
        "200310": "32.14",
        "200311": "32.98",
        "200312": "33.70",
        "200401": "35.68",
        "200402": "40.56",
        "200403": "38.41",
        "200404": "38.01",
        "200405": "32.42",
        "200406": "33.44",
        "200407": "26.79",
        "200408": "25.09",
        "200409": "25.99",
        "200410": "27.33",
        "200411": "27.79",
        "200412": "28.74",
        "200501": "28.39",
        "200502": "30.81",
        "200503": "32.54",
        "200504": "30.75",
        "200505": "29.64",
        "200506": "31.53",
        "200507": "28.93",
        "200508": "27.22",
        "200509": "24.95",
        "200510": "25.93",
        "200511": "34.84",
        "200512": "42.43",
        "200601": "50.92",
        "200602": "46.51",
        "200603": "44.78",
        "200604": "48.12",
        "200605": "47.57",
        "200606": "39.82",
        "200607": "35.56",
        "200608": "34.88",
        "200609": "36.12",
        "200610": "35.85",
        "200611": "39.66",
        "200612": "37.90",
        "200701": "41.53",
        "200702": "41.19",
        "200703": "40.98",
        "200704": "47.44",
        "200705": "48.32",
        "200706": "52.54",
        "200707": "60.42",
        "200708": "60.91",
        "200709": "68.79",
        "200710": "79.45",
        "200711": "73.40",
        "200712": "64.22",
        "200801": "51.14",
        "200802": "45.50",
        "200803": "51.46",
        "200804": "55.70",
        "200805": "56.90",
        "200806": "56.61",
        "200807": "44.05",
        "200808": "42.68",
        "200809": "32.51",
        "200810": "20.89",
        "200811": "20.59",
        "200812": "22.03",
        "200901": "22.91",
        "200902": "25.21",
        "200903": "29.91",
        "200904": "33.22",
        "200905": "37.49",
        "200906": "34.11",
        "200907": "36.88",
        "200908": "39.34",
        "200909": "40.80",
        "200910": "40.90",
        "200911": "42.11",
        "200912": "43.26",
        "201001": "43.00",
        "201002": "39.93",
        "201003": "43.42",
        "201004": "45.21",
        "201005": "44.21",
        "201006": "42.61",
        "201007": "41.74",
        "201008": "42.40",
        "201009": "41.57",
        "201010": "39.75",
        "201011": "39.20",
        "201012": "40.78",
        "201101": "39.76",
        "201102": "36.14",
        "201103": "36.17",
        "201104": "37.28",
        "201105": "36.35",
        "201106": "36.12",
        "201107": "30.86",
        "201108": "24.25",
        "201109": "27.07",
        "201110": "27.51",
        "201111": "24.68",
        "201112": "23.32",
        "201201": "24.85",
        "201202": "29.08",
        "201203": "29.19",
        "201204": "24.65",
        "201205": "23.59",
        "201206": "23.06",
        "201207": "19.89",
        "201208": "18.34",
        "201209": "17.90",
        "201210": "16.42",
        "201211": "13.90",
        "201212": "15.66",
        "201301": "14.90",
        "201302": "14.21",
        "201303": "14.30",
        "201304": "13.49",
        "201305": "13.68",
        "201306": "13.73",
        "201307": "12.85",
        "201308": "12.54",
        "201309": "12.62",
        "201310": "12.93",
        "201311": "12.47",
        "201312": "12.54",
        "201401": "13.55",
        "201402": "13.38",
        "201403": "13.64",
        "201404": "13.45",
        "201405": "12.47",
        "201406": "13.02",
        "201407": "12.78",
        "201408": "12.17",
        "201409": "12.09",
        "201410": "11.26",
        "201411": "10.84",
        "201412": "10.67",
        "201501": "11.16",
        "201502": "12.09",
        "201503": "13.90",
        "201504": "13.48",
        "201505": "11.78",
        "201506": "10.41",
        "201507": "10.97",
        "201508": "9.52",
        "201509": "8.67",
        "201510": "9.86",
        "201511": "9.91",
        "201512": "9.13",
        "201601": "9.38",
        "201602": "9.92",
        "201603": "9.92",
        "201604": "9.09",
        "201605": "8.69",
        "201606": "9.07",
        "201607": "10.31",
        "201608": "10.61",
        "201609": "10.56",
        "201610": "10.19",
        "201611": "9.40",
        "201612": "9.79",
        "201701": "10.74",
        "201702": "10.82",
        "201703": "10.68",
        "201704": "10.37",
        "201705": "10.17",
        "201706": "10.98",
        "201707": "10.56",
        "201708": "10.71",
        "201709": "12.45",
        "201710": "12.30",
        "201711": "13.72",
        "201712": "13.14",
        "201801": "14.49",
        "201802": "13.43",
        "201803": "13.45",
        "201804": "12.61",
        "201805": "12.52",
        "201806": "12.98",
        "201807": "12.75",
        "201808": "12.58",
        "201809": "11.34",
        "201810": "9.98",
        "201811": "10.22",
        "201812": "10.46",
        "201901": "10.52",
        "201902": "11.28",
        "201903": "11.71",
        "201904": "12.86",
        "201905": "11.78",
        "201906": "11.04",
        "201907": "11.29",
        "201908": "10.72",
        "201909": "10.79",
        "201910": "10.60",
        "201911": "10.43",
        "201912": "10.26",
        "202001": "10.11",
        "202002": "11.00",
        "202003": "10.23",
        "202004": "11.48",
        "202005": "13.34",
        "202006": "21.25",
        "202007": "34.93",
        "202008": "52.00",
        "202009": "66.12",
        "202010": "64.77",
        "202011": "58.84",
        "202012": "51.08",
        "202101": "47.30",
        "202102": "45.99",
        "202103": "46.87",
        "202104": "49.38",
        "202105": "43.86",
        "202106": "41.66",
        "202107": "39.04",
        "202108": "30.42",
        "202109": "29.14",
        "202110": "26.34",
        "202111": "26.56",
        "202112": "26.54",
        "202201": "33.27",
        "202202": "29.51",
        "202203": "26.39",
        "202204": "28.81",
        "202205": "26.27",
        "202206": "24.00",
        "202207": "20.87",
        "202208": "22.58",
        "202209": "22.65",
        "202210": "19.91",
        "202211": "21.85",
        "202212": "22.85",
        "202301": "22.54",
        "202302": "23.49",
        "202303": "23.54",
        "202304": "23.63",
        "202305": "21.92",
        "202306": "21.98"
    },
    "quarters": {
        "20011": {
            "year_quarter": 20011,
            "year": 2001,
            "quarter": 1,
            "eps": 0.23,
            "eps_growth_year": -63.49,
            "eps_4q": 1.45,
            "eps_4q_growth_year": -34.06,
            "roe": 1.36,
            "roe_4q": 1.36,
            "gross_profit": 53411,
            "gross_margin": 28.97,
            "gross_margin_4q_avg": 28.97,
            "net_income": 20143,
            "revenue": 184378,
            "common_shares": 858716,
            "book_valuer_per_share": 17.4,
            "book_valuer_per_share_4q_avg": 17.4,
            "equity": 1493802,
            "current_ratio": 284.42,
            "debt_ratio": 15.94,
            "inventory_turnover_ratio": 0.62,
            "account_receivable_turnover_ratio": null,
            "reinvestment_rate": null,
            "research_to_sale_ratio": null,
            "price_fair": 0,
            "eps_avg_yearly": 0,
            "eps_latest_yearly": 0,
            "eps_growth_yearly": 0
        },
        "20012": {
            "year_quarter": 20012,
            "year": 2001,
            "quarter": 2,
            "eps": 0.18,
            "eps_growth_year": -33.33,
            "eps_4q": 1.28,
            "eps_4q_growth_year": -29.45,
            "roe": 1.14,
            "roe_4q": 2.5,
            "gross_profit": 49277,
            "gross_margin": 26.7,
            "gross_margin_4q_avg": 27.84,
            "net_income": 17177,
            "revenue": 184533,
            "common_shares": 858716,
            "book_valuer_per_share": 17.57,
            "book_valuer_per_share_4q_avg": 17.49,
            "equity": 1509111,
            "current_ratio": 396.25,
            "debt_ratio": 11.47,
            "inventory_turnover_ratio": 0.8,
            "account_receivable_turnover_ratio": null,
            "reinvestment_rate": null,
            "research_to_sale_ratio": null,
            "price_fair": 0,
            "eps_avg_yearly": 0,
            "eps_latest_yearly": 0,
            "eps_growth_yearly": 0
        },
        "20013": {
            "year_quarter": 20013,
            "year": 2001,
            "quarter": 3,
            "eps": 0.24,
            "eps_growth_year": -48.94,
            "eps_4q": 1.13,
            "eps_4q_growth_year": -40.67,
            "roe": 1.5,
            "roe_4q": 4,
            "gross_profit": 68463,
            "gross_margin": 31.96,
            "gross_margin_4q_avg": 29.21,
            "net_income": 22765,
            "revenue": 214223,
            "common_shares": 994309,
            "book_valuer_per_share": 15.41,
            "book_valuer_per_share_4q_avg": 16.79,
            "equity": 1532127,
            "current_ratio": 280.85,
            "debt_ratio": 17.21,
            "inventory_turnover_ratio": 0.93,
            "account_receivable_turnover_ratio": null,
            "reinvestment_rate": null,
            "research_to_sale_ratio": null,
            "price_fair": 0,
            "eps_avg_yearly": 0,
            "eps_latest_yearly": 0,
            "eps_growth_yearly": 0
        },
        "20014": {
            "year_quarter": 20014,
            "year": 2001,
            "quarter": 4,
            "eps": 0.54,
            "eps_growth_year": -5.26,
            "eps_4q": 1.16,
            "eps_4q_growth_year": -34.89,
            "roe": 3.39,
            "roe_4q": 7.390000000000001,
            "gross_profit": 119276,
            "gross_margin": 29.08,
            "gross_margin_4q_avg": 29.18,
            "net_income": 52613,
            "revenue": 410112,
            "common_shares": 994309,
            "book_valuer_per_share": 15.77,
            "book_valuer_per_share_4q_avg": 16.54,
            "equity": 1567574,
            "current_ratio": 315.82,
            "debt_ratio": 15.56,
            "inventory_turnover_ratio": 1.9,
            "account_receivable_turnover_ratio": null,
            "reinvestment_rate": null,
            "research_to_sale_ratio": null,
            "price_fair": 0,
            "eps_avg_yearly": 0,
            "eps_latest_yearly": 0,
            "eps_growth_yearly": 0
        },
        "20021": {
            "year_quarter": 20021,
            "year": 2002,
            "quarter": 1,
            "eps": 0.38,
            "eps_growth_year": 65.22,
            "eps_4q": 1.34,
            "eps_4q_growth_year": -7.39,
            "roe": 2.3,
            "roe_4q": 8.33,
            "gross_profit": 111651,
            "gross_margin": 34.01,
            "gross_margin_4q_avg": 30.44,
            "net_income": 36514,
            "revenue": 328245,
            "common_shares": 994309,
            "book_valuer_per_share": 16.18,
            "book_valuer_per_share_4q_avg": 16.23,
            "equity": 1608755,
            "current_ratio": 418.46,
            "debt_ratio": 28.17,
            "inventory_turnover_ratio": 1.63,
            "account_receivable_turnover_ratio": null,
            "reinvestment_rate": null,
            "research_to_sale_ratio": null,
            "price_fair": 4.56,
            "eps_avg_yearly": 1.52,
            "eps_latest_yearly": 1.52,
            "eps_growth_yearly": -118.52
        },
        "20022": {
            "year_quarter": 20022,
            "year": 2002,
            "quarter": 2,
            "eps": 0.4,
            "eps_growth_year": 122.22,
            "eps_4q": 1.5,
            "eps_4q_growth_year": 16.84,
            "roe": 2.58,
            "roe_4q": 9.77,
            "gross_profit": 89086,
            "gross_margin": 30.94,
            "gross_margin_4q_avg": 31.5,
            "net_income": 40677,
            "revenue": 287897,
            "common_shares": 994309,
            "book_valuer_per_share": 15.56,
            "book_valuer_per_share_4q_avg": 15.73,
            "equity": 1546891,
            "current_ratio": 288.03,
            "debt_ratio": 31.26,
            "inventory_turnover_ratio": 1.56,
            "account_receivable_turnover_ratio": null,
            "reinvestment_rate": null,
            "research_to_sale_ratio": null,
            "price_fair": 4.68,
            "eps_avg_yearly": 1.56,
            "eps_latest_yearly": 1.6,
            "eps_growth_yearly": -48.73
        },
        "20023": {
            "year_quarter": 20023,
            "year": 2002,
            "quarter": 3,
            "eps": 0.36,
            "eps_growth_year": 50,
            "eps_4q": 1.67,
            "eps_4q_growth_year": 47.93,
            "roe": 2.31,
            "roe_4q": 10.58,
            "gross_profit": 83921,
            "gross_margin": 30.13,
            "gross_margin_4q_avg": 31.04,
            "net_income": 35715,
            "revenue": 278536,
            "common_shares": 1051091,
            "book_valuer_per_share": 14.72,
            "book_valuer_per_share_4q_avg": 15.56,
            "equity": 1546735,
            "current_ratio": 306.07,
            "debt_ratio": 29.35,
            "inventory_turnover_ratio": 1.63,
            "account_receivable_turnover_ratio": null,
            "reinvestment_rate": null,
            "research_to_sale_ratio": null,
            "price_fair": 4.56,
            "eps_avg_yearly": 1.52,
            "eps_latest_yearly": 1.44,
            "eps_growth_yearly": -45.82
        },
        "20024": {
            "year_quarter": 20024,
            "year": 2002,
            "quarter": 4,
            "eps": 0.95,
            "eps_growth_year": 75.93,
            "eps_4q": 2.08,
            "eps_4q_growth_year": 79.98,
            "roe": 5.96,
            "roe_4q": 13.149999999999999,
            "gross_profit": 155684,
            "gross_margin": 36.45,
            "gross_margin_4q_avg": 32.88,
            "net_income": 94769,
            "revenue": 427087,
            "common_shares": 1066817,
            "book_valuer_per_share": 15.32,
            "book_valuer_per_share_4q_avg": 15.45,
            "equity": 1634394,
            "current_ratio": 351.31,
            "debt_ratio": 30.94,
            "inventory_turnover_ratio": 1.89,
            "account_receivable_turnover_ratio": null,
            "reinvestment_rate": 50.47,
            "research_to_sale_ratio": null,
            "price_fair": 73.15,
            "eps_avg_yearly": 2.09,
            "eps_latest_yearly": 3.8,
            "eps_growth_yearly": 129.52
        },
        "20031": {
            "year_quarter": 20031,
            "year": 2003,
            "quarter": 1,
            "eps": 0.7,
            "eps_growth_year": 84.21,
            "eps_4q": 2.46,
            "eps_4q_growth_year": 82.93,
            "roe": 4.11,
            "roe_4q": 14.96,
            "gross_profit": 161518,
            "gross_margin": 35.78,
            "gross_margin_4q_avg": 33.33,
            "net_income": 68186,
            "revenue": 451439,
            "common_shares": 1066817,
            "book_valuer_per_share": 15.75,
            "book_valuer_per_share_4q_avg": 15.34,
            "equity": 1680552,
            "current_ratio": 367.16,
            "debt_ratio": 29.35,
            "inventory_turnover_ratio": 1.68,
            "account_receivable_turnover_ratio": null,
            "reinvestment_rate": 45.14,
            "research_to_sale_ratio": null,
            "price_fair": 78.12,
            "eps_avg_yearly": 2.23,
            "eps_latest_yearly": 2.8,
            "eps_growth_yearly": 82.57
        },
        "20032": {
            "year_quarter": 20032,
            "year": 2003,
            "quarter": 2,
            "eps": 0.89,
            "eps_growth_year": 122.5,
            "eps_4q": 2.92,
            "eps_4q_growth_year": 94.7,
            "roe": 5.16,
            "roe_4q": 17.54,
            "gross_profit": 178547,
            "gross_margin": 36.51,
            "gross_margin_4q_avg": 34.72,
            "net_income": 87053,
            "revenue": 488998,
            "common_shares": 1066817,
            "book_valuer_per_share": 15.89,
            "book_valuer_per_share_4q_avg": 15.42,
            "equity": 1695401,
            "current_ratio": 297.67,
            "debt_ratio": 33.54,
            "inventory_turnover_ratio": 1.68,
            "account_receivable_turnover_ratio": null,
            "reinvestment_rate": 41.39,
            "research_to_sale_ratio": null,
            "price_fair": 85.87,
            "eps_avg_yearly": 2.45,
            "eps_latest_yearly": 3.56,
            "eps_growth_yearly": 86.9
        },
        "20033": {
            "year_quarter": 20033,
            "year": 2003,
            "quarter": 3,
            "eps": 0.89,
            "eps_growth_year": 147.22,
            "eps_4q": 3.17,
            "eps_4q_growth_year": 90.27,
            "roe": 5.59,
            "roe_4q": 20.82,
            "gross_profit": 188482,
            "gross_margin": 35.04,
            "gross_margin_4q_avg": 35.95,
            "net_income": 97401,
            "revenue": 537843,
            "common_shares": 1183837,
            "book_valuer_per_share": 15.13,
            "book_valuer_per_share_4q_avg": 15.52,
            "equity": 1790637,
            "current_ratio": 326.43,
            "debt_ratio": 31.97,
            "inventory_turnover_ratio": 1.63,
            "account_receivable_turnover_ratio": null,
            "reinvestment_rate": 35.88,
            "research_to_sale_ratio": null,
            "price_fair": 91.4,
            "eps_avg_yearly": 2.61,
            "eps_latest_yearly": 3.56,
            "eps_growth_yearly": 74.49
        },
        "20034": {
            "year_quarter": 20034,
            "year": 2003,
            "quarter": 4,
            "eps": 0.73,
            "eps_growth_year": -23.16,
            "eps_4q": 3.02,
            "eps_4q_growth_year": 45.08,
            "roe": 4.4,
            "roe_4q": 19.26,
            "gross_profit": 205678,
            "gross_margin": 34.66,
            "gross_margin_4q_avg": 35.5,
            "net_income": 80524,
            "revenue": 593438,
            "common_shares": 1183837,
            "book_valuer_per_share": 15.78,
            "book_valuer_per_share_4q_avg": 15.64,
            "equity": 1868204,
            "current_ratio": 302.86,
            "debt_ratio": 32.67,
            "inventory_turnover_ratio": 1.63,
            "account_receivable_turnover_ratio": null,
            "reinvestment_rate": 31.29,
            "research_to_sale_ratio": null,
            "price_fair": 92.75,
            "eps_avg_yearly": 2.65,
            "eps_latest_yearly": 2.92,
            "eps_growth_yearly": 56.19
        },
        "20041": {
            "year_quarter": 20041,
            "year": 2004,
            "quarter": 1,
            "eps": 1.07,
            "eps_growth_year": 52.86,
            "eps_4q": 3.47,
            "eps_4q_growth_year": 41.25,
            "roe": 6.19,
            "roe_4q": 21.34,
            "gross_profit": 269686,
            "gross_margin": 39.11,
            "gross_margin_4q_avg": 36.33,
            "net_income": 118103,
            "revenue": 689618,
            "common_shares": 1183837,
            "book_valuer_per_share": 16.45,
            "book_valuer_per_share_4q_avg": 15.81,
            "equity": 1947498,
            "current_ratio": 296.17,
            "debt_ratio": 32.75,
            "inventory_turnover_ratio": 1.68,
            "account_receivable_turnover_ratio": null,
            "reinvestment_rate": 35.2,
            "research_to_sale_ratio": null,
            "price_fair": 99.09,
            "eps_avg_yearly": 2.83,
            "eps_latest_yearly": 4.28,
            "eps_growth_yearly": 70.64
        },
        "20042": {
            "year_quarter": 20042,
            "year": 2004,
            "quarter": 2,
            "eps": 0.62,
            "eps_growth_year": -30.34,
            "eps_4q": 3.04,
            "eps_4q_growth_year": 4.08,
            "roe": 4.03,
            "roe_4q": 20.21,
            "gross_profit": 195695,
            "gross_margin": 37.92,
            "gross_margin_4q_avg": 36.68,
            "net_income": 75834,
            "revenue": 516106,
            "common_shares": 1183837,
            "book_valuer_per_share": 15.35,
            "book_valuer_per_share_4q_avg": 15.68,
            "equity": 1817002,
            "current_ratio": 308.32,
            "debt_ratio": 44.2,
            "inventory_turnover_ratio": 1.25,
            "account_receivable_turnover_ratio": null,
            "reinvestment_rate": 40.46,
            "research_to_sale_ratio": null,
            "price_fair": 97.86,
            "eps_avg_yearly": 2.8,
            "eps_latest_yearly": 2.48,
            "eps_growth_yearly": 46.76
        },
        "20043": {
            "year_quarter": 20043,
            "year": 2004,
            "quarter": 3,
            "eps": 0.96,
            "eps_growth_year": 7.87,
            "eps_4q": 3.21,
            "eps_4q_growth_year": 1.09,
            "roe": 6.24,
            "roe_4q": 20.86,
            "gross_profit": 216713,
            "gross_margin": 37,
            "gross_margin_4q_avg": 37.17,
            "net_income": 117158,
            "revenue": 585708,
            "common_shares": 1324870,
            "book_valuer_per_share": 14.61,
            "book_valuer_per_share_4q_avg": 15.55,
            "equity": 1936232,
            "current_ratio": 374.89,
            "debt_ratio": 40.42,
            "inventory_turnover_ratio": 1.39,
            "account_receivable_turnover_ratio": null,
            "reinvestment_rate": 32.4,
            "research_to_sale_ratio": null,
            "price_fair": 101.18,
            "eps_avg_yearly": 2.89,
            "eps_latest_yearly": 3.84,
            "eps_growth_yearly": 62.45
        },
        "20044": {
            "year_quarter": 20044,
            "year": 2004,
            "quarter": 4,
            "eps": 1.23,
            "eps_growth_year": 68.49,
            "eps_4q": 3.76,
            "eps_4q_growth_year": 24.47,
            "roe": 7.52,
            "roe_4q": 23.98,
            "gross_profit": 262826,
            "gross_margin": 36.73,
            "gross_margin_4q_avg": 37.69,
            "net_income": 151273,
            "revenue": 715475,
            "common_shares": 1327005,
            "book_valuer_per_share": 15.73,
            "book_valuer_per_share_4q_avg": 15.54,
            "equity": 2088001,
            "current_ratio": 375.26,
            "debt_ratio": 39.4,
            "inventory_turnover_ratio": 1.72,
            "account_receivable_turnover_ratio": null,
            "reinvestment_rate": 12.44,
            "research_to_sale_ratio": null,
            "price_fair": 107.1,
            "eps_avg_yearly": 3.06,
            "eps_latest_yearly": 4.92,
            "eps_growth_yearly": 66.62
        },
        "20051": {
            "year_quarter": 20051,
            "year": 2005,
            "quarter": 1,
            "eps": 0.82,
            "eps_growth_year": -23.36,
            "eps_4q": 3.62,
            "eps_4q_growth_year": 4.31,
            "roe": 4.73,
            "roe_4q": 22.520000000000003,
            "gross_profit": 245621,
            "gross_margin": 39.39,
            "gross_margin_4q_avg": 37.76,
            "net_income": 100810,
            "revenue": 623626,
            "common_shares": 1338962,
            "book_valuer_per_share": 16.25,
            "book_valuer_per_share_4q_avg": 15.49,
            "equity": 2175751,
            "current_ratio": 393.54,
            "debt_ratio": 37.06,
            "inventory_turnover_ratio": 1.47,
            "account_receivable_turnover_ratio": null,
            "reinvestment_rate": 9.12,
            "research_to_sale_ratio": null,
            "price_fair": 107.69,
            "eps_avg_yearly": 3.08,
            "eps_latest_yearly": 3.28,
            "eps_growth_yearly": 51.24
        },
        "20052": {
            "year_quarter": 20052,
            "year": 2005,
            "quarter": 2,
            "eps": 0.4,
            "eps_growth_year": -35.48,
            "eps_4q": 2.99,
            "eps_4q_growth_year": -1.55,
            "roe": 2.69,
            "roe_4q": 21.18,
            "gross_profit": 202766,
            "gross_margin": 38.82,
            "gross_margin_4q_avg": 37.99,
            "net_income": 56956,
            "revenue": 522271,
            "common_shares": 1338962,
            "book_valuer_per_share": 15.35,
            "book_valuer_per_share_4q_avg": 15.49,
            "equity": 2055650,
            "current_ratio": 301.3,
            "debt_ratio": 41.82,
            "inventory_turnover_ratio": 1.15,
            "account_receivable_turnover_ratio": null,
            "reinvestment_rate": 11.79,
            "research_to_sale_ratio": null,
            "price_fair": 104,
            "eps_avg_yearly": 2.97,
            "eps_latest_yearly": 1.6,
            "eps_growth_yearly": 32.94
        },
        "20053": {
            "year_quarter": 20053,
            "year": 2005,
            "quarter": 3,
            "eps": 0.83,
            "eps_growth_year": -13.54,
            "eps_4q": 2.97,
            "eps_4q_growth_year": -7.55,
            "roe": 5.59,
            "roe_4q": 20.53,
            "gross_profit": 267474,
            "gross_margin": 43.1,
            "gross_margin_4q_avg": 39.51,
            "net_income": 120053,
            "revenue": 620529,
            "common_shares": 1547232,
            "book_valuer_per_share": 14.47,
            "book_valuer_per_share_4q_avg": 15.45,
            "equity": 2238366,
            "current_ratio": 247.84,
            "debt_ratio": 35.78,
            "inventory_turnover_ratio": 1.21,
            "account_receivable_turnover_ratio": null,
            "reinvestment_rate": 10.36,
            "research_to_sale_ratio": null,
            "price_fair": 104.81,
            "eps_avg_yearly": 2.99,
            "eps_latest_yearly": 3.32,
            "eps_growth_yearly": 59.41
        },
        "20054": {
            "year_quarter": 20054,
            "year": 2005,
            "quarter": 4,
            "eps": 1.38,
            "eps_growth_year": 12.2,
            "eps_4q": 3.29,
            "eps_4q_growth_year": -12.53,
            "roe": 7.95,
            "roe_4q": 20.96,
            "gross_profit": 358309,
            "gross_margin": 41.46,
            "gross_margin_4q_avg": 40.69,
            "net_income": 200876,
            "revenue": 864223,
            "common_shares": 1666495,
            "book_valuer_per_share": 16.75,
            "book_valuer_per_share_4q_avg": 15.71,
            "equity": 2814083,
            "current_ratio": 339.03,
            "debt_ratio": 29.48,
            "inventory_turnover_ratio": 1.61,
            "account_receivable_turnover_ratio": null,
            "reinvestment_rate": 10.49,
            "research_to_sale_ratio": null,
            "price_fair": 110.34,
            "eps_avg_yearly": 3.15,
            "eps_latest_yearly": 5.52,
            "eps_growth_yearly": 72.27
        },
        "20061": {
            "year_quarter": 20061,
            "year": 2006,
            "quarter": 1,
            "eps": 0.71,
            "eps_growth_year": -13.41,
            "eps_4q": 3.07,
            "eps_4q_growth_year": -15.27,
            "roe": 3.95,
            "roe_4q": 20.180000000000003,
            "gross_profit": 273498,
            "gross_margin": 39.86,
            "gross_margin_4q_avg": 40.81,
            "net_income": 113813,
            "revenue": 686220,
            "common_shares": 1682413,
            "book_valuer_per_share": 17.51,
            "book_valuer_per_share_4q_avg": 16.02,
            "equity": 2945566,
            "current_ratio": 272.34,
            "debt_ratio": 24.74,
            "inventory_turnover_ratio": 1.29,
            "account_receivable_turnover_ratio": null,
            "reinvestment_rate": 13.73,
            "research_to_sale_ratio": null,
            "price_fair": 113.23,
            "eps_avg_yearly": 3.24,
            "eps_latest_yearly": 2.84,
            "eps_growth_yearly": 67.54
        },
        "20062": {
            "year_quarter": 20062,
            "year": 2006,
            "quarter": 2,
            "eps": 0.5,
            "eps_growth_year": 25,
            "eps_4q": 2.89,
            "eps_4q_growth_year": -3.28,
            "roe": 3.14,
            "roe_4q": 20.63,
            "gross_profit": 268382,
            "gross_margin": 37.87,
            "gross_margin_4q_avg": 40.57,
            "net_income": 90765,
            "revenue": 708681,
            "common_shares": 1682413,
            "book_valuer_per_share": 16.82,
            "book_valuer_per_share_4q_avg": 16.39,
            "equity": 2829223,
            "current_ratio": 207.31,
            "debt_ratio": 31.22,
            "inventory_turnover_ratio": 1.38,
            "account_receivable_turnover_ratio": null,
            "reinvestment_rate": 17.05,
            "research_to_sale_ratio": null,
            "price_fair": 114.1,
            "eps_avg_yearly": 3.26,
            "eps_latest_yearly": 2,
            "eps_growth_yearly": 58.83
        },
        "20063": {
            "year_quarter": 20063,
            "year": 2006,
            "quarter": 3,
            "eps": 0.96,
            "eps_growth_year": 15.66,
            "eps_4q": 3.18,
            "eps_4q_growth_year": 7.05,
            "roe": 6.06,
            "roe_4q": 21.099999999999998,
            "gross_profit": 329472,
            "gross_margin": 40,
            "gross_margin_4q_avg": 39.8,
            "net_income": 175667,
            "revenue": 823629,
            "common_shares": 1888871,
            "book_valuer_per_share": 15.72,
            "book_valuer_per_share_4q_avg": 16.7,
            "equity": 2969499,
            "current_ratio": 242.92,
            "debt_ratio": 26.8,
            "inventory_turnover_ratio": 1.45,
            "account_receivable_turnover_ratio": null,
            "reinvestment_rate": 16.73,
            "research_to_sale_ratio": null,
            "price_fair": 119.35,
            "eps_avg_yearly": 3.41,
            "eps_latest_yearly": 3.84,
            "eps_growth_yearly": 84.33
        },
        "20064": {
            "year_quarter": 20064,
            "year": 2006,
            "quarter": 4,
            "eps": 0.96,
            "eps_growth_year": -30.43,
            "eps_4q": 3.05,
            "eps_4q_growth_year": -7.38,
            "roe": 5.69,
            "roe_4q": 18.84,
            "gross_profit": 359173,
            "gross_margin": 42.48,
            "gross_margin_4q_avg": 40.05,
            "net_income": 174995,
            "revenue": 845481,
            "common_shares": 1888871,
            "book_valuer_per_share": 16.75,
            "book_valuer_per_share_4q_avg": 16.7,
            "equity": 3179599,
            "current_ratio": 266.98,
            "debt_ratio": 25.96,
            "inventory_turnover_ratio": 1.26,
            "account_receivable_turnover_ratio": null,
            "reinvestment_rate": 15.76,
            "research_to_sale_ratio": null,
            "price_fair": 119.44,
            "eps_avg_yearly": 3.41,
            "eps_latest_yearly": 3.84,
            "eps_growth_yearly": 43.35
        },
        "20071": {
            "year_quarter": 20071,
            "year": 2007,
            "quarter": 1,
            "eps": 0.88,
            "eps_growth_year": 23.94,
            "eps_4q": 3.28,
            "eps_4q_growth_year": 6.84,
            "roe": 4.94,
            "roe_4q": 19.830000000000002,
            "gross_profit": 327049,
            "gross_margin": 38.57,
            "gross_margin_4q_avg": 39.73,
            "net_income": 162038,
            "revenue": 847879,
            "common_shares": 1888871,
            "book_valuer_per_share": 17.92,
            "book_valuer_per_share_4q_avg": 16.8,
            "equity": 3385016,
            "current_ratio": 397.45,
            "debt_ratio": 19.27,
            "inventory_turnover_ratio": 1.33,
            "account_receivable_turnover_ratio": null,
            "reinvestment_rate": 14.56,
            "research_to_sale_ratio": null,
            "price_fair": 121.01,
            "eps_avg_yearly": 3.46,
            "eps_latest_yearly": 3.52,
            "eps_growth_yearly": 47.85
        },
        "20072": {
            "year_quarter": 20072,
            "year": 2007,
            "quarter": 2,
            "eps": 1,
            "eps_growth_year": 100,
            "eps_4q": 3.61,
            "eps_4q_growth_year": 24.62,
            "roe": 5.97,
            "roe_4q": 22.66,
            "gross_profit": 412897,
            "gross_margin": 42.1,
            "gross_margin_4q_avg": 40.79,
            "net_income": 196611,
            "revenue": 980741,
            "common_shares": 1888871,
            "book_valuer_per_share": 16.94,
            "book_valuer_per_share_4q_avg": 16.83,
            "equity": 3199201,
            "current_ratio": 265.64,
            "debt_ratio": 28.83,
            "inventory_turnover_ratio": 1.6,
            "account_receivable_turnover_ratio": null,
            "reinvestment_rate": 12.16,
            "research_to_sale_ratio": null,
            "price_fair": 121.98,
            "eps_avg_yearly": 3.49,
            "eps_latest_yearly": 4,
            "eps_growth_yearly": 44.47
        },
        "20073": {
            "year_quarter": 20073,
            "year": 2007,
            "quarter": 3,
            "eps": 1.72,
            "eps_growth_year": 79.17,
            "eps_4q": 4.44,
            "eps_4q_growth_year": 39.71,
            "roe": 10.07,
            "roe_4q": 26.67,
            "gross_profit": 567083,
            "gross_margin": 44.99,
            "gross_margin_4q_avg": 42.04,
            "net_income": 337832,
            "revenue": 1260337,
            "common_shares": 2006082,
            "book_valuer_per_share": 17.51,
            "book_valuer_per_share_4q_avg": 17.28,
            "equity": 3512460,
            "current_ratio": 302.57,
            "debt_ratio": 27.53,
            "inventory_turnover_ratio": 1.62,
            "account_receivable_turnover_ratio": null,
            "reinvestment_rate": 10.97,
            "research_to_sale_ratio": null,
            "price_fair": 129.24,
            "eps_avg_yearly": 3.69,
            "eps_latest_yearly": 6.88,
            "eps_growth_yearly": 62.47
        },
        "20074": {
            "year_quarter": 20074,
            "year": 2007,
            "quarter": 4,
            "eps": 1.24,
            "eps_growth_year": 29.17,
            "eps_4q": 4.78,
            "eps_4q_growth_year": 57.01,
            "roe": 6.63,
            "roe_4q": 27.61,
            "gross_profit": 451283,
            "gross_margin": 45.42,
            "gross_margin_4q_avg": 42.77,
            "net_income": 243796,
            "revenue": 993503,
            "common_shares": 2006082,
            "book_valuer_per_share": 19.18,
            "book_valuer_per_share_4q_avg": 17.89,
            "equity": 3847302,
            "current_ratio": 365.57,
            "debt_ratio": 19.69,
            "inventory_turnover_ratio": 0.94,
            "account_receivable_turnover_ratio": null,
            "reinvestment_rate": 13.92,
            "research_to_sale_ratio": null,
            "price_fair": 133.7,
            "eps_avg_yearly": 3.82,
            "eps_latest_yearly": 4.96,
            "eps_growth_yearly": 59.99
        },
        "20081": {
            "year_quarter": 20081,
            "year": 2008,
            "quarter": 1,
            "eps": 0.57,
            "eps_growth_year": -35.23,
            "eps_4q": 4.5,
            "eps_4q_growth_year": 37.18,
            "roe": 2.94,
            "roe_4q": 25.61,
            "gross_profit": 483791,
            "gross_margin": 48.35,
            "gross_margin_4q_avg": 45.22,
            "net_income": 112993,
            "revenue": 1000541,
            "common_shares": 2006082,
            "book_valuer_per_share": 19.08,
            "book_valuer_per_share_4q_avg": 18.18,
            "equity": 3828139,
            "current_ratio": 381.07,
            "debt_ratio": 17.74,
            "inventory_turnover_ratio": 0.81,
            "account_receivable_turnover_ratio": null,
            "reinvestment_rate": 5.74,
            "research_to_sale_ratio": null,
            "price_fair": 129.33,
            "eps_avg_yearly": 3.7,
            "eps_latest_yearly": 2.28,
            "eps_growth_yearly": 34.84
        },
        "20082": {
            "year_quarter": 20082,
            "year": 2008,
            "quarter": 2,
            "eps": 0.96,
            "eps_growth_year": -4,
            "eps_4q": 4.14,
            "eps_4q_growth_year": 14.85,
            "roe": 5.67,
            "roe_4q": 25.31,
            "gross_profit": 571917,
            "gross_margin": 44.2,
            "gross_margin_4q_avg": 45.74,
            "net_income": 209474,
            "revenue": 1293803,
            "common_shares": 2006082,
            "book_valuer_per_share": 17.73,
            "book_valuer_per_share_4q_avg": 18.38,
            "equity": 3556314,
            "current_ratio": 250.12,
            "debt_ratio": 29.15,
            "inventory_turnover_ratio": 1.24,
            "account_receivable_turnover_ratio": null,
            "reinvestment_rate": 11.66,
            "research_to_sale_ratio": null,
            "price_fair": 132.3,
            "eps_avg_yearly": 3.78,
            "eps_latest_yearly": 3.84,
            "eps_growth_yearly": 62.46
        },
        "20083": {
            "year_quarter": 20083,
            "year": 2008,
            "quarter": 3,
            "eps": 1.14,
            "eps_growth_year": -33.72,
            "eps_4q": 3.72,
            "eps_4q_growth_year": -16.07,
            "roe": 6.83,
            "roe_4q": 22.07,
            "gross_profit": 634100,
            "gross_margin": 46.58,
            "gross_margin_4q_avg": 46.14,
            "net_income": 249826,
            "revenue": 1361189,
            "common_shares": 2225822,
            "book_valuer_per_share": 16.9,
            "book_valuer_per_share_4q_avg": 18.22,
            "equity": 3760603,
            "current_ratio": 278.34,
            "debt_ratio": 25,
            "inventory_turnover_ratio": 1.26,
            "account_receivable_turnover_ratio": null,
            "reinvestment_rate": 12.2,
            "research_to_sale_ratio": null,
            "price_fair": 133.88,
            "eps_avg_yearly": 3.83,
            "eps_latest_yearly": 4.56,
            "eps_growth_yearly": 53.44
        },
        "20084": {
            "year_quarter": 20084,
            "year": 2008,
            "quarter": 4,
            "eps": 0.77,
            "eps_growth_year": -37.9,
            "eps_4q": 3.38,
            "eps_4q_growth_year": -29.37,
            "roe": 4.33,
            "roe_4q": 19.77,
            "gross_profit": 580061,
            "gross_margin": 45.43,
            "gross_margin_4q_avg": 46.14,
            "net_income": 168971,
            "revenue": 1276890,
            "common_shares": 2225822,
            "book_valuer_per_share": 17.61,
            "book_valuer_per_share_4q_avg": 17.83,
            "equity": 4045841,
            "current_ratio": 262.64,
            "debt_ratio": 25.56,
            "inventory_turnover_ratio": 1.28,
            "account_receivable_turnover_ratio": 4.35,
            "reinvestment_rate": 23.94,
            "research_to_sale_ratio": null,
            "price_fair": 129.85,
            "eps_avg_yearly": 3.71,
            "eps_latest_yearly": 3.08,
            "eps_growth_yearly": 38.29
        },
        "20091": {
            "year_quarter": 20091,
            "year": 2009,
            "quarter": 1,
            "eps": 0.79,
            "eps_growth_year": 38.6,
            "eps_4q": 3.44,
            "eps_4q_growth_year": -23.46,
            "roe": 4.44,
            "roe_4q": 21.27,
            "gross_profit": 561137,
            "gross_margin": 48.57,
            "gross_margin_4q_avg": 46.2,
            "net_income": 183510,
            "revenue": 1155295,
            "common_shares": 2225822,
            "book_valuer_per_share": 18.38,
            "book_valuer_per_share_4q_avg": 17.66,
            "equity": 4228172,
            "current_ratio": 286.59,
            "debt_ratio": 23.8,
            "inventory_turnover_ratio": 1.23,
            "account_receivable_turnover_ratio": 2,
            "reinvestment_rate": 23.08,
            "research_to_sale_ratio": null,
            "price_fair": 129.59,
            "eps_avg_yearly": 3.7,
            "eps_latest_yearly": 3.16,
            "eps_growth_yearly": 47.27
        },
        "20092": {
            "year_quarter": 20092,
            "year": 2009,
            "quarter": 2,
            "eps": 1.06,
            "eps_growth_year": 10.42,
            "eps_4q": 3.2,
            "eps_4q_growth_year": -22.66,
            "roe": 6.32,
            "roe_4q": 21.92,
            "gross_profit": 577175,
            "gross_margin": 52.68,
            "gross_margin_4q_avg": 48.32,
            "net_income": 271477,
            "revenue": 1095698,
            "common_shares": 2225822,
            "book_valuer_per_share": 17.31,
            "book_valuer_per_share_4q_avg": 17.55,
            "equity": 4365124,
            "current_ratio": 268.41,
            "debt_ratio": 26.36,
            "inventory_turnover_ratio": 1.1,
            "account_receivable_turnover_ratio": 1.97,
            "reinvestment_rate": 20.22,
            "research_to_sale_ratio": null,
            "price_fair": 135.36,
            "eps_avg_yearly": 3.87,
            "eps_latest_yearly": 4.24,
            "eps_growth_yearly": 68.62
        },
        "20093": {
            "year_quarter": 20093,
            "year": 2009,
            "quarter": 3,
            "eps": 0.96,
            "eps_growth_year": -15.79,
            "eps_4q": 2.85,
            "eps_4q_growth_year": -23.43,
            "roe": 5.82,
            "roe_4q": 20.910000000000004,
            "gross_profit": 649018,
            "gross_margin": 53.95,
            "gross_margin_4q_avg": 50.16,
            "net_income": 262491,
            "revenue": 1202940,
            "common_shares": 2258963,
            "book_valuer_per_share": 17.98,
            "book_valuer_per_share_4q_avg": 17.82,
            "equity": 4662196,
            "current_ratio": 315.34,
            "debt_ratio": 22.69,
            "inventory_turnover_ratio": 1.04,
            "account_receivable_turnover_ratio": 2.2,
            "reinvestment_rate": 19.75,
            "research_to_sale_ratio": null,
            "price_fair": 136.5,
            "eps_avg_yearly": 3.9,
            "eps_latest_yearly": 3.84,
            "eps_growth_yearly": 39.39
        },
        "20094": {
            "year_quarter": 20094,
            "year": 2009,
            "quarter": 4,
            "eps": 0.87,
            "eps_growth_year": 12.99,
            "eps_4q": 3.66,
            "eps_4q_growth_year": 8.28,
            "roe": 4.94,
            "roe_4q": 21.520000000000003,
            "gross_profit": 643985,
            "gross_margin": 44.13,
            "gross_margin_4q_avg": 49.83,
            "net_income": 235861,
            "revenue": 1459269,
            "common_shares": 2258963,
            "book_valuer_per_share": 19.41,
            "book_valuer_per_share_4q_avg": 18.27,
            "equity": 4895699,
            "current_ratio": 314.88,
            "debt_ratio": 22.79,
            "inventory_turnover_ratio": 1.47,
            "account_receivable_turnover_ratio": 4.37,
            "reinvestment_rate": 68.08,
            "research_to_sale_ratio": null,
            "price_fair": 114.98,
            "eps_avg_yearly": 3.77,
            "eps_latest_yearly": 3.48,
            "eps_growth_yearly": 20.48
        },
        "20101": {
            "year_quarter": 20101,
            "year": 2010,
            "quarter": 1,
            "eps": 2.53,
            "eps_growth_year": 220.25,
            "eps_4q": 5.36,
            "eps_4q_growth_year": 55.86,
            "roe": 11.46,
            "roe_4q": 28.540000000000003,
            "gross_profit": 797595,
            "gross_margin": 49.93,
            "gross_margin_4q_avg": 50.17,
            "net_income": 605907,
            "revenue": 1597423,
            "common_shares": 2258963,
            "book_valuer_per_share": 22.09,
            "book_valuer_per_share_4q_avg": 19.2,
            "equity": 5675767,
            "current_ratio": 307.26,
            "debt_ratio": 24.63,
            "inventory_turnover_ratio": 1.27,
            "account_receivable_turnover_ratio": 1.77,
            "reinvestment_rate": 56.96,
            "research_to_sale_ratio": 9.89,
            "price_fair": 147.96,
            "eps_avg_yearly": 4.23,
            "eps_latest_yearly": 10.12,
            "eps_growth_yearly": 80.32
        },
        "20102": {
            "year_quarter": 20102,
            "year": 2010,
            "quarter": 2,
            "eps": 0.34,
            "eps_growth_year": -67.87,
            "eps_4q": 4.66,
            "eps_4q_growth_year": 45.4,
            "roe": 2.62,
            "roe_4q": 24.840000000000003,
            "gross_profit": 776915,
            "gross_margin": 53.12,
            "gross_margin_4q_avg": 50.28,
            "net_income": 142899,
            "revenue": 1462465,
            "common_shares": 2258963,
            "book_valuer_per_share": 19.75,
            "book_valuer_per_share_4q_avg": 19.81,
            "equity": 5221965,
            "current_ratio": 253.56,
            "debt_ratio": 30.19,
            "inventory_turnover_ratio": 0.84,
            "account_receivable_turnover_ratio": 1.34,
            "reinvestment_rate": 56.46,
            "research_to_sale_ratio": 10.39,
            "price_fair": 146.56,
            "eps_avg_yearly": 4.19,
            "eps_latest_yearly": 1.36,
            "eps_growth_yearly": 66.07
        },
        "20103": {
            "year_quarter": 20103,
            "year": 2010,
            "quarter": 3,
            "eps": 1.17,
            "eps_growth_year": 21.36,
            "eps_4q": 4.88,
            "eps_4q_growth_year": 71.12,
            "roe": 5.75,
            "roe_4q": 24.770000000000003,
            "gross_profit": 804936,
            "gross_margin": 50.79,
            "gross_margin_4q_avg": 49.49,
            "net_income": 308808,
            "revenue": 1584800,
            "common_shares": 2258963,
            "book_valuer_per_share": 20.89,
            "book_valuer_per_share_4q_avg": 20.54,
            "equity": 5523753,
            "current_ratio": 375.8,
            "debt_ratio": 19.14,
            "inventory_turnover_ratio": 1.01,
            "account_receivable_turnover_ratio": 1.51,
            "reinvestment_rate": 61.25,
            "research_to_sale_ratio": 8.3,
            "price_fair": 148.4,
            "eps_avg_yearly": 4.24,
            "eps_latest_yearly": 4.68,
            "eps_growth_yearly": 104.1
        },
        "20104": {
            "year_quarter": 20104,
            "year": 2010,
            "quarter": 4,
            "eps": 0.5,
            "eps_growth_year": -42.83,
            "eps_4q": 4.43,
            "eps_4q_growth_year": 21.05,
            "roe": 2.46,
            "roe_4q": 22.290000000000003,
            "gross_profit": 681180,
            "gross_margin": 55.16,
            "gross_margin_4q_avg": 52.25,
            "net_income": 139948,
            "revenue": 1234855,
            "common_shares": 2258963,
            "book_valuer_per_share": 21.75,
            "book_valuer_per_share_4q_avg": 21.12,
            "equity": 5840041,
            "current_ratio": 426.08,
            "debt_ratio": 22.25,
            "inventory_turnover_ratio": 0.98,
            "account_receivable_turnover_ratio": 1.48,
            "reinvestment_rate": 66.53,
            "research_to_sale_ratio": 11.06,
            "price_fair": 144.38,
            "eps_avg_yearly": 4.13,
            "eps_latest_yearly": 2,
            "eps_growth_yearly": 89.79
        },
        "20111": {
            "year_quarter": 20111,
            "year": 2011,
            "quarter": 1,
            "eps": 0.57,
            "eps_growth_year": -77.47,
            "eps_4q": 2.54,
            "eps_4q_growth_year": -52.66,
            "roe": 2.74,
            "roe_4q": 13.57,
            "gross_profit": 470596,
            "gross_margin": 48.18,
            "gross_margin_4q_avg": 51.81,
            "net_income": 163383,
            "revenue": 976813,
            "common_shares": 2258963,
            "book_valuer_per_share": 22.32,
            "book_valuer_per_share_4q_avg": 21.18,
            "equity": 6098422,
            "current_ratio": 421.96,
            "debt_ratio": 21.98,
            "inventory_turnover_ratio": 1.13,
            "account_receivable_turnover_ratio": 1.59,
            "reinvestment_rate": 69.98,
            "research_to_sale_ratio": 13.58,
            "price_fair": 141.66,
            "eps_avg_yearly": 4.05,
            "eps_latest_yearly": 2.28,
            "eps_growth_yearly": 95.37
        },
        "20112": {
            "year_quarter": 20112,
            "year": 2011,
            "quarter": 2,
            "eps": 2,
            "eps_growth_year": 488.6,
            "eps_4q": 4.33,
            "eps_4q_growth_year": -7.01,
            "roe": 8.67,
            "roe_4q": 19.62,
            "gross_profit": 334528,
            "gross_margin": 46.14,
            "gross_margin_4q_avg": 50.07,
            "net_income": 453015,
            "revenue": 724967,
            "common_shares": 2258963,
            "book_valuer_per_share": 20.34,
            "book_valuer_per_share_4q_avg": 21.33,
            "equity": 4354299,
            "current_ratio": 275.37,
            "debt_ratio": 24.36,
            "inventory_turnover_ratio": 1.32,
            "account_receivable_turnover_ratio": 1.42,
            "reinvestment_rate": 14.46,
            "research_to_sale_ratio": 14.04,
            "price_fair": 150.41,
            "eps_avg_yearly": 4.3,
            "eps_latest_yearly": 8,
            "eps_growth_yearly": 154.68
        },
        "20113": {
            "year_quarter": 20113,
            "year": 2011,
            "quarter": 3,
            "eps": 0.31,
            "eps_growth_year": -73.49,
            "eps_4q": 3.48,
            "eps_4q_growth_year": -28.71,
            "roe": 1.49,
            "roe_4q": 15.36,
            "gross_profit": 202630,
            "gross_margin": 39.82,
            "gross_margin_4q_avg": 47.33,
            "net_income": 65291,
            "revenue": 508857,
            "common_shares": 2140743,
            "book_valuer_per_share": 20.79,
            "book_valuer_per_share_4q_avg": 21.3,
            "equity": 4395806,
            "current_ratio": 430.93,
            "debt_ratio": 13.37,
            "inventory_turnover_ratio": 1.91,
            "account_receivable_turnover_ratio": 1.18,
            "reinvestment_rate": 21.09,
            "research_to_sale_ratio": 9.53,
            "price_fair": 138.08,
            "eps_avg_yearly": 3.95,
            "eps_latest_yearly": 1.24,
            "eps_growth_yearly": 115.55
        },
        "20114": {
            "year_quarter": 20114,
            "year": 2011,
            "quarter": 4,
            "eps": -0.14,
            "eps_growth_year": -128,
            "eps_4q": 2.85,
            "eps_4q_growth_year": -35.66,
            "roe": -0.67,
            "roe_4q": 12.23,
            "gross_profit": 182261,
            "gross_margin": 44.21,
            "gross_margin_4q_avg": 44.59,
            "net_income": -29043,
            "revenue": 412233,
            "common_shares": 2105163,
            "book_valuer_per_share": 20.79,
            "book_valuer_per_share_4q_avg": 21.06,
            "equity": 4335848,
            "current_ratio": 479.58,
            "debt_ratio": 11.9,
            "inventory_turnover_ratio": 1.47,
            "account_receivable_turnover_ratio": 0.95,
            "reinvestment_rate": 20.16,
            "research_to_sale_ratio": 16.39,
            "price_fair": 135.71,
            "eps_avg_yearly": 3.88,
            "eps_latest_yearly": 1.24,
            "eps_growth_yearly": 130.7
        },
        "20121": {
            "year_quarter": 20121,
            "year": 2012,
            "quarter": 1,
            "eps": 0.03,
            "eps_growth_year": -94.74,
            "eps_4q": 2.28,
            "eps_4q_growth_year": -10.22,
            "roe": 0.15,
            "roe_4q": 9.64,
            "gross_profit": 152854,
            "gross_margin": 38.87,
            "gross_margin_4q_avg": 42.26,
            "net_income": 6393,
            "revenue": 393264,
            "common_shares": 2069453,
            "book_valuer_per_share": 20.78,
            "book_valuer_per_share_4q_avg": 20.68,
            "equity": 4301076,
            "current_ratio": 529.07,
            "debt_ratio": 10.69,
            "inventory_turnover_ratio": 1.61,
            "account_receivable_turnover_ratio": 1.04,
            "reinvestment_rate": 25.11,
            "research_to_sale_ratio": 13.85,
            "price_fair": 139.7,
            "eps_avg_yearly": 3.99,
            "eps_latest_yearly": 1.24,
            "eps_growth_yearly": 155.47
        },
        "20122": {
            "year_quarter": 20122,
            "year": 2012,
            "quarter": 2,
            "eps": -0.03,
            "eps_growth_year": -101.4,
            "eps_4q": 0.18,
            "eps_4q_growth_year": -95.89,
            "roe": -0.14,
            "roe_4q": 0.83,
            "gross_profit": 150216,
            "gross_margin": 45.45,
            "gross_margin_4q_avg": 42.09,
            "net_income": -5823,
            "revenue": 330541,
            "common_shares": 2069453,
            "book_valuer_per_share": 18.76,
            "book_valuer_per_share_4q_avg": 20.28,
            "equity": 3882562,
            "current_ratio": 335.29,
            "debt_ratio": 17.45,
            "inventory_turnover_ratio": 1.24,
            "account_receivable_turnover_ratio": 0.97,
            "reinvestment_rate": 16.42,
            "research_to_sale_ratio": 20.23,
            "price_fair": 140.11,
            "eps_avg_yearly": 4,
            "eps_latest_yearly": 1.24,
            "eps_growth_yearly": 146.38
        },
        "20123": {
            "year_quarter": 20123,
            "year": 2012,
            "quarter": 3,
            "eps": 0.05,
            "eps_growth_year": -84.61,
            "eps_4q": -0.09,
            "eps_4q_growth_year": -102.61,
            "roe": 0.25,
            "roe_4q": -0.41000000000000003,
            "gross_profit": 126775,
            "gross_margin": 43.92,
            "gross_margin_4q_avg": 43.11,
            "net_income": 9788,
            "revenue": 288658,
            "common_shares": 2069453,
            "book_valuer_per_share": 18.81,
            "book_valuer_per_share_4q_avg": 19.79,
            "equity": 3872625,
            "current_ratio": 640.06,
            "debt_ratio": 8.44,
            "inventory_turnover_ratio": 1.03,
            "account_receivable_turnover_ratio": 0.96,
            "reinvestment_rate": 17.41,
            "research_to_sale_ratio": 13.92,
            "price_fair": 138.48,
            "eps_avg_yearly": 3.96,
            "eps_latest_yearly": 1.24,
            "eps_growth_yearly": 152.33
        },
        "20124": {
            "year_quarter": 20124,
            "year": 2012,
            "quarter": 4,
            "eps": -0.04,
            "eps_growth_year": null,
            "eps_4q": 0.01,
            "eps_4q_growth_year": -99.71,
            "roe": -0.23,
            "roe_4q": 0.02999999999999997,
            "gross_profit": 143612,
            "gross_margin": 48.43,
            "gross_margin_4q_avg": 44.17,
            "net_income": -8689,
            "revenue": 296541,
            "common_shares": 2069453,
            "book_valuer_per_share": 18.77,
            "book_valuer_per_share_4q_avg": 19.28,
            "equity": 3838491,
            "current_ratio": 877.2,
            "debt_ratio": 6.14,
            "inventory_turnover_ratio": 0.98,
            "account_receivable_turnover_ratio": 1.12,
            "reinvestment_rate": 4.72,
            "research_to_sale_ratio": 21.63,
            "price_fair": 141.27,
            "eps_avg_yearly": 4.04,
            "eps_latest_yearly": 1.24,
            "eps_growth_yearly": 177.98
        },
        "20131": {
            "year_quarter": 20131,
            "year": 2013,
            "quarter": 1,
            "eps": -0.14,
            "eps_growth_year": -566.67,
            "eps_4q": -0.16,
            "eps_4q_growth_year": -107.23,
            "roe": -0.76,
            "roe_4q": -0.88,
            "gross_profit": 116224,
            "gross_margin": 41.41,
            "gross_margin_4q_avg": 44.8,
            "net_income": -28978,
            "revenue": 280663,
            "common_shares": 2069453,
            "book_valuer_per_share": 18.58,
            "book_valuer_per_share_4q_avg": 18.73,
            "equity": 3800463,
            "current_ratio": 742.33,
            "debt_ratio": 7.24,
            "inventory_turnover_ratio": 1.15,
            "account_receivable_turnover_ratio": 1.25,
            "reinvestment_rate": 5.18,
            "research_to_sale_ratio": 20.71,
            "price_fair": 144.34,
            "eps_avg_yearly": 4.12,
            "eps_latest_yearly": 1.24,
            "eps_growth_yearly": 194.74
        },
        "20132": {
            "year_quarter": 20132,
            "year": 2013,
            "quarter": 2,
            "eps": -0.27,
            "eps_growth_year": null,
            "eps_4q": -0.41,
            "eps_4q_growth_year": -330.19,
            "roe": -1.5,
            "roe_4q": -2.2399999999999998,
            "gross_profit": 101896,
            "gross_margin": 39.73,
            "gross_margin_4q_avg": 43.37,
            "net_income": -55869,
            "revenue": 256453,
            "common_shares": 2069453,
            "book_valuer_per_share": 17.92,
            "book_valuer_per_share_4q_avg": 18.52,
            "equity": 3664380,
            "current_ratio": 551.82,
            "debt_ratio": 9.8,
            "inventory_turnover_ratio": 1.06,
            "account_receivable_turnover_ratio": 1.34,
            "reinvestment_rate": 6.77,
            "research_to_sale_ratio": 22.92,
            "price_fair": 143.89,
            "eps_avg_yearly": 4.11,
            "eps_latest_yearly": 1.24,
            "eps_growth_yearly": 201.18
        },
        "20133": {
            "year_quarter": 20133,
            "year": 2013,
            "quarter": 3,
            "eps": -0.09,
            "eps_growth_year": -289.34,
            "eps_4q": -0.54,
            "eps_4q_growth_year": null,
            "roe": -0.48,
            "roe_4q": -2.97,
            "gross_profit": 101325,
            "gross_margin": 38.64,
            "gross_margin_4q_avg": 42.05,
            "net_income": -17575,
            "revenue": 262206,
            "common_shares": 2069453,
            "book_valuer_per_share": 17.82,
            "book_valuer_per_share_4q_avg": 18.27,
            "equity": 3644593,
            "current_ratio": 693.39,
            "debt_ratio": 7.19,
            "inventory_turnover_ratio": 1.18,
            "account_receivable_turnover_ratio": 1.24,
            "reinvestment_rate": 15.86,
            "research_to_sale_ratio": 19.72,
            "price_fair": 145.08,
            "eps_avg_yearly": 4.15,
            "eps_latest_yearly": 1.24,
            "eps_growth_yearly": 231.05
        },
        "20134": {
            "year_quarter": 20134,
            "year": 2013,
            "quarter": 4,
            "eps": -0.34,
            "eps_growth_year": null,
            "eps_4q": -0.84,
            "eps_4q_growth_year": -10452.61,
            "roe": -1.9,
            "roe_4q": -4.64,
            "gross_profit": 81195,
            "gross_margin": 31.16,
            "gross_margin_4q_avg": 37.74,
            "net_income": -68315,
            "revenue": 260589,
            "common_shares": 2069453,
            "book_valuer_per_share": 17.55,
            "book_valuer_per_share_4q_avg": 17.97,
            "equity": 3545692,
            "current_ratio": 580.52,
            "debt_ratio": 8.62,
            "inventory_turnover_ratio": 1.62,
            "account_receivable_turnover_ratio": 1.21,
            "reinvestment_rate": -89.34,
            "research_to_sale_ratio": 21.24,
            "price_fair": 148.4,
            "eps_avg_yearly": 4.24,
            "eps_latest_yearly": 1.24,
            "eps_growth_yearly": 269.41
        },
        "20141": {
            "year_quarter": 20141,
            "year": 2014,
            "quarter": 1,
            "eps": -0.11,
            "eps_growth_year": null,
            "eps_4q": -0.83,
            "eps_4q_growth_year": null,
            "roe": -0.64,
            "roe_4q": -4.52,
            "gross_profit": 96869,
            "gross_margin": 40.46,
            "gross_margin_4q_avg": 37.5,
            "net_income": -22253,
            "revenue": 239410,
            "common_shares": 2069453,
            "book_valuer_per_share": 17.57,
            "book_valuer_per_share_4q_avg": 17.72,
            "equity": 3455530,
            "current_ratio": 607.22,
            "debt_ratio": 8.03,
            "inventory_turnover_ratio": 1.47,
            "account_receivable_turnover_ratio": 1.28,
            "reinvestment_rate": -144.24,
            "research_to_sale_ratio": 23.93,
            "price_fair": 114.1,
            "eps_avg_yearly": 3.26,
            "eps_latest_yearly": 1.24,
            "eps_growth_yearly": 187.11
        },
        "20142": {
            "year_quarter": 20142,
            "year": 2014,
            "quarter": 2,
            "eps": -0.16,
            "eps_growth_year": null,
            "eps_4q": -0.71,
            "eps_4q_growth_year": null,
            "roe": -0.91,
            "roe_4q": -3.93,
            "gross_profit": 78519,
            "gross_margin": 40.34,
            "gross_margin_4q_avg": 37.65,
            "net_income": -31095,
            "revenue": 194643,
            "common_shares": 1991653,
            "book_valuer_per_share": 17.29,
            "book_valuer_per_share_4q_avg": 17.56,
            "equity": 3401361,
            "current_ratio": 532.85,
            "debt_ratio": 9.1,
            "inventory_turnover_ratio": 1.16,
            "account_receivable_turnover_ratio": 1.27,
            "reinvestment_rate": -173.72,
            "research_to_sale_ratio": 26.71,
            "price_fair": 127.4,
            "eps_avg_yearly": 3.64,
            "eps_latest_yearly": 1.24,
            "eps_growth_yearly": 293.78
        },
        "20143": {
            "year_quarter": 20143,
            "year": 2014,
            "quarter": 3,
            "eps": -0.21,
            "eps_growth_year": null,
            "eps_4q": -0.83,
            "eps_4q_growth_year": null,
            "roe": -1.23,
            "roe_4q": -4.68,
            "gross_profit": 70494,
            "gross_margin": 37.83,
            "gross_margin_4q_avg": 37.45,
            "net_income": -41526,
            "revenue": 186331,
            "common_shares": 1991653,
            "book_valuer_per_share": 17.1,
            "book_valuer_per_share_4q_avg": 17.38,
            "equity": 3364675,
            "current_ratio": 597.5,
            "debt_ratio": 7.9,
            "inventory_turnover_ratio": 1.12,
            "account_receivable_turnover_ratio": 1.52,
            "reinvestment_rate": -339.63,
            "research_to_sale_ratio": 26.98,
            "price_fair": 118.3,
            "eps_avg_yearly": 3.38,
            "eps_latest_yearly": 1.24,
            "eps_growth_yearly": 123.11
        },
        "20144": {
            "year_quarter": 20144,
            "year": 2014,
            "quarter": 4,
            "eps": -0.27,
            "eps_growth_year": null,
            "eps_4q": -0.75,
            "eps_4q_growth_year": null,
            "roe": -1.6,
            "roe_4q": -4.38,
            "gross_profit": 80793,
            "gross_margin": 42.04,
            "gross_margin_4q_avg": 40.17,
            "net_income": -53435,
            "revenue": 192204,
            "common_shares": 1991653,
            "book_valuer_per_share": 16.86,
            "book_valuer_per_share_4q_avg": 17.21,
            "equity": 3316228,
            "current_ratio": 605.45,
            "debt_ratio": 7.76,
            "inventory_turnover_ratio": 1.18,
            "account_receivable_turnover_ratio": 1.86,
            "reinvestment_rate": -606.49,
            "research_to_sale_ratio": 27.46,
            "price_fair": 134.4,
            "eps_avg_yearly": 3.84,
            "eps_latest_yearly": 1.24,
            "eps_growth_yearly": 240.5
        },
        "20151": {
            "year_quarter": 20151,
            "year": 2015,
            "quarter": 1,
            "eps": -0.42,
            "eps_growth_year": null,
            "eps_4q": -1.06,
            "eps_4q_growth_year": null,
            "roe": -2.62,
            "roe_4q": -6.360000000000001,
            "gross_profit": 234868,
            "gross_margin": 46.17,
            "gross_margin_4q_avg": 41.6,
            "net_income": -104750,
            "revenue": 508736,
            "common_shares": 1991653,
            "book_valuer_per_share": 16.45,
            "book_valuer_per_share_4q_avg": 16.93,
            "equity": 4669476,
            "current_ratio": 492.15,
            "debt_ratio": 11.45,
            "inventory_turnover_ratio": 1.27,
            "account_receivable_turnover_ratio": 3.2,
            "reinvestment_rate": -2174.75,
            "research_to_sale_ratio": 21.6,
            "price_fair": 161.7,
            "eps_avg_yearly": 4.62,
            "eps_latest_yearly": 1.24,
            "eps_growth_yearly": 332.75
        },
        "20152": {
            "year_quarter": 20152,
            "year": 2015,
            "quarter": 2,
            "eps": -0.35,
            "eps_growth_year": null,
            "eps_4q": -1.26,
            "eps_4q_growth_year": null,
            "roe": -1.51,
            "roe_4q": -6.960000000000001,
            "gross_profit": 249945,
            "gross_margin": 45.59,
            "gross_margin_4q_avg": 42.91,
            "net_income": -69055,
            "revenue": 548186,
            "common_shares": 1991653,
            "book_valuer_per_share": 16.05,
            "book_valuer_per_share_4q_avg": 16.62,
            "equity": 4482101,
            "current_ratio": 444.97,
            "debt_ratio": 12.5,
            "inventory_turnover_ratio": 0.89,
            "account_receivable_turnover_ratio": 2.46,
            "reinvestment_rate": null,
            "research_to_sale_ratio": 20.34,
            "price_fair": 3.72,
            "eps_avg_yearly": 1.24,
            "eps_latest_yearly": 1.24,
            "eps_growth_yearly": -338
        },
        "20153": {
            "year_quarter": 20153,
            "year": 2015,
            "quarter": 3,
            "eps": -0.27,
            "eps_growth_year": null,
            "eps_4q": -1.34,
            "eps_4q_growth_year": null,
            "roe": -0.94,
            "roe_4q": -6.67,
            "gross_profit": 265022,
            "gross_margin": 42.63,
            "gross_margin_4q_avg": 44.11,
            "net_income": -41559,
            "revenue": 621675,
            "common_shares": 1991653,
            "book_valuer_per_share": 15.94,
            "book_valuer_per_share_4q_avg": 16.33,
            "equity": 4402948,
            "current_ratio": 433.72,
            "debt_ratio": 12.82,
            "inventory_turnover_ratio": 1.13,
            "account_receivable_turnover_ratio": 2.35,
            "reinvestment_rate": null,
            "research_to_sale_ratio": 17.5,
            "price_fair": 0,
            "eps_avg_yearly": 0,
            "eps_latest_yearly": 0,
            "eps_growth_yearly": 0
        },
        "20154": {
            "year_quarter": 20154,
            "year": 2015,
            "quarter": 4,
            "eps": -0.35,
            "eps_growth_year": null,
            "eps_4q": -1.41,
            "eps_4q_growth_year": null,
            "roe": -1.63,
            "roe_4q": -6.7,
            "gross_profit": 255781,
            "gross_margin": 46.03,
            "gross_margin_4q_avg": 45.11,
            "net_income": -71279,
            "revenue": 555715,
            "common_shares": 1928923,
            "book_valuer_per_share": 15.63,
            "book_valuer_per_share_4q_avg": 16.02,
            "equity": 4326703,
            "current_ratio": 421.5,
            "debt_ratio": 13.28,
            "inventory_turnover_ratio": 1.01,
            "account_receivable_turnover_ratio": 1.92,
            "reinvestment_rate": null,
            "research_to_sale_ratio": 19.34,
            "price_fair": 0,
            "eps_avg_yearly": 0,
            "eps_latest_yearly": 0,
            "eps_growth_yearly": 0
        },
        "20161": {
            "year_quarter": 20161,
            "year": 2016,
            "quarter": 1,
            "eps": -0.25,
            "eps_growth_year": null,
            "eps_4q": -1.23,
            "eps_4q_growth_year": null,
            "roe": -1.1,
            "roe_4q": -5.18,
            "gross_profit": 262771,
            "gross_margin": 48.38,
            "gross_margin_4q_avg": 45.66,
            "net_income": -47183,
            "revenue": 543128,
            "common_shares": 1928923,
            "book_valuer_per_share": 15.38,
            "book_valuer_per_share_4q_avg": 15.75,
            "equity": 4267955,
            "current_ratio": 463.25,
            "debt_ratio": 11.88,
            "inventory_turnover_ratio": 0.95,
            "account_receivable_turnover_ratio": 1.96,
            "reinvestment_rate": null,
            "research_to_sale_ratio": 17.11,
            "price_fair": 0,
            "eps_avg_yearly": 0,
            "eps_latest_yearly": 0,
            "eps_growth_yearly": 0
        },
        "20162": {
            "year_quarter": 20162,
            "year": 2016,
            "quarter": 2,
            "eps": -0.12,
            "eps_growth_year": null,
            "eps_4q": -0.98,
            "eps_4q_growth_year": null,
            "roe": -0.01,
            "roe_4q": -3.68,
            "gross_profit": 342914,
            "gross_margin": 51.79,
            "gross_margin_4q_avg": 47.21,
            "net_income": -362,
            "revenue": 662078,
            "common_shares": 1928923,
            "book_valuer_per_share": 15.36,
            "book_valuer_per_share_4q_avg": 15.58,
            "equity": 4169561,
            "current_ratio": 398.96,
            "debt_ratio": 14.4,
            "inventory_turnover_ratio": 1.04,
            "account_receivable_turnover_ratio": 2.17,
            "reinvestment_rate": null,
            "research_to_sale_ratio": 16.32,
            "price_fair": 0,
            "eps_avg_yearly": 0,
            "eps_latest_yearly": 0,
            "eps_growth_yearly": 0
        },
        "20163": {
            "year_quarter": 20163,
            "year": 2016,
            "quarter": 3,
            "eps": -0.1,
            "eps_growth_year": null,
            "eps_4q": -0.82,
            "eps_4q_growth_year": null,
            "roe": 0.24,
            "roe_4q": -2.5,
            "gross_profit": 337723,
            "gross_margin": 49.44,
            "gross_margin_4q_avg": 48.91,
            "net_income": 10139,
            "revenue": 683100,
            "common_shares": 1928923,
            "book_valuer_per_share": 15.24,
            "book_valuer_per_share_4q_avg": 15.4,
            "equity": 4165501,
            "current_ratio": 395.48,
            "debt_ratio": 14.59,
            "inventory_turnover_ratio": 1.15,
            "account_receivable_turnover_ratio": 2.09,
            "reinvestment_rate": null,
            "research_to_sale_ratio": 14.89,
            "price_fair": 0,
            "eps_avg_yearly": 0,
            "eps_latest_yearly": 0,
            "eps_growth_yearly": 0
        },
        "20164": {
            "year_quarter": 20164,
            "year": 2016,
            "quarter": 4,
            "eps": -0.02,
            "eps_growth_year": null,
            "eps_4q": -0.49,
            "eps_4q_growth_year": null,
            "roe": 0.17,
            "roe_4q": -0.7000000000000001,
            "gross_profit": 322533,
            "gross_margin": 52.38,
            "gross_margin_4q_avg": 50.5,
            "net_income": 7149,
            "revenue": 615721,
            "common_shares": 1928923,
            "book_valuer_per_share": 15.24,
            "book_valuer_per_share_4q_avg": 15.31,
            "equity": 4180001,
            "current_ratio": 400.26,
            "debt_ratio": 14.6,
            "inventory_turnover_ratio": 1.02,
            "account_receivable_turnover_ratio": 2.04,
            "reinvestment_rate": null,
            "research_to_sale_ratio": 15.22,
            "price_fair": 0,
            "eps_avg_yearly": 0,
            "eps_latest_yearly": 0,
            "eps_growth_yearly": 0
        },
        "20171": {
            "year_quarter": 20171,
            "year": 2017,
            "quarter": 1,
            "eps": -0.19,
            "eps_growth_year": null,
            "eps_4q": -0.43,
            "eps_4q_growth_year": null,
            "roe": -0.86,
            "roe_4q": -0.45999999999999996,
            "gross_profit": 284055,
            "gross_margin": 52.57,
            "gross_margin_4q_avg": 51.55,
            "net_income": -35797,
            "revenue": 540319,
            "common_shares": 1928923,
            "book_valuer_per_share": 15.02,
            "book_valuer_per_share_4q_avg": 15.22,
            "equity": 4115432,
            "current_ratio": 466.75,
            "debt_ratio": 12.28,
            "inventory_turnover_ratio": 0.84,
            "account_receivable_turnover_ratio": 2,
            "reinvestment_rate": null,
            "research_to_sale_ratio": 17.18,
            "price_fair": 0,
            "eps_avg_yearly": 0,
            "eps_latest_yearly": 0,
            "eps_growth_yearly": 0
        },
        "20172": {
            "year_quarter": 20172,
            "year": 2017,
            "quarter": 2,
            "eps": -0.09,
            "eps_growth_year": null,
            "eps_4q": -0.41,
            "eps_4q_growth_year": null,
            "roe": -0.26,
            "roe_4q": -0.7100000000000001,
            "gross_profit": 306548,
            "gross_margin": 49.57,
            "gross_margin_4q_avg": 50.99,
            "net_income": -10718,
            "revenue": 618409,
            "common_shares": 1928923,
            "book_valuer_per_share": 14.85,
            "book_valuer_per_share_4q_avg": 15.09,
            "equity": 4029054,
            "current_ratio": 409.7,
            "debt_ratio": 13.95,
            "inventory_turnover_ratio": 0.96,
            "account_receivable_turnover_ratio": 2.1,
            "reinvestment_rate": null,
            "research_to_sale_ratio": 16.26,
            "price_fair": 0,
            "eps_avg_yearly": 0,
            "eps_latest_yearly": 0,
            "eps_growth_yearly": 0
        },
        "20173": {
            "year_quarter": 20173,
            "year": 2017,
            "quarter": 3,
            "eps": 0.05,
            "eps_growth_year": null,
            "eps_4q": -0.26,
            "eps_4q_growth_year": null,
            "roe": 0.76,
            "roe_4q": -0.18999999999999997,
            "gross_profit": 380681,
            "gross_margin": 52.44,
            "gross_margin_4q_avg": 51.74,
            "net_income": 30700,
            "revenue": 725900,
            "common_shares": 1928923,
            "book_valuer_per_share": 14.89,
            "book_valuer_per_share_4q_avg": 15,
            "equity": 4051074,
            "current_ratio": 424.69,
            "debt_ratio": 13.59,
            "inventory_turnover_ratio": 0.99,
            "account_receivable_turnover_ratio": 2.12,
            "reinvestment_rate": null,
            "research_to_sale_ratio": 15.96,
            "price_fair": 0,
            "eps_avg_yearly": 0,
            "eps_latest_yearly": 0,
            "eps_growth_yearly": 0
        },
        "20174": {
            "year_quarter": 20174,
            "year": 2017,
            "quarter": 4,
            "eps": -0.06,
            "eps_growth_year": null,
            "eps_4q": -0.3,
            "eps_4q_growth_year": null,
            "roe": -0.51,
            "roe_4q": -0.87,
            "gross_profit": 315013,
            "gross_margin": 50.16,
            "gross_margin_4q_avg": 51.19,
            "net_income": -20499,
            "revenue": 628061,
            "common_shares": 1928923,
            "book_valuer_per_share": 14.82,
            "book_valuer_per_share_4q_avg": 14.9,
            "equity": 4026850,
            "current_ratio": 427.6,
            "debt_ratio": 13.55,
            "inventory_turnover_ratio": 0.79,
            "account_receivable_turnover_ratio": 1.97,
            "reinvestment_rate": null,
            "research_to_sale_ratio": 17.27,
            "price_fair": 0,
            "eps_avg_yearly": 0,
            "eps_latest_yearly": 0,
            "eps_growth_yearly": 0
        },
        "20181": {
            "year_quarter": 20181,
            "year": 2018,
            "quarter": 1,
            "eps": -0.22,
            "eps_growth_year": null,
            "eps_4q": -0.32,
            "eps_4q_growth_year": null,
            "roe": -1.29,
            "roe_4q": -1.3,
            "gross_profit": 269139,
            "gross_margin": 50.64,
            "gross_margin_4q_avg": 50.7,
            "net_income": -51726,
            "revenue": 531512,
            "common_shares": 1928923,
            "book_valuer_per_share": 14.62,
            "book_valuer_per_share_4q_avg": 14.8,
            "equity": 3984073,
            "current_ratio": 468.94,
            "debt_ratio": 12.37,
            "inventory_turnover_ratio": 0.62,
            "account_receivable_turnover_ratio": 1.84,
            "reinvestment_rate": null,
            "research_to_sale_ratio": 18.58,
            "price_fair": 0,
            "eps_avg_yearly": 0,
            "eps_latest_yearly": 0,
            "eps_growth_yearly": 0
        },
        "20182": {
            "year_quarter": 20182,
            "year": 2018,
            "quarter": 2,
            "eps": -0.04,
            "eps_growth_year": null,
            "eps_4q": -0.27,
            "eps_4q_growth_year": null,
            "roe": 0.08,
            "roe_4q": -0.96,
            "gross_profit": 342372,
            "gross_margin": 46.58,
            "gross_margin_4q_avg": 49.96,
            "net_income": 3259,
            "revenue": 734973,
            "common_shares": 1928923,
            "book_valuer_per_share": 14.51,
            "book_valuer_per_share_4q_avg": 14.71,
            "equity": 3963152,
            "current_ratio": 405.47,
            "debt_ratio": 14.63,
            "inventory_turnover_ratio": 0.9,
            "account_receivable_turnover_ratio": 1.92,
            "reinvestment_rate": null,
            "research_to_sale_ratio": 14.16,
            "price_fair": 0,
            "eps_avg_yearly": 0,
            "eps_latest_yearly": 0,
            "eps_growth_yearly": 0
        },
        "20183": {
            "year_quarter": 20183,
            "year": 2018,
            "quarter": 3,
            "eps": 0.02,
            "eps_growth_year": -60,
            "eps_4q": -0.3,
            "eps_4q_growth_year": null,
            "roe": 0.34,
            "roe_4q": -1.38,
            "gross_profit": 365860,
            "gross_margin": 45.91,
            "gross_margin_4q_avg": 48.32,
            "net_income": 13671,
            "revenue": 796833,
            "common_shares": 1928923,
            "book_valuer_per_share": 14.54,
            "book_valuer_per_share_4q_avg": 14.62,
            "equity": 3976510,
            "current_ratio": 365.47,
            "debt_ratio": 16.45,
            "inventory_turnover_ratio": 0.91,
            "account_receivable_turnover_ratio": 1.79,
            "reinvestment_rate": null,
            "research_to_sale_ratio": 14.66,
            "price_fair": 0,
            "eps_avg_yearly": 0,
            "eps_latest_yearly": 0,
            "eps_growth_yearly": 0
        },
        "20184": {
            "year_quarter": 20184,
            "year": 2018,
            "quarter": 4,
            "eps": 0.26,
            "eps_growth_year": null,
            "eps_4q": 0.03,
            "eps_4q_growth_year": null,
            "roe": 1.55,
            "roe_4q": 0.6800000000000002,
            "gross_profit": 399679,
            "gross_margin": 54.17,
            "gross_margin_4q_avg": 49.33,
            "net_income": 62195,
            "revenue": 737816,
            "common_shares": 1928923,
            "book_valuer_per_share": 14.8,
            "book_valuer_per_share_4q_avg": 14.62,
            "equity": 4040981,
            "current_ratio": 403.44,
            "debt_ratio": 15.08,
            "inventory_turnover_ratio": 0.66,
            "account_receivable_turnover_ratio": 1.88,
            "reinvestment_rate": null,
            "research_to_sale_ratio": 11.06,
            "price_fair": 36.4,
            "eps_avg_yearly": 1.04,
            "eps_latest_yearly": 1.04,
            "eps_growth_yearly": 4800
        },
        "20191": {
            "year_quarter": 20191,
            "year": 2019,
            "quarter": 1,
            "eps": -0.27,
            "eps_growth_year": null,
            "eps_4q": -0.02,
            "eps_4q_growth_year": null,
            "roe": -1.99,
            "roe_4q": -0.01999999999999992,
            "gross_profit": 271348,
            "gross_margin": 40.97,
            "gross_margin_4q_avg": 46.91,
            "net_income": -79271,
            "revenue": 662369,
            "common_shares": 1928923,
            "book_valuer_per_share": 14.48,
            "book_valuer_per_share_4q_avg": 14.58,
            "equity": 3939089,
            "current_ratio": 422.65,
            "debt_ratio": 15.7,
            "inventory_turnover_ratio": 0.74,
            "account_receivable_turnover_ratio": 1.77,
            "reinvestment_rate": null,
            "research_to_sale_ratio": 16.05,
            "price_fair": 36.4,
            "eps_avg_yearly": 1.04,
            "eps_latest_yearly": 1.04,
            "eps_growth_yearly": 4800
        },
        "20192": {
            "year_quarter": 20192,
            "year": 2019,
            "quarter": 2,
            "eps": 0.08,
            "eps_growth_year": null,
            "eps_4q": 0.1,
            "eps_4q_growth_year": null,
            "roe": 0.96,
            "roe_4q": 0.8600000000000001,
            "gross_profit": 389786,
            "gross_margin": 52.07,
            "gross_margin_4q_avg": 48.28,
            "net_income": 37854,
            "revenue": 748627,
            "common_shares": 1928923,
            "book_valuer_per_share": 14.46,
            "book_valuer_per_share_4q_avg": 14.57,
            "equity": 3940258,
            "current_ratio": 371.52,
            "debt_ratio": 17.86,
            "inventory_turnover_ratio": 0.68,
            "account_receivable_turnover_ratio": 1.8,
            "reinvestment_rate": null,
            "research_to_sale_ratio": 15.08,
            "price_fair": 36.4,
            "eps_avg_yearly": 1.04,
            "eps_latest_yearly": 1.04,
            "eps_growth_yearly": 4800
        },
        "20193": {
            "year_quarter": 20193,
            "year": 2019,
            "quarter": 3,
            "eps": 0,
            "eps_growth_year": -100,
            "eps_4q": 0.07,
            "eps_4q_growth_year": null,
            "roe": 0.39,
            "roe_4q": 0.9100000000000001,
            "gross_profit": 383219,
            "gross_margin": 50.74,
            "gross_margin_4q_avg": 49.49,
            "net_income": 15501,
            "revenue": 755222,
            "common_shares": 1928923,
            "book_valuer_per_share": 14.46,
            "book_valuer_per_share_4q_avg": 14.55,
            "equity": 3956577,
            "current_ratio": 398.09,
            "debt_ratio": 16.82,
            "inventory_turnover_ratio": 0.74,
            "account_receivable_turnover_ratio": 1.75,
            "reinvestment_rate": null,
            "research_to_sale_ratio": 14.46,
            "price_fair": 36.4,
            "eps_avg_yearly": 1.04,
            "eps_latest_yearly": 1.04,
            "eps_growth_yearly": 4800
        },
        "20194": {
            "year_quarter": 20194,
            "year": 2019,
            "quarter": 4,
            "eps": 0.2,
            "eps_growth_year": -21.32,
            "eps_4q": 0.02,
            "eps_4q_growth_year": -30.1,
            "roe": 1.63,
            "roe_4q": 0.99,
            "gross_profit": 440883,
            "gross_margin": 56.46,
            "gross_margin_4q_avg": 50.06,
            "net_income": 64941,
            "revenue": 780929,
            "common_shares": 1928923,
            "book_valuer_per_share": 14.65,
            "book_valuer_per_share_4q_avg": 14.51,
            "equity": 4017421,
            "current_ratio": 386.54,
            "debt_ratio": 17.23,
            "inventory_turnover_ratio": 0.69,
            "account_receivable_turnover_ratio": 1.91,
            "reinvestment_rate": null,
            "research_to_sale_ratio": 13.76,
            "price_fair": 36.4,
            "eps_avg_yearly": 1.04,
            "eps_latest_yearly": 1.04,
            "eps_growth_yearly": 4800
        },
        "20201": {
            "year_quarter": 20201,
            "year": 2020,
            "quarter": 1,
            "eps": 0.03,
            "eps_growth_year": null,
            "eps_4q": 0.32,
            "eps_4q_growth_year": null,
            "roe": 0.26,
            "roe_4q": 3.2399999999999998,
            "gross_profit": 348856,
            "gross_margin": 52.6,
            "gross_margin_4q_avg": 52.97,
            "net_income": 10299,
            "revenue": 663179,
            "common_shares": 1928923,
            "book_valuer_per_share": 14.69,
            "book_valuer_per_share_4q_avg": 14.57,
            "equity": 4030184,
            "current_ratio": 461.89,
            "debt_ratio": 14.56,
            "inventory_turnover_ratio": 0.66,
            "account_receivable_turnover_ratio": 1.56,
            "reinvestment_rate": null,
            "research_to_sale_ratio": 15.6,
            "price_fair": 20.3,
            "eps_avg_yearly": 0.58,
            "eps_latest_yearly": 0.12,
            "eps_growth_yearly": 2230
        },
        "20202": {
            "year_quarter": 20202,
            "year": 2020,
            "quarter": 2,
            "eps": 0.81,
            "eps_growth_year": 912.5,
            "eps_4q": 1.05,
            "eps_4q_growth_year": 957.89,
            "roe": 4.62,
            "roe_4q": 6.8999999999999995,
            "gross_profit": 583229,
            "gross_margin": 52.57,
            "gross_margin_4q_avg": 53.09,
            "net_income": 188502,
            "revenue": 1109470,
            "common_shares": 1928923,
            "book_valuer_per_share": 15.42,
            "book_valuer_per_share_4q_avg": 14.81,
            "equity": 4136420,
            "current_ratio": 305.47,
            "debt_ratio": 22.64,
            "inventory_turnover_ratio": 1,
            "account_receivable_turnover_ratio": 1.97,
            "reinvestment_rate": -185.79,
            "research_to_sale_ratio": 10.2,
            "price_fair": 51.33,
            "eps_avg_yearly": 1.47,
            "eps_latest_yearly": 3.24,
            "eps_growth_yearly": 4953.33
        },
        "20203": {
            "year_quarter": 20203,
            "year": 2020,
            "quarter": 3,
            "eps": 4.01,
            "eps_growth_year": null,
            "eps_4q": 5.02,
            "eps_4q_growth_year": 6691.17,
            "roe": 21.32,
            "roe_4q": 27.830000000000002,
            "gross_profit": 1718782,
            "gross_margin": 55.75,
            "gross_margin_4q_avg": 54.35,
            "net_income": 995295,
            "revenue": 3082805,
            "common_shares": 1928923,
            "book_valuer_per_share": 19.53,
            "book_valuer_per_share_4q_avg": 16.07,
            "equity": 5201755,
            "current_ratio": 217.05,
            "debt_ratio": 35.91,
            "inventory_turnover_ratio": 1.41,
            "account_receivable_turnover_ratio": 2.45,
            "reinvestment_rate": -16.79,
            "research_to_sale_ratio": 5.63,
            "price_fair": 178.85,
            "eps_avg_yearly": 5.11,
            "eps_latest_yearly": 16.04,
            "eps_growth_yearly": 4110.06
        },
        "20204": {
            "year_quarter": 20204,
            "year": 2020,
            "quarter": 4,
            "eps": 1.57,
            "eps_growth_year": 669.94,
            "eps_4q": 6.39,
            "eps_4q_growth_year": 34363.67,
            "roe": 7.76,
            "roe_4q": 33.959999999999994,
            "gross_profit": 1139612,
            "gross_margin": 51.9,
            "gross_margin_4q_avg": 53.21,
            "net_income": 423595,
            "revenue": 2195691,
            "common_shares": 1928923,
            "book_valuer_per_share": 21.43,
            "book_valuer_per_share_4q_avg": 17.77,
            "equity": 5719177,
            "current_ratio": 273.21,
            "debt_ratio": 28.49,
            "inventory_turnover_ratio": 0.79,
            "account_receivable_turnover_ratio": 1.43,
            "reinvestment_rate": -9.23,
            "research_to_sale_ratio": 6.13,
            "price_fair": 187.04,
            "eps_avg_yearly": 5.34,
            "eps_latest_yearly": 6.28,
            "eps_growth_yearly": 3239.37
        },
        "20211": {
            "year_quarter": 20211,
            "year": 2021,
            "quarter": 1,
            "eps": 0.46,
            "eps_growth_year": 1433.33,
            "eps_4q": 7.09,
            "eps_4q_growth_year": 2136.82,
            "roe": 3.35,
            "roe_4q": 37.05,
            "gross_profit": 680669,
            "gross_margin": 53.14,
            "gross_margin_4q_avg": 53.34,
            "net_income": 189031,
            "revenue": 1280843,
            "common_shares": 1928923,
            "book_valuer_per_share": 21.9,
            "book_valuer_per_share_4q_avg": 19.57,
            "equity": 5579014,
            "current_ratio": 283.13,
            "debt_ratio": 26.76,
            "inventory_turnover_ratio": 0.41,
            "account_receivable_turnover_ratio": 1.25,
            "reinvestment_rate": -2.54,
            "research_to_sale_ratio": 11.58,
            "price_fair": 166.6,
            "eps_avg_yearly": 4.76,
            "eps_latest_yearly": 1.84,
            "eps_growth_yearly": 2652.34
        },
        "20212": {
            "year_quarter": 20212,
            "year": 2021,
            "quarter": 2,
            "eps": 0.21,
            "eps_growth_year": -74.07,
            "eps_4q": 6.95,
            "eps_4q_growth_year": 560.04,
            "roe": 2.51,
            "roe_4q": 34.94,
            "gross_profit": 622608,
            "gross_margin": 48.53,
            "gross_margin_4q_avg": 52.33,
            "net_income": 134071,
            "revenue": 1282959,
            "common_shares": 1928923,
            "book_valuer_per_share": 22.02,
            "book_valuer_per_share_4q_avg": 21.22,
            "equity": 5097159,
            "current_ratio": 280,
            "debt_ratio": 25.44,
            "inventory_turnover_ratio": 0.42,
            "account_receivable_turnover_ratio": 1.71,
            "reinvestment_rate": -1.62,
            "research_to_sale_ratio": 12.2,
            "price_fair": 147,
            "eps_avg_yearly": 4.2,
            "eps_latest_yearly": 0.84,
            "eps_growth_yearly": 2242.38
        },
        "20213": {
            "year_quarter": 20213,
            "year": 2021,
            "quarter": 3,
            "eps": -0.38,
            "eps_growth_year": -109.48,
            "eps_4q": 2.7,
            "eps_4q_growth_year": -46.21,
            "roe": 0.67,
            "roe_4q": 14.29,
            "gross_profit": 505403,
            "gross_margin": 44.38,
            "gross_margin_4q_avg": 49.49,
            "net_income": 31185,
            "revenue": 1138870,
            "common_shares": 1543139,
            "book_valuer_per_share": 21.96,
            "book_valuer_per_share_4q_avg": 21.83,
            "equity": 4179984,
            "current_ratio": 182.34,
            "debt_ratio": 37.8,
            "inventory_turnover_ratio": 0.41,
            "account_receivable_turnover_ratio": 1.69,
            "reinvestment_rate": -0.13,
            "research_to_sale_ratio": 12.6,
            "price_fair": 147,
            "eps_avg_yearly": 4.2,
            "eps_latest_yearly": 0.84,
            "eps_growth_yearly": 2242.38
        },
        "20214": {
            "year_quarter": 20214,
            "year": 2021,
            "quarter": 4,
            "eps": -0.17,
            "eps_growth_year": -110.99,
            "eps_4q": 0.31,
            "eps_4q_growth_year": -95.14,
            "roe": 0.35,
            "roe_4q": 6.88,
            "gross_profit": 520124,
            "gross_margin": 51.4,
            "gross_margin_4q_avg": 49.36,
            "net_income": 14609,
            "revenue": 1011946,
            "common_shares": 1543139,
            "book_valuer_per_share": 21.78,
            "book_valuer_per_share_4q_avg": 21.92,
            "equity": 4193696,
            "current_ratio": 202.32,
            "debt_ratio": 33.5,
            "inventory_turnover_ratio": 0.35,
            "account_receivable_turnover_ratio": 1.77,
            "reinvestment_rate": 0.49,
            "research_to_sale_ratio": 12.28,
            "price_fair": 147,
            "eps_avg_yearly": 4.2,
            "eps_latest_yearly": 0.84,
            "eps_growth_yearly": 2242.38
        },
        "20221": {
            "year_quarter": 20221,
            "year": 2022,
            "quarter": 1,
            "eps": 0.13,
            "eps_growth_year": -71.74,
            "eps_4q": -0.2,
            "eps_4q_growth_year": -102.75,
            "roe": 1.39,
            "roe_4q": 4.92,
            "gross_profit": 453283,
            "gross_margin": 48.14,
            "gross_margin_4q_avg": 48.11,
            "net_income": 58975,
            "revenue": 941567,
            "common_shares": 1543139,
            "book_valuer_per_share": 21.96,
            "book_valuer_per_share_4q_avg": 21.93,
            "equity": 4264026,
            "current_ratio": 206.64,
            "debt_ratio": 32.91,
            "inventory_turnover_ratio": 0.38,
            "account_receivable_turnover_ratio": 1.86,
            "reinvestment_rate": 1.29,
            "research_to_sale_ratio": 15.65,
            "price_fair": 147,
            "eps_avg_yearly": 4.2,
            "eps_latest_yearly": 0.84,
            "eps_growth_yearly": 2242.38
        },
        "20222": {
            "year_quarter": 20222,
            "year": 2022,
            "quarter": 2,
            "eps": 0.26,
            "eps_growth_year": 23.81,
            "eps_4q": -0.19,
            "eps_4q_growth_year": -102.78,
            "roe": 2.44,
            "roe_4q": 4.85,
            "gross_profit": 593965,
            "gross_margin": 51.58,
            "gross_margin_4q_avg": 48.88,
            "net_income": 103246,
            "revenue": 1151633,
            "common_shares": 1584289,
            "book_valuer_per_share": 21.48,
            "book_valuer_per_share_4q_avg": 21.8,
            "equity": 4182791,
            "current_ratio": 184.09,
            "debt_ratio": 37.73,
            "inventory_turnover_ratio": 0.45,
            "account_receivable_turnover_ratio": 1.92,
            "reinvestment_rate": 1.93,
            "research_to_sale_ratio": 14.65,
            "price_fair": 133.18,
            "eps_avg_yearly": 3.81,
            "eps_latest_yearly": 1.04,
            "eps_growth_yearly": 2012.08
        },
        "20223": {
            "year_quarter": 20223,
            "year": 2022,
            "quarter": 3,
            "eps": 0.07,
            "eps_growth_year": null,
            "eps_4q": 0.28,
            "eps_4q_growth_year": -89.51,
            "roe": 1.39,
            "roe_4q": 5.569999999999999,
            "gross_profit": 481288,
            "gross_margin": 48.36,
            "gross_margin_4q_avg": 49.87,
            "net_income": 58644,
            "revenue": 995290,
            "common_shares": 1584289,
            "book_valuer_per_share": 21.69,
            "book_valuer_per_share_4q_avg": 21.73,
            "equity": 4272989,
            "current_ratio": 207.24,
            "debt_ratio": 32.92,
            "inventory_turnover_ratio": 0.42,
            "account_receivable_turnover_ratio": 1.38,
            "reinvestment_rate": 1.41,
            "research_to_sale_ratio": 15.55,
            "price_fair": 119.47,
            "eps_avg_yearly": 3.41,
            "eps_latest_yearly": 0.28,
            "eps_growth_yearly": 1756.04
        },
        "20224": {
            "year_quarter": 20224,
            "year": 2022,
            "quarter": 4,
            "eps": -0.23,
            "eps_growth_year": null,
            "eps_4q": 0.22,
            "eps_4q_growth_year": -29.07,
            "roe": -0.54,
            "roe_4q": 4.68,
            "gross_profit": 451339,
            "gross_margin": 50.98,
            "gross_margin_4q_avg": 49.77,
            "net_income": -23156,
            "revenue": 885409,
            "common_shares": 1582389,
            "book_valuer_per_share": 21.51,
            "book_valuer_per_share_4q_avg": 21.66,
            "equity": 4248916,
            "current_ratio": 210.7,
            "debt_ratio": 32.97,
            "inventory_turnover_ratio": 0.4,
            "account_receivable_turnover_ratio": 1.52,
            "reinvestment_rate": 10.33,
            "research_to_sale_ratio": 17.55,
            "price_fair": 129.85,
            "eps_avg_yearly": 3.71,
            "eps_latest_yearly": 0.28,
            "eps_growth_yearly": 1375.54
        },
        "20231": {
            "year_quarter": 20231,
            "year": 2023,
            "quarter": 1,
            "eps": -0.37,
            "eps_growth_year": -384.62,
            "eps_4q": -0.26,
            "eps_4q_growth_year": null,
            "roe": -1.43,
            "roe_4q": 1.8599999999999999,
            "gross_profit": 367373,
            "gross_margin": 52.2,
            "gross_margin_4q_avg": 50.78,
            "net_income": -60214,
            "revenue": 703755,
            "common_shares": 1582389,
            "book_valuer_per_share": 21.31,
            "book_valuer_per_share_4q_avg": 21.5,
            "equity": 4156297,
            "current_ratio": 218.46,
            "debt_ratio": 31.82,
            "inventory_turnover_ratio": 0.35,
            "account_receivable_turnover_ratio": 1.77,
            "reinvestment_rate": 7.43,
            "research_to_sale_ratio": 21.29,
            "price_fair": 129.85,
            "eps_avg_yearly": 3.71,
            "eps_latest_yearly": 0.28,
            "eps_growth_yearly": 1375.54
        }
    },
    "months": {
        "2001-06": {
            "month": "2001-06",
            "price": "25.34",
            "revenue": 48652
        },
        "2001-07": {
            "month": "2001-07",
            "price": "17.10",
            "revenue": 57348
        },
        "2001-08": {
            "month": "2001-08",
            "price": "15.98",
            "revenue": 84172
        },
        "2001-09": {
            "month": "2001-09",
            "price": "14.14",
            "revenue": 72704
        },
        "2001-10": {
            "month": "2001-10",
            "price": "14.72",
            "revenue": 154190
        },
        "2001-11": {
            "month": "2001-11",
            "price": "23.14",
            "revenue": 142692
        },
        "2001-12": {
            "month": "2001-12",
            "price": "32.80",
            "revenue": 113229
        },
        "2002-01": {
            "month": "2002-01",
            "price": "33.93",
            "revenue": 109736
        },
        "2002-02": {
            "month": "2002-02",
            "price": "29.89",
            "revenue": 102455
        },
        "2002-03": {
            "month": "2002-03",
            "price": "29.81",
            "revenue": 116053
        },
        "2002-04": {
            "month": "2002-04",
            "price": "29.90",
            "revenue": 83311
        },
        "2002-05": {
            "month": "2002-05",
            "price": "25.24",
            "revenue": 122532
        },
        "2002-06": {
            "month": "2002-06",
            "price": "25.99",
            "revenue": 82054
        },
        "2002-07": {
            "month": "2002-07",
            "price": "20.68",
            "revenue": 81994
        },
        "2002-08": {
            "month": "2002-08",
            "price": "20.75",
            "revenue": 72257
        },
        "2002-09": {
            "month": "2002-09",
            "price": "21.23",
            "revenue": 124285
        },
        "2002-10": {
            "month": "2002-10",
            "price": "22.18",
            "revenue": 131974
        },
        "2002-11": {
            "month": "2002-11",
            "price": "22.36",
            "revenue": 165972
        },
        "2002-12": {
            "month": "2002-12",
            "price": "21.88",
            "revenue": 129140
        },
        "2003-01": {
            "month": "2003-01",
            "price": "23.17",
            "revenue": 156415
        },
        "2003-02": {
            "month": "2003-02",
            "price": "23.61",
            "revenue": 142975
        },
        "2003-03": {
            "month": "2003-03",
            "price": "26.25",
            "revenue": 152049
        },
        "2003-04": {
            "month": "2003-04",
            "price": "25.63",
            "revenue": 143104
        },
        "2003-05": {
            "month": "2003-05",
            "price": "26.63",
            "revenue": 172310
        },
        "2003-06": {
            "month": "2003-06",
            "price": "34.69",
            "revenue": 173584
        },
        "2003-07": {
            "month": "2003-07",
            "price": "35.18",
            "revenue": 227196
        },
        "2003-08": {
            "month": "2003-08",
            "price": "32.65",
            "revenue": 132360
        },
        "2003-09": {
            "month": "2003-09",
            "price": "32.22",
            "revenue": 178287
        },
        "2003-10": {
            "month": "2003-10",
            "price": "32.14",
            "revenue": 210246
        },
        "2003-11": {
            "month": "2003-11",
            "price": "32.98",
            "revenue": 200030
        },
        "2003-12": {
            "month": "2003-12",
            "price": "33.70",
            "revenue": 183162
        },
        "2004-01": {
            "month": "2004-01",
            "price": "35.68",
            "revenue": 229265
        },
        "2004-02": {
            "month": "2004-02",
            "price": "40.56",
            "revenue": 232529
        },
        "2004-03": {
            "month": "2004-03",
            "price": "38.41",
            "revenue": 227825
        },
        "2004-04": {
            "month": "2004-04",
            "price": "38.01",
            "revenue": 205779
        },
        "2004-05": {
            "month": "2004-05",
            "price": "32.42",
            "revenue": 183814
        },
        "2004-06": {
            "month": "2004-06",
            "price": "33.44",
            "revenue": 126513
        },
        "2004-07": {
            "month": "2004-07",
            "price": "26.79",
            "revenue": 168655
        },
        "2004-08": {
            "month": "2004-08",
            "price": "25.09",
            "revenue": 190483
        },
        "2004-09": {
            "month": "2004-09",
            "price": "25.99",
            "revenue": 226569
        },
        "2004-10": {
            "month": "2004-10",
            "price": "27.33",
            "revenue": 236825
        },
        "2004-11": {
            "month": "2004-11",
            "price": "27.79",
            "revenue": 245646
        },
        "2004-12": {
            "month": "2004-12",
            "price": "28.74",
            "revenue": 233004
        },
        "2005-01": {
            "month": "2005-01",
            "price": "28.39",
            "revenue": 231579
        },
        "2005-02": {
            "month": "2005-02",
            "price": "30.81",
            "revenue": 170331
        },
        "2005-03": {
            "month": "2005-03",
            "price": "32.54",
            "revenue": 221716
        },
        "2005-04": {
            "month": "2005-04",
            "price": "30.75",
            "revenue": 202218
        },
        "2005-05": {
            "month": "2005-05",
            "price": "29.64",
            "revenue": 178071
        },
        "2005-06": {
            "month": "2005-06",
            "price": "31.53",
            "revenue": 141982
        },
        "2005-07": {
            "month": "2005-07",
            "price": "28.93",
            "revenue": 168358
        },
        "2005-08": {
            "month": "2005-08",
            "price": "27.22",
            "revenue": 193085
        },
        "2005-09": {
            "month": "2005-09",
            "price": "24.95",
            "revenue": 244589
        },
        "2005-10": {
            "month": "2005-10",
            "price": "25.93",
            "revenue": 329766
        },
        "2005-11": {
            "month": "2005-11",
            "price": "34.84",
            "revenue": 306316
        },
        "2005-12": {
            "month": "2005-12",
            "price": "42.43",
            "revenue": 242637
        },
        "2006-01": {
            "month": "2006-01",
            "price": "50.92",
            "revenue": 224749
        },
        "2006-02": {
            "month": "2006-02",
            "price": "46.51",
            "revenue": 215292
        },
        "2006-03": {
            "month": "2006-03",
            "price": "44.78",
            "revenue": 260829
        },
        "2006-04": {
            "month": "2006-04",
            "price": "48.12",
            "revenue": 203504
        },
        "2006-05": {
            "month": "2006-05",
            "price": "47.57",
            "revenue": 251354
        },
        "2006-06": {
            "month": "2006-06",
            "price": "39.82",
            "revenue": 225712
        },
        "2006-07": {
            "month": "2006-07",
            "price": "35.56",
            "revenue": 249027
        },
        "2006-08": {
            "month": "2006-08",
            "price": "34.88",
            "revenue": 280460
        },
        "2006-09": {
            "month": "2006-09",
            "price": "36.12",
            "revenue": 309476
        },
        "2006-10": {
            "month": "2006-10",
            "price": "35.85",
            "revenue": 308893
        },
        "2006-11": {
            "month": "2006-11",
            "price": "39.66",
            "revenue": 230017
        },
        "2006-12": {
            "month": "2006-12",
            "price": "37.90",
            "revenue": 304446
        },
        "2007-01": {
            "month": "2007-01",
            "price": "41.53",
            "revenue": 280144
        },
        "2007-02": {
            "month": "2007-02",
            "price": "41.19",
            "revenue": 246350
        },
        "2007-03": {
            "month": "2007-03",
            "price": "40.98",
            "revenue": 321386
        },
        "2007-04": {
            "month": "2007-04",
            "price": "47.44",
            "revenue": 313769
        },
        "2007-05": {
            "month": "2007-05",
            "price": "48.32",
            "revenue": 318348
        },
        "2007-06": {
            "month": "2007-06",
            "price": "52.54",
            "revenue": 325258
        },
        "2007-07": {
            "month": "2007-07",
            "price": "60.42",
            "revenue": 361776
        },
        "2007-08": {
            "month": "2007-08",
            "price": "60.91",
            "revenue": 485725
        },
        "2007-09": {
            "month": "2007-09",
            "price": "68.79",
            "revenue": 437220
        },
        "2007-10": {
            "month": "2007-10",
            "price": "79.45",
            "revenue": 366644
        },
        "2007-11": {
            "month": "2007-11",
            "price": "73.40",
            "revenue": 303763
        },
        "2007-12": {
            "month": "2007-12",
            "price": "64.22",
            "revenue": 334546
        },
        "2008-01": {
            "month": "2008-01",
            "price": "51.14",
            "revenue": 293909
        },
        "2008-02": {
            "month": "2008-02",
            "price": "45.50",
            "revenue": 352445
        },
        "2008-03": {
            "month": "2008-03",
            "price": "51.46",
            "revenue": 348125
        },
        "2008-04": {
            "month": "2008-04",
            "price": "55.70",
            "revenue": 403182
        },
        "2008-05": {
            "month": "2008-05",
            "price": "56.90",
            "revenue": 451440
        },
        "2008-06": {
            "month": "2008-06",
            "price": "56.61",
            "revenue": 424086
        },
        "2008-07": {
            "month": "2008-07",
            "price": "44.05",
            "revenue": 428760
        },
        "2008-08": {
            "month": "2008-08",
            "price": "42.68",
            "revenue": 518364
        },
        "2008-09": {
            "month": "2008-09",
            "price": "32.51",
            "revenue": 432113
        },
        "2008-10": {
            "month": "2008-10",
            "price": "20.89",
            "revenue": 469759
        },
        "2008-11": {
            "month": "2008-11",
            "price": "20.59",
            "revenue": 407677
        },
        "2008-12": {
            "month": "2008-12",
            "price": "22.03",
            "revenue": 357009
        },
        "2009-01": {
            "month": "2009-01",
            "price": "22.91",
            "revenue": 351124
        },
        "2009-02": {
            "month": "2009-02",
            "price": "25.21",
            "revenue": 395124
        },
        "2009-03": {
            "month": "2009-03",
            "price": "29.91",
            "revenue": 393755
        },
        "2009-04": {
            "month": "2009-04",
            "price": "33.22",
            "revenue": 343224
        },
        "2009-05": {
            "month": "2009-05",
            "price": "37.49",
            "revenue": 341694
        },
        "2009-06": {
            "month": "2009-06",
            "price": "34.11",
            "revenue": 435549
        },
        "2009-07": {
            "month": "2009-07",
            "price": "36.88",
            "revenue": 390055
        },
        "2009-08": {
            "month": "2009-08",
            "price": "39.34",
            "revenue": 364903
        },
        "2009-09": {
            "month": "2009-09",
            "price": "40.80",
            "revenue": 436448
        },
        "2009-10": {
            "month": "2009-10",
            "price": "40.90",
            "revenue": 469329
        },
        "2009-11": {
            "month": "2009-11",
            "price": "42.11",
            "revenue": 497492
        },
        "2009-12": {
            "month": "2009-12",
            "price": "43.26",
            "revenue": 501622
        },
        "2010-01": {
            "month": "2010-01",
            "price": "43.00",
            "revenue": 564693
        },
        "2010-02": {
            "month": "2010-02",
            "price": "39.93",
            "revenue": 461945
        },
        "2010-03": {
            "month": "2010-03",
            "price": "43.42",
            "revenue": 570785
        },
        "2010-04": {
            "month": "2010-04",
            "price": "45.21",
            "revenue": 457311
        },
        "2010-05": {
            "month": "2010-05",
            "price": "44.21",
            "revenue": 446003
        },
        "2010-06": {
            "month": "2010-06",
            "price": "42.61",
            "revenue": 566958
        },
        "2010-07": {
            "month": "2010-07",
            "price": "41.74",
            "revenue": 439953
        },
        "2010-08": {
            "month": "2010-08",
            "price": "42.40",
            "revenue": 591300
        },
        "2010-09": {
            "month": "2010-09",
            "price": "41.57",
            "revenue": 553546
        },
        "2010-10": {
            "month": "2010-10",
            "price": "39.75",
            "revenue": 426705
        },
        "2010-11": {
            "month": "2010-11",
            "price": "39.20",
            "revenue": 438442
        },
        "2010-12": {
            "month": "2010-12",
            "price": "40.78",
            "revenue": 330013
        },
        "2011-01": {
            "month": "2011-01",
            "price": "39.76",
            "revenue": 327257
        },
        "2011-02": {
            "month": "2011-02",
            "price": "36.14",
            "revenue": 277313
        },
        "2011-03": {
            "month": "2011-03",
            "price": "36.17",
            "revenue": 378164
        },
        "2011-04": {
            "month": "2011-04",
            "price": "37.28",
            "revenue": 204393
        },
        "2011-05": {
            "month": "2011-05",
            "price": "36.35",
            "revenue": 190479
        },
        "2011-06": {
            "month": "2011-06",
            "price": "36.12",
            "revenue": 211972
        },
        "2011-07": {
            "month": "2011-07",
            "price": "30.86",
            "revenue": 137299
        },
        "2011-08": {
            "month": "2011-08",
            "price": "24.25",
            "revenue": 219128
        },
        "2011-09": {
            "month": "2011-09",
            "price": "27.07",
            "revenue": 157988
        },
        "2011-10": {
            "month": "2011-10",
            "price": "27.51",
            "revenue": 151520
        },
        "2011-11": {
            "month": "2011-11",
            "price": "24.68",
            "revenue": 154666
        },
        "2011-12": {
            "month": "2011-12",
            "price": "23.32",
            "revenue": 118325
        },
        "2012-01": {
            "month": "2012-01",
            "price": "24.85",
            "revenue": 144469
        },
        "2012-02": {
            "month": "2012-02",
            "price": "29.08",
            "revenue": 115763
        },
        "2012-03": {
            "month": "2012-03",
            "price": "29.19",
            "revenue": 130909
        },
        "2012-04": {
            "month": "2012-04",
            "price": "24.65",
            "revenue": 119824
        },
        "2012-05": {
            "month": "2012-05",
            "price": "23.59",
            "revenue": 116304
        },
        "2012-06": {
            "month": "2012-06",
            "price": "23.06",
            "revenue": 95730
        },
        "2012-07": {
            "month": "2012-07",
            "price": "19.89",
            "revenue": 102331
        },
        "2012-08": {
            "month": "2012-08",
            "price": "18.34",
            "revenue": 89604
        },
        "2012-09": {
            "month": "2012-09",
            "price": "17.90",
            "revenue": 97897
        },
        "2012-10": {
            "month": "2012-10",
            "price": "16.42",
            "revenue": 100186
        },
        "2012-11": {
            "month": "2012-11",
            "price": "13.90",
            "revenue": 99819
        },
        "2012-12": {
            "month": "2012-12",
            "price": "15.66",
            "revenue": 87619
        },
        "2013-01": {
            "month": "2013-01",
            "price": "14.90",
            "revenue": 100634
        },
        "2013-02": {
            "month": "2013-02",
            "price": "14.21",
            "revenue": 95696
        },
        "2013-03": {
            "month": "2013-03",
            "price": "14.30",
            "revenue": 85612
        },
        "2013-04": {
            "month": "2013-04",
            "price": "13.49",
            "revenue": 78516
        },
        "2013-05": {
            "month": "2013-05",
            "price": "13.68",
            "revenue": 77260
        },
        "2013-06": {
            "month": "2013-06",
            "price": "13.73",
            "revenue": 94703
        },
        "2013-07": {
            "month": "2013-07",
            "price": "12.85",
            "revenue": 93657
        },
        "2013-08": {
            "month": "2013-08",
            "price": "12.54",
            "revenue": 82859
        },
        "2013-09": {
            "month": "2013-09",
            "price": "12.62",
            "revenue": 92774
        },
        "2013-10": {
            "month": "2013-10",
            "price": "12.93",
            "revenue": 82047
        },
        "2013-11": {
            "month": "2013-11",
            "price": "12.47",
            "revenue": 88899
        },
        "2013-12": {
            "month": "2013-12",
            "price": "12.54",
            "revenue": 90162
        },
        "2014-01": {
            "month": "2014-01",
            "price": "13.55",
            "revenue": 86818
        },
        "2014-02": {
            "month": "2014-02",
            "price": "13.38",
            "revenue": 76112
        },
        "2014-03": {
            "month": "2014-03",
            "price": "13.64",
            "revenue": 77520
        },
        "2014-04": {
            "month": "2014-04",
            "price": "13.45",
            "revenue": 47910
        },
        "2014-05": {
            "month": "2014-05",
            "price": "12.47",
            "revenue": 82755
        },
        "2014-06": {
            "month": "2014-06",
            "price": "13.02",
            "revenue": 64678
        },
        "2014-07": {
            "month": "2014-07",
            "price": "12.78",
            "revenue": 69654
        },
        "2014-08": {
            "month": "2014-08",
            "price": "12.17",
            "revenue": 58053
        },
        "2014-09": {
            "month": "2014-09",
            "price": "12.09",
            "revenue": 60113
        },
        "2014-10": {
            "month": "2014-10",
            "price": "11.26",
            "revenue": 64944
        },
        "2014-11": {
            "month": "2014-11",
            "price": "10.84",
            "revenue": 66329
        },
        "2014-12": {
            "month": "2014-12",
            "price": "10.67",
            "revenue": 61971
        },
        "2015-01": {
            "month": "2015-01",
            "price": "11.16",
            "revenue": 187156
        },
        "2015-02": {
            "month": "2015-02",
            "price": "12.09",
            "revenue": 146688
        },
        "2015-03": {
            "month": "2015-03",
            "price": "13.90",
            "revenue": 178353
        },
        "2015-04": {
            "month": "2015-04",
            "price": "13.48",
            "revenue": 172549
        },
        "2015-05": {
            "month": "2015-05",
            "price": "11.78",
            "revenue": 159940
        },
        "2015-06": {
            "month": "2015-06",
            "price": "10.41",
            "revenue": 218354
        },
        "2015-07": {
            "month": "2015-07",
            "price": "10.97",
            "revenue": 223743
        },
        "2015-08": {
            "month": "2015-08",
            "price": "9.52",
            "revenue": 210880
        },
        "2015-09": {
            "month": "2015-09",
            "price": "8.67",
            "revenue": 188563
        },
        "2015-10": {
            "month": "2015-10",
            "price": "9.86",
            "revenue": 216337
        },
        "2015-11": {
            "month": "2015-11",
            "price": "9.91",
            "revenue": 158370
        },
        "2015-12": {
            "month": "2015-12",
            "price": "9.13",
            "revenue": 189287
        },
        "2016-01": {
            "month": "2016-01",
            "price": "9.38",
            "revenue": 170304
        },
        "2016-02": {
            "month": "2016-02",
            "price": "9.92",
            "revenue": 169527
        },
        "2016-03": {
            "month": "2016-03",
            "price": "9.92",
            "revenue": 195070
        },
        "2016-04": {
            "month": "2016-04",
            "price": "9.09",
            "revenue": 194965
        },
        "2016-05": {
            "month": "2016-05",
            "price": "8.69",
            "revenue": 215846
        },
        "2016-06": {
            "month": "2016-06",
            "price": "9.07",
            "revenue": 243100
        },
        "2016-07": {
            "month": "2016-07",
            "price": "10.31",
            "revenue": 240136
        },
        "2016-08": {
            "month": "2016-08",
            "price": "10.61",
            "revenue": 214565
        },
        "2016-09": {
            "month": "2016-09",
            "price": "10.56",
            "revenue": 242111
        },
        "2016-10": {
            "month": "2016-10",
            "price": "10.19",
            "revenue": 215153
        },
        "2016-11": {
            "month": "2016-11",
            "price": "9.40",
            "revenue": 196504
        },
        "2016-12": {
            "month": "2016-12",
            "price": "9.79",
            "revenue": 206699
        },
        "2017-01": {
            "month": "2017-01",
            "price": "10.74",
            "revenue": 175110
        },
        "2017-02": {
            "month": "2017-02",
            "price": "10.82",
            "revenue": 165302
        },
        "2017-03": {
            "month": "2017-03",
            "price": "10.68",
            "revenue": 201174
        },
        "2017-04": {
            "month": "2017-04",
            "price": "10.37",
            "revenue": 161339
        },
        "2017-05": {
            "month": "2017-05",
            "price": "10.17",
            "revenue": 223540
        },
        "2017-06": {
            "month": "2017-06",
            "price": "10.98",
            "revenue": 232707
        },
        "2017-07": {
            "month": "2017-07",
            "price": "10.56",
            "revenue": 220600
        },
        "2017-08": {
            "month": "2017-08",
            "price": "10.71",
            "revenue": 279976
        },
        "2017-09": {
            "month": "2017-09",
            "price": "12.45",
            "revenue": 226175
        },
        "2017-10": {
            "month": "2017-10",
            "price": "12.30",
            "revenue": 230066
        },
        "2017-11": {
            "month": "2017-11",
            "price": "13.72",
            "revenue": 214613
        },
        "2017-12": {
            "month": "2017-12",
            "price": "13.14",
            "revenue": 180442
        },
        "2018-01": {
            "month": "2018-01",
            "price": "14.49",
            "revenue": 167854
        },
        "2018-02": {
            "month": "2018-02",
            "price": "13.43",
            "revenue": 152419
        },
        "2018-03": {
            "month": "2018-03",
            "price": "13.45",
            "revenue": 212209
        },
        "2018-04": {
            "month": "2018-04",
            "price": "12.61",
            "revenue": 188826
        },
        "2018-05": {
            "month": "2018-05",
            "price": "12.52",
            "revenue": 258326
        },
        "2018-06": {
            "month": "2018-06",
            "price": "12.98",
            "revenue": 288880
        },
        "2018-07": {
            "month": "2018-07",
            "price": "12.75",
            "revenue": 274421
        },
        "2018-08": {
            "month": "2018-08",
            "price": "12.58",
            "revenue": 287517
        },
        "2018-09": {
            "month": "2018-09",
            "price": "11.34",
            "revenue": 237012
        },
        "2018-10": {
            "month": "2018-10",
            "price": "9.98",
            "revenue": 282984
        },
        "2018-11": {
            "month": "2018-11",
            "price": "10.22",
            "revenue": 265651
        },
        "2018-12": {
            "month": "2018-12",
            "price": "10.46",
            "revenue": 178797
        },
        "2019-01": {
            "month": "2019-01",
            "price": "10.52",
            "revenue": 227705
        },
        "2019-02": {
            "month": "2019-02",
            "price": "11.28",
            "revenue": 199696
        },
        "2019-03": {
            "month": "2019-03",
            "price": "11.71",
            "revenue": 233325
        },
        "2019-04": {
            "month": "2019-04",
            "price": "12.86",
            "revenue": 245666
        },
        "2019-05": {
            "month": "2019-05",
            "price": "11.78",
            "revenue": 249061
        },
        "2019-06": {
            "month": "2019-06",
            "price": "11.04",
            "revenue": 255556
        },
        "2019-07": {
            "month": "2019-07",
            "price": "11.29",
            "revenue": 268788
        },
        "2019-08": {
            "month": "2019-08",
            "price": "10.72",
            "revenue": 266678
        },
        "2019-09": {
            "month": "2019-09",
            "price": "10.79",
            "revenue": 218391
        },
        "2019-10": {
            "month": "2019-10",
            "price": "10.60",
            "revenue": 251485
        },
        "2019-11": {
            "month": "2019-11",
            "price": "10.43",
            "revenue": 258974
        },
        "2019-12": {
            "month": "2019-12",
            "price": "10.26",
            "revenue": 255026
        },
        "2020-01": {
            "month": "2020-01",
            "price": "10.11",
            "revenue": 184349
        },
        "2020-02": {
            "month": "2020-02",
            "price": "11.00",
            "revenue": 192614
        },
        "2020-03": {
            "month": "2020-03",
            "price": "10.23",
            "revenue": 286157
        },
        "2020-04": {
            "month": "2020-04",
            "price": "11.48",
            "revenue": 317136
        },
        "2020-05": {
            "month": "2020-05",
            "price": "13.34",
            "revenue": 324480
        },
        "2020-06": {
            "month": "2020-06",
            "price": "21.25",
            "revenue": 462527
        },
        "2020-07": {
            "month": "2020-07",
            "price": "34.93",
            "revenue": 814860
        },
        "2020-08": {
            "month": "2020-08",
            "price": "52.00",
            "revenue": 1014893
        },
        "2020-09": {
            "month": "2020-09",
            "price": "66.12",
            "revenue": 1229481
        },
        "2020-10": {
            "month": "2020-10",
            "price": "64.77",
            "revenue": 943280
        },
        "2020-11": {
            "month": "2020-11",
            "price": "58.84",
            "revenue": 738807
        },
        "2020-12": {
            "month": "2020-12",
            "price": "51.08",
            "revenue": 517649
        },
        "2021-01": {
            "month": "2021-01",
            "price": "47.30",
            "revenue": 459311
        },
        "2021-02": {
            "month": "2021-02",
            "price": "45.99",
            "revenue": 379927
        },
        "2021-03": {
            "month": "2021-03",
            "price": "46.87",
            "revenue": 439599
        },
        "2021-04": {
            "month": "2021-04",
            "price": "49.38",
            "revenue": 471004
        },
        "2021-05": {
            "month": "2021-05",
            "price": "43.86",
            "revenue": 401732
        },
        "2021-06": {
            "month": "2021-06",
            "price": "41.66",
            "revenue": 412826
        },
        "2021-07": {
            "month": "2021-07",
            "price": "39.04",
            "revenue": 405952
        },
        "2021-08": {
            "month": "2021-08",
            "price": "30.42",
            "revenue": 386044
        },
        "2021-09": {
            "month": "2021-09",
            "price": "29.14",
            "revenue": 345670
        },
        "2021-10": {
            "month": "2021-10",
            "price": "26.34",
            "revenue": 342596
        },
        "2021-11": {
            "month": "2021-11",
            "price": "26.56",
            "revenue": 355813
        },
        "2021-12": {
            "month": "2021-12",
            "price": "26.54",
            "revenue": 332533
        },
        "2022-01": {
            "month": "2022-01",
            "price": "33.27",
            "revenue": 317377
        },
        "2022-02": {
            "month": "2022-02",
            "price": "29.51",
            "revenue": 295080
        },
        "2022-03": {
            "month": "2022-03",
            "price": "26.39",
            "revenue": 328535
        },
        "2022-04": {
            "month": "2022-04",
            "price": "28.81",
            "revenue": 319881
        },
        "2022-05": {
            "month": "2022-05",
            "price": "26.27",
            "revenue": 395317
        },
        "2022-06": {
            "month": "2022-06",
            "price": "24.00",
            "revenue": 435955
        },
        "2022-07": {
            "month": "2022-07",
            "price": "20.87",
            "revenue": 374541
        },
        "2022-08": {
            "month": "2022-08",
            "price": "22.58",
            "revenue": 284791
        },
        "2022-09": {
            "month": "2022-09",
            "price": "22.65",
            "revenue": 328849
        },
        "2022-10": {
            "month": "2022-10",
            "price": "19.91",
            "revenue": 282367
        },
        "2022-11": {
            "month": "2022-11",
            "price": "21.85",
            "revenue": 320664
        },
        "2022-12": {
            "month": "2022-12",
            "price": "22.85",
            "revenue": 285364
        },
        "2023-01": {
            "month": "2023-01",
            "price": "22.54",
            "revenue": 185628
        },
        "2023-02": {
            "month": "2023-02",
            "price": "23.49",
            "revenue": 226504
        },
        "2023-03": {
            "month": "2023-03",
            "price": "23.54",
            "revenue": 292331
        },
        "2023-04": {
            "month": "2023-04",
            "price": "23.63",
            "revenue": 263555
        },
        "2023-05": {
            "month": "2023-05",
            "price": "21.92",
            "revenue": 302011
        }
    }
}
