{
    "summary": {
        "stock_name": "仲琦",
        "stock_id": "2419",
        "category": "通信網路",
        "main_business": "通訊、電信產品",
        "website_url": "http://www.hitrontech.com",
        "ceo": "邱培舜",
        "pe_ratio": 64,
        "report_year_from": 2001,
        "report_year_to": 2023,
        "age": 23,
        "eps_negative_percentage": 9,
        "eps_growth_avg": {
            "last_all": 6.13,
            "last_2y": -22.86,
            "last_4y": -9.83,
            "last_8y": 3.28,
            "last_12y": 4.11,
            "last_16y": 19.14,
            "last_20y": 9.23,
            "at_2006_last_3y": -75,
            "at_2007_last_3y": -0,
            "at_2008_last_3y": 33.33,
            "at_2009_last_3y": 50,
            "at_2010_last_3y": 68,
            "at_2011_last_3y": 54,
            "at_2012_last_3y": 36,
            "at_2013_last_3y": -8.53,
            "at_2014_last_3y": 5.96,
            "at_2015_last_3y": 21.36,
            "at_2016_last_3y": 39.36,
            "at_2017_last_3y": 51.82,
            "at_2018_last_3y": 19.67,
            "at_2019_last_3y": 10.92,
            "at_2020_last_3y": -14.37,
            "at_2021_last_3y": -26.26,
            "at_2022_last_3y": 10.89,
            "at_2023_last_3y": -17.43,
            "at_2024_last_3y": -17.43,
            "at_2006_last_all": -67.61,
            "at_2007_last_all": -38.21,
            "at_2008_last_all": -10.57,
            "at_2009_last_all": 7.86,
            "at_2010_last_all": 9.88,
            "at_2011_last_all": 7.9,
            "at_2012_last_all": 10.13,
            "at_2013_last_all": 1.3,
            "at_2014_last_all": 8.46,
            "at_2015_last_all": 12.38,
            "at_2016_last_all": 19.12,
            "at_2017_last_all": 15.74,
            "at_2018_last_all": 11.45,
            "at_2019_last_all": 12.02,
            "at_2020_last_all": 11.24,
            "at_2021_last_all": 6.4,
            "at_2022_last_all": 11.33,
            "at_2023_last_all": 6.13,
            "at_2024_last_all": 6.13
        },
        "latest_eps": 0.53,
        "latest_price": 34.1,
        "latest_roe": 5.2,
        "latest_gross_margin": 26.83,
        "latest_equity": 5965067,
        "latest_revenue": 1578573,
        "latest_gross_profit": 423557,
        "latest_net_income": -10986,
        "latest_debt_ratio": 44.36,
        "latest_current_ratio": 193.66,
        "latest_account_receivable_turnover_ratio": 0.96,
        "latest_inventory_turnover_ratio": 0.36,
        "latest_reinvestment_rate": 112.51,
        "latest_research_to_sale_ratio": 7.8
    },
    "eps_dividends": {
        "1999": {
            "cash": 0,
            "stock": 2.5,
            "eps": 0
        },
        "2001": {
            "cash": 0,
            "stock": 1.36,
            "eps": 0.53
        },
        "2002": {
            "cash": 0.37,
            "stock": 0.63,
            "eps": 0.25
        },
        "2003": {
            "cash": 0,
            "stock": 0,
            "eps": -0.17
        },
        "2004": {
            "cash": 0,
            "stock": 0,
            "eps": -1.6
        },
        "2005": {
            "cash": 0,
            "stock": 0,
            "eps": 0.08
        },
        "2006": {
            "cash": 0,
            "stock": 0,
            "eps": 0.04
        },
        "2007": {
            "cash": 0,
            "stock": 0,
            "eps": 0.06
        },
        "2008": {
            "cash": 0,
            "stock": 0,
            "eps": 0.53
        },
        "2009": {
            "cash": 0.51,
            "stock": 0.51,
            "eps": 1.09
        },
        "2010": {
            "cash": 0.8,
            "stock": 0.2,
            "eps": 1.33
        },
        "2011": {
            "cash": 2.51,
            "stock": 0,
            "eps": 1.25
        },
        "2012": {
            "cash": 0,
            "stock": 0,
            "eps": 1.6
        },
        "2013": {
            "cash": 1.2,
            "stock": 0,
            "eps": 0.35
        },
        "2014": {
            "cash": 0.43,
            "stock": 0,
            "eps": 0.63
        },
        "2015": {
            "cash": 0.52,
            "stock": 0,
            "eps": 0.98
        },
        "2016": {
            "cash": 0.75,
            "stock": 0,
            "eps": 1.98
        },
        "2017": {
            "cash": 1.8,
            "stock": 0,
            "eps": 1.42
        },
        "2018": {
            "cash": 1.26,
            "stock": 0,
            "eps": 0.73
        },
        "2019": {
            "cash": 0.8,
            "stock": 0,
            "eps": 0.88
        },
        "2020": {
            "cash": 0.8,
            "stock": 0,
            "eps": 0.87
        },
        "2021": {
            "cash": 1,
            "stock": 0,
            "eps": 0.21
        },
        "2022": {
            "cash": 0.5,
            "stock": 0,
            "eps": 1.51
        },
        "2023": {
            "cash": 1.5,
            "stock": 0,
            "eps": 0.11
        }
    },
    "dividends": {
        "1999-05-29": {
            "cash": 0,
            "stock": 2.5
        },
        "2001-05-14": {
            "cash": 0,
            "stock": 1.36
        },
        "2002-05-20": {
            "cash": 0.37,
            "stock": 0.63
        },
        "2009-03-30": {
            "cash": 0.51,
            "stock": 0.51
        },
        "2010-03-26": {
            "cash": 0.8,
            "stock": 0.2
        },
        "2011-01-01": {
            "cash": 1.32,
            "stock": 0
        },
        "2011-03-25": {
            "cash": 1.19,
            "stock": 0
        },
        "2013-03-20": {
            "cash": 1.2,
            "stock": 0
        },
        "2014-08-15": {
            "cash": 0.43,
            "stock": 0
        },
        "2015-08-14": {
            "cash": 0.52,
            "stock": 0
        },
        "2016-08-15": {
            "cash": 0.75,
            "stock": 0
        },
        "2017-08-08": {
            "cash": 1.8,
            "stock": 0
        },
        "2018-08-15": {
            "cash": 1.26,
            "stock": 0
        },
        "2019-08-15": {
            "cash": 0.8,
            "stock": 0
        },
        "2020-08-14": {
            "cash": 0.8,
            "stock": 0
        },
        "2021-09-03": {
            "cash": 1,
            "stock": 0
        },
        "2022-07-01": {
            "cash": 0.5,
            "stock": 0
        },
        "2023-08-08": {
            "cash": 1.5,
            "stock": 0
        }
    },
    "prices": {
        "200101": "35.26",
        "200102": "46.47",
        "200103": "47.43",
        "200104": "46.67",
        "200105": "34.69",
        "200106": "33.82",
        "200107": "30.13",
        "200108": "29.23",
        "200109": "19.59",
        "200110": "16.00",
        "200111": "19.63",
        "200112": "24.77",
        "200201": "27.29",
        "200202": "29.68",
        "200203": "27.84",
        "200204": "28.15",
        "200205": "22.50",
        "200206": "20.39",
        "200207": "17.00",
        "200208": "16.14",
        "200209": "14.47",
        "200210": "15.00",
        "200211": "16.35",
        "200212": "14.70",
        "200301": "15.34",
        "200302": "15.19",
        "200303": "14.45",
        "200304": "13.27",
        "200305": "11.83",
        "200306": "13.13",
        "200307": "14.43",
        "200308": "12.58",
        "200309": "11.62",
        "200310": "11.93",
        "200311": "11.98",
        "200312": "13.44",
        "200401": "13.48",
        "200402": "13.96",
        "200403": "12.80",
        "200404": "11.94",
        "200405": "9.34",
        "200406": "8.01",
        "200407": "7.35",
        "200408": "6.42",
        "200409": "5.89",
        "200410": "5.98",
        "200411": "6.29",
        "200412": "6.11",
        "200501": "6.79",
        "200502": "6.87",
        "200503": "7.60",
        "200504": "6.94",
        "200505": "6.99",
        "200506": "7.93",
        "200507": "8.92",
        "200508": "7.94",
        "200509": "7.29",
        "200510": "7.51",
        "200511": "7.60",
        "200512": "8.04",
        "200601": "8.58",
        "200602": "8.18",
        "200603": "8.47",
        "200604": "9.65",
        "200605": "11.30",
        "200606": "9.63",
        "200607": "9.34",
        "200608": "9.75",
        "200609": "9.14",
        "200610": "9.76",
        "200611": "10.03",
        "200612": "11.50",
        "200701": "14.13",
        "200702": "13.26",
        "200703": "13.96",
        "200704": "14.45",
        "200705": "13.71",
        "200706": "15.77",
        "200707": "17.27",
        "200708": "14.78",
        "200709": "13.51",
        "200710": "13.74",
        "200711": "11.22",
        "200712": "9.24",
        "200801": "8.60",
        "200802": "9.59",
        "200803": "9.76",
        "200804": "11.34",
        "200805": "11.38",
        "200806": "9.86",
        "200807": "7.63",
        "200808": "7.64",
        "200809": "6.16",
        "200810": "5.28",
        "200811": "4.30",
        "200812": "5.42",
        "200901": "6.63",
        "200902": "6.60",
        "200903": "7.94",
        "200904": "10.34",
        "200905": "11.77",
        "200906": "11.48",
        "200907": "13.15",
        "200908": "15.45",
        "200909": "18.39",
        "200910": "18.69",
        "200911": "18.06",
        "200912": "20.52",
        "201001": "21.98",
        "201002": "19.21",
        "201003": "20.88",
        "201004": "20.71",
        "201005": "18.88",
        "201006": "20.09",
        "201007": "21.42",
        "201008": "20.47",
        "201009": "20.80",
        "201010": "21.45",
        "201011": "19.85",
        "201012": "22.66",
        "201101": "23.52",
        "201102": "21.63",
        "201103": "21.33",
        "201104": "21.29",
        "201105": "20.57",
        "201106": "19.55",
        "201107": "19.18",
        "201108": "18.68",
        "201109": "18.28",
        "201110": "18.15",
        "201111": "14.90",
        "201112": "11.48",
        "201201": "11.69",
        "201202": "14.58",
        "201203": "16.98",
        "201204": "17.07",
        "201205": "17.05",
        "201206": "16.61",
        "201207": "17.66",
        "201208": "16.64",
        "201209": "16.88",
        "201210": "15.34",
        "201211": "14.26",
        "201212": "15.27",
        "201301": "15.68",
        "201302": "16.10",
        "201303": "15.99",
        "201304": "16.15",
        "201305": "16.24",
        "201306": "16.38",
        "201307": "16.97",
        "201308": "16.11",
        "201309": "15.94",
        "201310": "15.43",
        "201311": "15.62",
        "201312": "15.42",
        "201401": "16.63",
        "201402": "19.69",
        "201403": "20.97",
        "201404": "19.56",
        "201405": "17.95",
        "201406": "19.70",
        "201407": "19.01",
        "201408": "17.52",
        "201409": "17.14",
        "201410": "14.64",
        "201411": "15.20",
        "201412": "15.81",
        "201501": "16.44",
        "201502": "15.87",
        "201503": "16.48",
        "201504": "16.36",
        "201505": "15.79",
        "201506": "13.66",
        "201507": "12.75",
        "201508": "11.41",
        "201509": "12.52",
        "201510": "13.46",
        "201511": "14.11",
        "201512": "14.32",
        "201601": "18.39",
        "201602": "22.62",
        "201603": "23.18",
        "201604": "19.10",
        "201605": "19.13",
        "201606": "21.36",
        "201607": "21.53",
        "201608": "20.40",
        "201609": "21.30",
        "201610": "20.46",
        "201611": "19.82",
        "201612": "19.95",
        "201701": "20.38",
        "201702": "19.95",
        "201703": "21.12",
        "201704": "22.55",
        "201705": "21.62",
        "201706": "22.75",
        "201707": "21.03",
        "201708": "20.77",
        "201709": "22.35",
        "201710": "22.04",
        "201711": "22.51",
        "201712": "22.02",
        "201801": "21.56",
        "201802": "19.92",
        "201803": "21.08",
        "201804": "21.63",
        "201805": "21.32",
        "201806": "22.00",
        "201807": "20.94",
        "201808": "21.95",
        "201809": "21.37",
        "201810": "18.82",
        "201811": "19.23",
        "201812": "19.53",
        "201901": "20.70",
        "201902": "21.08",
        "201903": "21.43",
        "201904": "21.34",
        "201905": "20.84",
        "201906": "20.71",
        "201907": "20.73",
        "201908": "19.11",
        "201909": "19.29",
        "201910": "18.65",
        "201911": "18.72",
        "201912": "24.31",
        "202001": "23.78",
        "202002": "23.71",
        "202003": "19.65",
        "202004": "19.18",
        "202005": "20.52",
        "202006": "21.58",
        "202007": "22.20",
        "202008": "22.00",
        "202009": "21.69",
        "202010": "21.00",
        "202011": "21.50",
        "202012": "25.04",
        "202101": "23.85",
        "202102": "23.17",
        "202103": "23.86",
        "202104": "24.61",
        "202105": "20.73",
        "202106": "20.71",
        "202107": "20.55",
        "202108": "19.22",
        "202109": "19.09",
        "202110": "19.32",
        "202111": "23.32",
        "202112": "24.27",
        "202201": "22.14",
        "202202": "21.25",
        "202203": "20.43",
        "202204": "19.38",
        "202205": "19.48",
        "202206": "18.96",
        "202207": "23.73",
        "202208": "28.65",
        "202209": "27.52",
        "202210": "25.10",
        "202211": "25.63",
        "202212": "25.47",
        "202301": "25.59",
        "202302": "26.50",
        "202303": "28.03",
        "202304": "27.77",
        "202305": "26.34",
        "202306": "27.89",
        "202307": "44.02",
        "202308": "38.70",
        "202309": "34.88",
        "202310": "31.60",
        "202311": "30.12",
        "202312": "35.14"
    },
    "quarters": {
        "20011": {
            "year_quarter": 20011,
            "year": 2001,
            "quarter": 1,
            "eps": 0.01,
            "eps_growth_year": null,
            "eps_4q": 3.03,
            "eps_4q_growth_year": 440.58,
            "roe": 0.04,
            "roe_4q": 0.04,
            "gross_profit": 135314,
            "gross_margin": 26.51,
            "gross_margin_4q_avg": 26.51,
            "net_income": 583,
            "net_income_4q": null,
            "revenue": 510500,
            "revenue_4q": null,
            "common_shares": 955774,
            "book_valuer_per_share": 17.41,
            "book_valuer_per_share_4q_avg": 17.41,
            "equity": 1664445,
            "current_ratio": 144.87,
            "debt_ratio": 49.71,
            "inventory_turnover_ratio": 0.51,
            "account_receivable_turnover_ratio": null,
            "reinvestment_rate": null,
            "research_to_sale_ratio": null,
            "price_fair": 0,
            "eps_avg_yearly": 0,
            "eps_latest_yearly": 0,
            "eps_growth_yearly": 0
        },
        "20012": {
            "year_quarter": 20012,
            "year": 2001,
            "quarter": 2,
            "eps": 0.28,
            "eps_growth_year": null,
            "eps_4q": 2.59,
            "eps_4q_growth_year": null,
            "roe": 1.63,
            "roe_4q": 1.67,
            "gross_profit": 198503,
            "gross_margin": 25.28,
            "gross_margin_4q_avg": 25.9,
            "net_income": 26889,
            "net_income_4q": null,
            "revenue": 785315,
            "revenue_4q": null,
            "common_shares": 955774,
            "book_valuer_per_share": 17.18,
            "book_valuer_per_share_4q_avg": 17.3,
            "equity": 1642306,
            "current_ratio": 118.09,
            "debt_ratio": 52.62,
            "inventory_turnover_ratio": 0.82,
            "account_receivable_turnover_ratio": null,
            "reinvestment_rate": null,
            "research_to_sale_ratio": null,
            "price_fair": 0,
            "eps_avg_yearly": 0,
            "eps_latest_yearly": 0,
            "eps_growth_yearly": 0
        },
        "20013": {
            "year_quarter": 20013,
            "year": 2001,
            "quarter": 3,
            "eps": 0.04,
            "eps_growth_year": null,
            "eps_4q": 2.95,
            "eps_4q_growth_year": null,
            "roe": 0.28,
            "roe_4q": 1.95,
            "gross_profit": 193075,
            "gross_margin": 22.52,
            "gross_margin_4q_avg": 24.77,
            "net_income": 4565,
            "net_income_4q": null,
            "revenue": 857198,
            "revenue_4q": null,
            "common_shares": 1096259,
            "book_valuer_per_share": 15.02,
            "book_valuer_per_share_4q_avg": 16.54,
            "equity": 1646627,
            "current_ratio": 174.69,
            "debt_ratio": 60.67,
            "inventory_turnover_ratio": 1,
            "account_receivable_turnover_ratio": null,
            "reinvestment_rate": null,
            "research_to_sale_ratio": null,
            "price_fair": 0,
            "eps_avg_yearly": 0,
            "eps_latest_yearly": 0,
            "eps_growth_yearly": 0
        },
        "20014": {
            "year_quarter": 20014,
            "year": 2001,
            "quarter": 4,
            "eps": 0.2,
            "eps_growth_year": -93.71,
            "eps_4q": 0.49,
            "eps_4q_growth_year": -60.51,
            "roe": 1.33,
            "roe_4q": 3.2800000000000002,
            "gross_profit": 163500,
            "gross_margin": 20.11,
            "gross_margin_4q_avg": 23.61,
            "net_income": 22386,
            "net_income_4q": null,
            "revenue": 812868,
            "revenue_4q": null,
            "common_shares": 1096259,
            "book_valuer_per_share": 15.63,
            "book_valuer_per_share_4q_avg": 16.31,
            "equity": 1713734,
            "current_ratio": 178.02,
            "debt_ratio": 57.2,
            "inventory_turnover_ratio": 1.16,
            "account_receivable_turnover_ratio": null,
            "reinvestment_rate": null,
            "research_to_sale_ratio": null,
            "price_fair": 0,
            "eps_avg_yearly": 0,
            "eps_latest_yearly": 0,
            "eps_growth_yearly": 0
        },
        "20021": {
            "year_quarter": 20021,
            "year": 2002,
            "quarter": 1,
            "eps": -0.05,
            "eps_growth_year": -600,
            "eps_4q": 0.42,
            "eps_4q_growth_year": -86.2,
            "roe": -0.33,
            "roe_4q": 2.91,
            "gross_profit": 144234,
            "gross_margin": 25.55,
            "gross_margin_4q_avg": 23.37,
            "net_income": -5746,
            "net_income_4q": null,
            "revenue": 564452,
            "revenue_4q": null,
            "common_shares": 1115336,
            "book_valuer_per_share": 15.75,
            "book_valuer_per_share_4q_avg": 15.9,
            "equity": 1757022,
            "current_ratio": 187.88,
            "debt_ratio": 53.45,
            "inventory_turnover_ratio": 0.94,
            "account_receivable_turnover_ratio": null,
            "reinvestment_rate": null,
            "research_to_sale_ratio": null,
            "price_fair": 0,
            "eps_avg_yearly": 0,
            "eps_latest_yearly": 0,
            "eps_growth_yearly": 0
        },
        "20022": {
            "year_quarter": 20022,
            "year": 2002,
            "quarter": 2,
            "eps": -0.39,
            "eps_growth_year": -239.29,
            "eps_4q": -0.23,
            "eps_4q_growth_year": -108.89,
            "roe": -2.77,
            "roe_4q": -1.49,
            "gross_profit": 103243,
            "gross_margin": 17.12,
            "gross_margin_4q_avg": 21.33,
            "net_income": -47426,
            "net_income_4q": null,
            "revenue": 602900,
            "revenue_4q": null,
            "common_shares": 1136242,
            "book_valuer_per_share": 14.66,
            "book_valuer_per_share_4q_avg": 15.27,
            "equity": 1665174,
            "current_ratio": 163.93,
            "debt_ratio": 58.4,
            "inventory_turnover_ratio": 1.1,
            "account_receivable_turnover_ratio": null,
            "reinvestment_rate": null,
            "research_to_sale_ratio": null,
            "price_fair": 0,
            "eps_avg_yearly": 0,
            "eps_latest_yearly": 0,
            "eps_growth_yearly": 0
        },
        "20023": {
            "year_quarter": 20023,
            "year": 2002,
            "quarter": 3,
            "eps": -0.08,
            "eps_growth_year": -300,
            "eps_4q": -0.33,
            "eps_4q_growth_year": -111.24,
            "roe": -0.57,
            "roe_4q": -2.34,
            "gross_profit": 145310,
            "gross_margin": 18.33,
            "gross_margin_4q_avg": 20.28,
            "net_income": -9384,
            "net_income_4q": null,
            "revenue": 792851,
            "revenue_4q": null,
            "common_shares": 1213030,
            "book_valuer_per_share": 13.49,
            "book_valuer_per_share_4q_avg": 14.88,
            "equity": 1635864,
            "current_ratio": 157.44,
            "debt_ratio": 60.09,
            "inventory_turnover_ratio": 1.36,
            "account_receivable_turnover_ratio": null,
            "reinvestment_rate": null,
            "research_to_sale_ratio": null,
            "price_fair": 0,
            "eps_avg_yearly": 0,
            "eps_latest_yearly": 0,
            "eps_growth_yearly": 0
        },
        "20024": {
            "year_quarter": 20024,
            "year": 2002,
            "quarter": 4,
            "eps": 0.77,
            "eps_growth_year": 285,
            "eps_4q": 0.25,
            "eps_4q_growth_year": -49.29,
            "roe": 5.52,
            "roe_4q": 1.8499999999999992,
            "gross_profit": 194350,
            "gross_margin": 18.81,
            "gross_margin_4q_avg": 19.95,
            "net_income": 92021,
            "net_income_4q": null,
            "revenue": 1033194,
            "revenue_4q": null,
            "common_shares": 1213030,
            "book_valuer_per_share": 14,
            "book_valuer_per_share_4q_avg": 14.48,
            "equity": 1697878,
            "current_ratio": 150.75,
            "debt_ratio": 60.27,
            "inventory_turnover_ratio": 1.69,
            "account_receivable_turnover_ratio": null,
            "reinvestment_rate": 23.75,
            "research_to_sale_ratio": null,
            "price_fair": 0,
            "eps_avg_yearly": 0,
            "eps_latest_yearly": 0,
            "eps_growth_yearly": 0
        },
        "20031": {
            "year_quarter": 20031,
            "year": 2003,
            "quarter": 1,
            "eps": -0.4,
            "eps_growth_year": null,
            "eps_4q": -0.1,
            "eps_4q_growth_year": -124.75,
            "roe": -2.84,
            "roe_4q": -0.6600000000000001,
            "gross_profit": 120097,
            "gross_margin": 18.16,
            "gross_margin_4q_avg": 18.11,
            "net_income": -47518,
            "net_income_4q": null,
            "revenue": 661457,
            "revenue_4q": null,
            "common_shares": 1213030,
            "book_valuer_per_share": 13.61,
            "book_valuer_per_share_4q_avg": 13.94,
            "equity": 1650360,
            "current_ratio": 145.5,
            "debt_ratio": 59.82,
            "inventory_turnover_ratio": 1.01,
            "account_receivable_turnover_ratio": null,
            "reinvestment_rate": 40.1,
            "research_to_sale_ratio": null,
            "price_fair": 0,
            "eps_avg_yearly": 0,
            "eps_latest_yearly": 0,
            "eps_growth_yearly": 0
        },
        "20032": {
            "year_quarter": 20032,
            "year": 2003,
            "quarter": 2,
            "eps": -0.14,
            "eps_growth_year": null,
            "eps_4q": 0.16,
            "eps_4q_growth_year": null,
            "roe": -0.99,
            "roe_4q": 1.1199999999999997,
            "gross_profit": 154311,
            "gross_margin": 26.38,
            "gross_margin_4q_avg": 20.42,
            "net_income": -16283,
            "net_income_4q": null,
            "revenue": 585053,
            "revenue_4q": null,
            "common_shares": 1213030,
            "book_valuer_per_share": 13.47,
            "book_valuer_per_share_4q_avg": 13.64,
            "equity": 1633936,
            "current_ratio": 137.61,
            "debt_ratio": 60.49,
            "inventory_turnover_ratio": 0.76,
            "account_receivable_turnover_ratio": null,
            "reinvestment_rate": -0.73,
            "research_to_sale_ratio": null,
            "price_fair": 0,
            "eps_avg_yearly": 0,
            "eps_latest_yearly": 0,
            "eps_growth_yearly": 0
        },
        "20033": {
            "year_quarter": 20033,
            "year": 2003,
            "quarter": 3,
            "eps": 0.01,
            "eps_growth_year": null,
            "eps_4q": 0.24,
            "eps_4q_growth_year": null,
            "roe": 0.08,
            "roe_4q": 1.7699999999999996,
            "gross_profit": 168188,
            "gross_margin": 19.36,
            "gross_margin_4q_avg": 20.68,
            "net_income": 1303,
            "net_income_4q": null,
            "revenue": 868766,
            "revenue_4q": null,
            "common_shares": 1213030,
            "book_valuer_per_share": 13.47,
            "book_valuer_per_share_4q_avg": 13.64,
            "equity": 1634463,
            "current_ratio": 122.44,
            "debt_ratio": 64.25,
            "inventory_turnover_ratio": 1.2,
            "account_receivable_turnover_ratio": null,
            "reinvestment_rate": -121.56,
            "research_to_sale_ratio": null,
            "price_fair": 0,
            "eps_avg_yearly": 0,
            "eps_latest_yearly": 0,
            "eps_growth_yearly": 0
        },
        "20034": {
            "year_quarter": 20034,
            "year": 2003,
            "quarter": 4,
            "eps": 0.36,
            "eps_growth_year": -53.25,
            "eps_4q": -0.16,
            "eps_4q_growth_year": -166.3,
            "roe": 2.6,
            "roe_4q": -1.1499999999999997,
            "gross_profit": 173494,
            "gross_margin": 17.59,
            "gross_margin_4q_avg": 20.37,
            "net_income": 42981,
            "net_income_4q": null,
            "revenue": 986487,
            "revenue_4q": null,
            "common_shares": 1213030,
            "book_valuer_per_share": 13.83,
            "book_valuer_per_share_4q_avg": 13.6,
            "equity": 1677279,
            "current_ratio": 96.84,
            "debt_ratio": 61.82,
            "inventory_turnover_ratio": 1.61,
            "account_receivable_turnover_ratio": null,
            "reinvestment_rate": -185.88,
            "research_to_sale_ratio": null,
            "price_fair": 50.4,
            "eps_avg_yearly": 1.44,
            "eps_latest_yearly": 1.44,
            "eps_growth_yearly": 14000
        },
        "20041": {
            "year_quarter": 20041,
            "year": 2004,
            "quarter": 1,
            "eps": -0.27,
            "eps_growth_year": null,
            "eps_4q": -0.03,
            "eps_4q_growth_year": null,
            "roe": -1.89,
            "roe_4q": -0.19999999999999984,
            "gross_profit": 130847,
            "gross_margin": 21.33,
            "gross_margin_4q_avg": 21.17,
            "net_income": -31448,
            "net_income_4q": null,
            "revenue": 613312,
            "revenue_4q": null,
            "common_shares": 1213030,
            "book_valuer_per_share": 13.56,
            "book_valuer_per_share_4q_avg": 13.58,
            "equity": 1645112,
            "current_ratio": 95.72,
            "debt_ratio": 60.62,
            "inventory_turnover_ratio": 1.11,
            "account_receivable_turnover_ratio": null,
            "reinvestment_rate": 135.7,
            "research_to_sale_ratio": null,
            "price_fair": 50.4,
            "eps_avg_yearly": 1.44,
            "eps_latest_yearly": 1.44,
            "eps_growth_yearly": 14000
        },
        "20042": {
            "year_quarter": 20042,
            "year": 2004,
            "quarter": 2,
            "eps": 0.09,
            "eps_growth_year": null,
            "eps_4q": 0.2,
            "eps_4q_growth_year": 26.76,
            "roe": 0.66,
            "roe_4q": 1.4500000000000002,
            "gross_profit": 167644,
            "gross_margin": 26.84,
            "gross_margin_4q_avg": 21.28,
            "net_income": 10814,
            "net_income_4q": null,
            "revenue": 624722,
            "revenue_4q": null,
            "common_shares": 1213030,
            "book_valuer_per_share": 13.37,
            "book_valuer_per_share_4q_avg": 13.56,
            "equity": 1622202,
            "current_ratio": 100.39,
            "debt_ratio": 60.48,
            "inventory_turnover_ratio": 1.06,
            "account_receivable_turnover_ratio": null,
            "reinvestment_rate": 115.87,
            "research_to_sale_ratio": null,
            "price_fair": 50.4,
            "eps_avg_yearly": 1.44,
            "eps_latest_yearly": 1.44,
            "eps_growth_yearly": 14000
        },
        "20043": {
            "year_quarter": 20043,
            "year": 2004,
            "quarter": 3,
            "eps": -0.05,
            "eps_growth_year": -600,
            "eps_4q": 0.12,
            "eps_4q_growth_year": -52.74,
            "roe": -0.35,
            "roe_4q": 1.0200000000000002,
            "gross_profit": 159454,
            "gross_margin": 23.28,
            "gross_margin_4q_avg": 22.26,
            "net_income": -5959,
            "net_income_4q": null,
            "revenue": 684927,
            "revenue_4q": null,
            "common_shares": 1424624,
            "book_valuer_per_share": 12.48,
            "book_valuer_per_share_4q_avg": 13.31,
            "equity": 1778147,
            "current_ratio": 148.51,
            "debt_ratio": 59.02,
            "inventory_turnover_ratio": 1.16,
            "account_receivable_turnover_ratio": null,
            "reinvestment_rate": 85.99,
            "research_to_sale_ratio": null,
            "price_fair": 50.4,
            "eps_avg_yearly": 1.44,
            "eps_latest_yearly": 1.44,
            "eps_growth_yearly": 14000
        },
        "20044": {
            "year_quarter": 20044,
            "year": 2004,
            "quarter": 4,
            "eps": -1.37,
            "eps_growth_year": -480.56,
            "eps_4q": -1.58,
            "eps_4q_growth_year": null,
            "roe": -9.81,
            "roe_4q": -11.39,
            "gross_profit": 210243,
            "gross_margin": 18.92,
            "gross_margin_4q_avg": 22.59,
            "net_income": -172894,
            "net_income_4q": null,
            "revenue": 1111398,
            "revenue_4q": null,
            "common_shares": 1424624,
            "book_valuer_per_share": 12.25,
            "book_valuer_per_share_4q_avg": 12.92,
            "equity": 1745859,
            "current_ratio": 118.19,
            "debt_ratio": 60.46,
            "inventory_turnover_ratio": 2.16,
            "account_receivable_turnover_ratio": null,
            "reinvestment_rate": null,
            "research_to_sale_ratio": null,
            "price_fair": 50.4,
            "eps_avg_yearly": 1.44,
            "eps_latest_yearly": 1.44,
            "eps_growth_yearly": 14000
        },
        "20051": {
            "year_quarter": 20051,
            "year": 2005,
            "quarter": 1,
            "eps": -0.39,
            "eps_growth_year": null,
            "eps_4q": -1.6,
            "eps_4q_growth_year": null,
            "roe": -3.14,
            "roe_4q": -12.64,
            "gross_profit": 114924,
            "gross_margin": 28.47,
            "gross_margin_4q_avg": 24.38,
            "net_income": -53954,
            "net_income_4q": null,
            "revenue": 403719,
            "revenue_4q": null,
            "common_shares": 1424624,
            "book_valuer_per_share": 11.88,
            "book_valuer_per_share_4q_avg": 12.5,
            "equity": 1691781,
            "current_ratio": 112.13,
            "debt_ratio": 56.21,
            "inventory_turnover_ratio": 0.86,
            "account_receivable_turnover_ratio": null,
            "reinvestment_rate": null,
            "research_to_sale_ratio": null,
            "price_fair": 50.4,
            "eps_avg_yearly": 1.44,
            "eps_latest_yearly": 1.44,
            "eps_growth_yearly": 14000
        },
        "20052": {
            "year_quarter": 20052,
            "year": 2005,
            "quarter": 2,
            "eps": -0.14,
            "eps_growth_year": -255.56,
            "eps_4q": -1.78,
            "eps_4q_growth_year": -1002,
            "roe": -1.2,
            "roe_4q": -14.5,
            "gross_profit": 131305,
            "gross_margin": 24.84,
            "gross_margin_4q_avg": 23.88,
            "net_income": -20118,
            "net_income_4q": null,
            "revenue": 528609,
            "revenue_4q": null,
            "common_shares": 1424624,
            "book_valuer_per_share": 11.73,
            "book_valuer_per_share_4q_avg": 12.09,
            "equity": 1671718,
            "current_ratio": 89.42,
            "debt_ratio": 57.08,
            "inventory_turnover_ratio": 1.1,
            "account_receivable_turnover_ratio": null,
            "reinvestment_rate": null,
            "research_to_sale_ratio": null,
            "price_fair": 50.4,
            "eps_avg_yearly": 1.44,
            "eps_latest_yearly": 1.44,
            "eps_growth_yearly": 14000
        },
        "20053": {
            "year_quarter": 20053,
            "year": 2005,
            "quarter": 3,
            "eps": 0.02,
            "eps_growth_year": null,
            "eps_4q": -1.54,
            "eps_4q_growth_year": -1436.27,
            "roe": 0.19,
            "roe_4q": -13.96,
            "gross_profit": 183679,
            "gross_margin": 28.86,
            "gross_margin_4q_avg": 25.27,
            "net_income": 3172,
            "net_income_4q": null,
            "revenue": 636533,
            "revenue_4q": null,
            "common_shares": 1424624,
            "book_valuer_per_share": 11.77,
            "book_valuer_per_share_4q_avg": 11.91,
            "equity": 1676091,
            "current_ratio": 151.3,
            "debt_ratio": 57.52,
            "inventory_turnover_ratio": 1.24,
            "account_receivable_turnover_ratio": null,
            "reinvestment_rate": null,
            "research_to_sale_ratio": null,
            "price_fair": 50.4,
            "eps_avg_yearly": 1.44,
            "eps_latest_yearly": 1.44,
            "eps_growth_yearly": 14000
        },
        "20054": {
            "year_quarter": 20054,
            "year": 2005,
            "quarter": 4,
            "eps": 0.59,
            "eps_growth_year": null,
            "eps_4q": 0.08,
            "eps_4q_growth_year": null,
            "roe": 4.8,
            "roe_4q": 0.6499999999999999,
            "gross_profit": 208601,
            "gross_margin": 28.09,
            "gross_margin_4q_avg": 27.57,
            "net_income": 82289,
            "net_income_4q": null,
            "revenue": 742563,
            "revenue_4q": null,
            "common_shares": 1389714,
            "book_valuer_per_share": 12.38,
            "book_valuer_per_share_4q_avg": 11.94,
            "equity": 1750932,
            "current_ratio": 136.02,
            "debt_ratio": 60.85,
            "inventory_turnover_ratio": 1.5,
            "account_receivable_turnover_ratio": null,
            "reinvestment_rate": null,
            "research_to_sale_ratio": null,
            "price_fair": 66.5,
            "eps_avg_yearly": 1.9,
            "eps_latest_yearly": 2.36,
            "eps_growth_yearly": 12700
        },
        "20061": {
            "year_quarter": 20061,
            "year": 2006,
            "quarter": 1,
            "eps": 0.09,
            "eps_growth_year": null,
            "eps_4q": 0.56,
            "eps_4q_growth_year": null,
            "roe": 0.72,
            "roe_4q": 4.51,
            "gross_profit": 178005,
            "gross_margin": 27.57,
            "gross_margin_4q_avg": 27.34,
            "net_income": 12589,
            "net_income_4q": null,
            "revenue": 645668,
            "revenue_4q": null,
            "common_shares": 1389714,
            "book_valuer_per_share": 12.49,
            "book_valuer_per_share_4q_avg": 12.09,
            "equity": 1735955,
            "current_ratio": 160.3,
            "debt_ratio": 53.49,
            "inventory_turnover_ratio": 1.3,
            "account_receivable_turnover_ratio": null,
            "reinvestment_rate": null,
            "research_to_sale_ratio": null,
            "price_fair": 48.53,
            "eps_avg_yearly": 1.39,
            "eps_latest_yearly": 0.36,
            "eps_growth_yearly": 8353.67
        },
        "20062": {
            "year_quarter": 20062,
            "year": 2006,
            "quarter": 2,
            "eps": -0.01,
            "eps_growth_year": null,
            "eps_4q": 0.69,
            "eps_4q_growth_year": null,
            "roe": -0.11,
            "roe_4q": 5.6000000000000005,
            "gross_profit": 185439,
            "gross_margin": 31.27,
            "gross_margin_4q_avg": 28.95,
            "net_income": -1957,
            "net_income_4q": null,
            "revenue": 593081,
            "revenue_4q": null,
            "common_shares": 1389714,
            "book_valuer_per_share": 12.49,
            "book_valuer_per_share_4q_avg": 12.28,
            "equity": 1735516,
            "current_ratio": 154.66,
            "debt_ratio": 54.14,
            "inventory_turnover_ratio": 1.1,
            "account_receivable_turnover_ratio": null,
            "reinvestment_rate": null,
            "research_to_sale_ratio": null,
            "price_fair": 48.53,
            "eps_avg_yearly": 1.39,
            "eps_latest_yearly": 0.36,
            "eps_growth_yearly": 8353.67
        },
        "20063": {
            "year_quarter": 20063,
            "year": 2006,
            "quarter": 3,
            "eps": 0.08,
            "eps_growth_year": 300,
            "eps_4q": 0.75,
            "eps_4q_growth_year": null,
            "roe": 0.63,
            "roe_4q": 6.04,
            "gross_profit": 196794,
            "gross_margin": 30.98,
            "gross_margin_4q_avg": 29.48,
            "net_income": 11018,
            "net_income_4q": null,
            "revenue": 635154,
            "revenue_4q": null,
            "common_shares": 1389714,
            "book_valuer_per_share": 12.57,
            "book_valuer_per_share_4q_avg": 12.48,
            "equity": 1746253,
            "current_ratio": 151.35,
            "debt_ratio": 56.92,
            "inventory_turnover_ratio": 0.97,
            "account_receivable_turnover_ratio": null,
            "reinvestment_rate": null,
            "research_to_sale_ratio": null,
            "price_fair": 48.53,
            "eps_avg_yearly": 1.39,
            "eps_latest_yearly": 0.36,
            "eps_growth_yearly": 8353.67
        },
        "20064": {
            "year_quarter": 20064,
            "year": 2006,
            "quarter": 4,
            "eps": -0.12,
            "eps_growth_year": -120.34,
            "eps_4q": 0.08,
            "eps_4q_growth_year": 1.87,
            "roe": -0.96,
            "roe_4q": 0.28,
            "gross_profit": 214504,
            "gross_margin": 23.81,
            "gross_margin_4q_avg": 28.41,
            "net_income": -16636,
            "net_income_4q": null,
            "revenue": 900911,
            "revenue_4q": null,
            "common_shares": 1355374,
            "book_valuer_per_share": 12.53,
            "book_valuer_per_share_4q_avg": 12.52,
            "equity": 1721957,
            "current_ratio": 168.49,
            "debt_ratio": 57.81,
            "inventory_turnover_ratio": 1.45,
            "account_receivable_turnover_ratio": null,
            "reinvestment_rate": null,
            "research_to_sale_ratio": null,
            "price_fair": 48.53,
            "eps_avg_yearly": 1.39,
            "eps_latest_yearly": 0.36,
            "eps_growth_yearly": 8353.67
        },
        "20071": {
            "year_quarter": 20071,
            "year": 2007,
            "quarter": 1,
            "eps": -0.42,
            "eps_growth_year": -566.67,
            "eps_4q": -0.48,
            "eps_4q_growth_year": -185.66,
            "roe": -3.29,
            "roe_4q": -3.73,
            "gross_profit": 110232,
            "gross_margin": 19.55,
            "gross_margin_4q_avg": 26.4,
            "net_income": -55570,
            "net_income_4q": null,
            "revenue": 563989,
            "revenue_4q": null,
            "common_shares": 1359516,
            "book_valuer_per_share": 12.15,
            "book_valuer_per_share_4q_avg": 12.44,
            "equity": 1651308,
            "current_ratio": 186.44,
            "debt_ratio": 54.4,
            "inventory_turnover_ratio": 1.01,
            "account_receivable_turnover_ratio": null,
            "reinvestment_rate": null,
            "research_to_sale_ratio": null,
            "price_fair": 48.53,
            "eps_avg_yearly": 1.39,
            "eps_latest_yearly": 0.36,
            "eps_growth_yearly": 8353.67
        },
        "20072": {
            "year_quarter": 20072,
            "year": 2007,
            "quarter": 2,
            "eps": -0.22,
            "eps_growth_year": null,
            "eps_4q": -0.66,
            "eps_4q_growth_year": -195.34,
            "roe": -1.73,
            "roe_4q": -5.35,
            "gross_profit": 178103,
            "gross_margin": 27.93,
            "gross_margin_4q_avg": 25.57,
            "net_income": -28619,
            "net_income_4q": null,
            "revenue": 637684,
            "revenue_4q": null,
            "common_shares": 1362356,
            "book_valuer_per_share": 12.17,
            "book_valuer_per_share_4q_avg": 12.36,
            "equity": 1658559,
            "current_ratio": 162.92,
            "debt_ratio": 57.21,
            "inventory_turnover_ratio": 0.91,
            "account_receivable_turnover_ratio": null,
            "reinvestment_rate": null,
            "research_to_sale_ratio": null,
            "price_fair": 48.53,
            "eps_avg_yearly": 1.39,
            "eps_latest_yearly": 0.36,
            "eps_growth_yearly": 8353.67
        },
        "20073": {
            "year_quarter": 20073,
            "year": 2007,
            "quarter": 3,
            "eps": 0.08,
            "eps_growth_year": 0,
            "eps_4q": -0.68,
            "eps_4q_growth_year": -190.2,
            "roe": 0.64,
            "roe_4q": -5.34,
            "gross_profit": 191768,
            "gross_margin": 27.65,
            "gross_margin_4q_avg": 24.74,
            "net_income": 10603,
            "net_income_4q": null,
            "revenue": 693596,
            "revenue_4q": null,
            "common_shares": 1364104,
            "book_valuer_per_share": 12.31,
            "book_valuer_per_share_4q_avg": 12.29,
            "equity": 1679782,
            "current_ratio": 146.53,
            "debt_ratio": 58.8,
            "inventory_turnover_ratio": 0.88,
            "account_receivable_turnover_ratio": null,
            "reinvestment_rate": null,
            "research_to_sale_ratio": null,
            "price_fair": 48.53,
            "eps_avg_yearly": 1.39,
            "eps_latest_yearly": 0.36,
            "eps_growth_yearly": 8353.67
        },
        "20074": {
            "year_quarter": 20074,
            "year": 2007,
            "quarter": 4,
            "eps": 0.62,
            "eps_growth_year": null,
            "eps_4q": 0.07,
            "eps_4q_growth_year": -18.22,
            "roe": 4.78,
            "roe_4q": 0.3999999999999999,
            "gross_profit": 228975,
            "gross_margin": 21.03,
            "gross_margin_4q_avg": 24.04,
            "net_income": 82655,
            "net_income_4q": null,
            "revenue": 1088964,
            "revenue_4q": null,
            "common_shares": 1364279,
            "book_valuer_per_share": 12.9,
            "book_valuer_per_share_4q_avg": 12.38,
            "equity": 1775725,
            "current_ratio": 143.8,
            "debt_ratio": 60.82,
            "inventory_turnover_ratio": 1.64,
            "account_receivable_turnover_ratio": null,
            "reinvestment_rate": null,
            "research_to_sale_ratio": null,
            "price_fair": 60.67,
            "eps_avg_yearly": 1.73,
            "eps_latest_yearly": 2.48,
            "eps_growth_yearly": 4587.01
        },
        "20081": {
            "year_quarter": 20081,
            "year": 2008,
            "quarter": 1,
            "eps": 0.01,
            "eps_growth_year": null,
            "eps_4q": 0.43,
            "eps_4q_growth_year": null,
            "roe": 0.09,
            "roe_4q": 3.78,
            "gross_profit": 198238,
            "gross_margin": 28.09,
            "gross_margin_4q_avg": 26.18,
            "net_income": 1519,
            "net_income_4q": null,
            "revenue": 705696,
            "revenue_4q": null,
            "common_shares": 1364279,
            "book_valuer_per_share": 12.48,
            "book_valuer_per_share_4q_avg": 12.47,
            "equity": 1704177,
            "current_ratio": 140.53,
            "debt_ratio": 58.8,
            "inventory_turnover_ratio": 0.99,
            "account_receivable_turnover_ratio": null,
            "reinvestment_rate": null,
            "research_to_sale_ratio": null,
            "price_fair": 45.85,
            "eps_avg_yearly": 1.31,
            "eps_latest_yearly": 0.04,
            "eps_growth_yearly": 3341.87
        },
        "20082": {
            "year_quarter": 20082,
            "year": 2008,
            "quarter": 2,
            "eps": 0.08,
            "eps_growth_year": null,
            "eps_4q": 0.8,
            "eps_4q_growth_year": null,
            "roe": 0.62,
            "roe_4q": 6.13,
            "gross_profit": 207175,
            "gross_margin": 24.94,
            "gross_margin_4q_avg": 25.43,
            "net_income": 10536,
            "net_income_4q": null,
            "revenue": 830575,
            "revenue_4q": null,
            "common_shares": 1364279,
            "book_valuer_per_share": 12.53,
            "book_valuer_per_share_4q_avg": 12.56,
            "equity": 1709882,
            "current_ratio": 144.62,
            "debt_ratio": 61.65,
            "inventory_turnover_ratio": 1,
            "account_receivable_turnover_ratio": null,
            "reinvestment_rate": null,
            "research_to_sale_ratio": null,
            "price_fair": 38.92,
            "eps_avg_yearly": 1.11,
            "eps_latest_yearly": 0.32,
            "eps_growth_yearly": 3233.49
        },
        "20083": {
            "year_quarter": 20083,
            "year": 2008,
            "quarter": 3,
            "eps": 0.04,
            "eps_growth_year": -50,
            "eps_4q": 0.87,
            "eps_4q_growth_year": null,
            "roe": 0.27,
            "roe_4q": 5.76,
            "gross_profit": 206660,
            "gross_margin": 22.56,
            "gross_margin_4q_avg": 24.16,
            "net_income": 4567,
            "net_income_4q": null,
            "revenue": 916166,
            "revenue_4q": null,
            "common_shares": 1364279,
            "book_valuer_per_share": 12.63,
            "book_valuer_per_share_4q_avg": 12.64,
            "equity": 1723522,
            "current_ratio": 146.09,
            "debt_ratio": 60.2,
            "inventory_turnover_ratio": 1.01,
            "account_receivable_turnover_ratio": null,
            "reinvestment_rate": null,
            "research_to_sale_ratio": null,
            "price_fair": 33.37,
            "eps_avg_yearly": 0.95,
            "eps_latest_yearly": 0.16,
            "eps_growth_yearly": 2661.24
        },
        "20084": {
            "year_quarter": 20084,
            "year": 2008,
            "quarter": 4,
            "eps": 0.4,
            "eps_growth_year": -35.48,
            "eps_4q": 0.52,
            "eps_4q_growth_year": 666.73,
            "roe": 2.99,
            "roe_4q": 3.97,
            "gross_profit": 325308,
            "gross_margin": 22.97,
            "gross_margin_4q_avg": 24.64,
            "net_income": 52495,
            "net_income_4q": null,
            "revenue": 1415932,
            "revenue_4q": null,
            "common_shares": 1298249,
            "book_valuer_per_share": 13.78,
            "book_valuer_per_share_4q_avg": 12.86,
            "equity": 1788477,
            "current_ratio": 131.51,
            "debt_ratio": 56.1,
            "inventory_turnover_ratio": 2.06,
            "account_receivable_turnover_ratio": 2.53,
            "reinvestment_rate": 30.61,
            "research_to_sale_ratio": null,
            "price_fair": 36.6,
            "eps_avg_yearly": 1.05,
            "eps_latest_yearly": 1.6,
            "eps_growth_yearly": 2795.35
        },
        "20091": {
            "year_quarter": 20091,
            "year": 2009,
            "quarter": 1,
            "eps": 0.26,
            "eps_growth_year": 2500,
            "eps_4q": 0.79,
            "eps_4q_growth_year": 84.32,
            "roe": 1.85,
            "roe_4q": 5.7299999999999995,
            "gross_profit": 212544,
            "gross_margin": 25.58,
            "gross_margin_4q_avg": 24.01,
            "net_income": 33232,
            "net_income_4q": null,
            "revenue": 830885,
            "revenue_4q": null,
            "common_shares": 1298249,
            "book_valuer_per_share": 13.93,
            "book_valuer_per_share_4q_avg": 13.22,
            "equity": 1807823,
            "current_ratio": 150.26,
            "debt_ratio": 50.76,
            "inventory_turnover_ratio": 1.66,
            "account_receivable_turnover_ratio": 0.92,
            "reinvestment_rate": 1.55,
            "research_to_sale_ratio": null,
            "price_fair": 36.58,
            "eps_avg_yearly": 1.05,
            "eps_latest_yearly": 1.04,
            "eps_growth_yearly": 2428.43
        },
        "20092": {
            "year_quarter": 20092,
            "year": 2009,
            "quarter": 2,
            "eps": -0.04,
            "eps_growth_year": -150,
            "eps_4q": 0.65,
            "eps_4q_growth_year": -18.27,
            "roe": -0.32,
            "roe_4q": 4.790000000000001,
            "gross_profit": 226763,
            "gross_margin": 27.06,
            "gross_margin_4q_avg": 24.54,
            "net_income": -5629,
            "net_income_4q": null,
            "revenue": 838122,
            "revenue_4q": null,
            "common_shares": 1298249,
            "book_valuer_per_share": 13.32,
            "book_valuer_per_share_4q_avg": 13.42,
            "equity": 1728824,
            "current_ratio": 117.93,
            "debt_ratio": 49.07,
            "inventory_turnover_ratio": 1.58,
            "account_receivable_turnover_ratio": 1.23,
            "reinvestment_rate": 2.96,
            "research_to_sale_ratio": null,
            "price_fair": 36.58,
            "eps_avg_yearly": 1.05,
            "eps_latest_yearly": 1.04,
            "eps_growth_yearly": 2428.43
        },
        "20093": {
            "year_quarter": 20093,
            "year": 2009,
            "quarter": 3,
            "eps": 0.47,
            "eps_growth_year": 1075,
            "eps_4q": 1.07,
            "eps_4q_growth_year": 23.51,
            "roe": 3.54,
            "roe_4q": 8.06,
            "gross_profit": 264744,
            "gross_margin": 26.78,
            "gross_margin_4q_avg": 25.6,
            "net_income": 62733,
            "net_income_4q": null,
            "revenue": 988602,
            "revenue_4q": null,
            "common_shares": 1386884,
            "book_valuer_per_share": 13.08,
            "book_valuer_per_share_4q_avg": 13.53,
            "equity": 1814639,
            "current_ratio": 151.23,
            "debt_ratio": 51,
            "inventory_turnover_ratio": 1.64,
            "account_receivable_turnover_ratio": 1.22,
            "reinvestment_rate": 9.61,
            "research_to_sale_ratio": null,
            "price_fair": 36.58,
            "eps_avg_yearly": 1.05,
            "eps_latest_yearly": 1.04,
            "eps_growth_yearly": 2428.43
        },
        "20094": {
            "year_quarter": 20094,
            "year": 2009,
            "quarter": 4,
            "eps": 0.4,
            "eps_growth_year": 0,
            "eps_4q": 1.06,
            "eps_4q_growth_year": 104.16,
            "roe": 2.93,
            "roe_4q": 8,
            "gross_profit": 333867,
            "gross_margin": 25.47,
            "gross_margin_4q_avg": 26.22,
            "net_income": 54008,
            "net_income_4q": null,
            "revenue": 1310791,
            "revenue_4q": null,
            "common_shares": 1386884,
            "book_valuer_per_share": 13.79,
            "book_valuer_per_share_4q_avg": 13.53,
            "equity": 1869621,
            "current_ratio": 162.72,
            "debt_ratio": 49.23,
            "inventory_turnover_ratio": 2.14,
            "account_receivable_turnover_ratio": 2.22,
            "reinvestment_rate": 429.21,
            "research_to_sale_ratio": null,
            "price_fair": 33.25,
            "eps_avg_yearly": 0.95,
            "eps_latest_yearly": 1.6,
            "eps_growth_yearly": 995.99
        },
        "20101": {
            "year_quarter": 20101,
            "year": 2010,
            "quarter": 1,
            "eps": 0.31,
            "eps_growth_year": 19.23,
            "eps_4q": 1.1,
            "eps_4q_growth_year": 38.77,
            "roe": 2.23,
            "roe_4q": 8.379999999999999,
            "gross_profit": 240098,
            "gross_margin": 21.47,
            "gross_margin_4q_avg": 25.2,
            "net_income": 42596,
            "net_income_4q": null,
            "revenue": 1118325,
            "revenue_4q": null,
            "common_shares": 1412689,
            "book_valuer_per_share": 13.98,
            "book_valuer_per_share_4q_avg": 13.54,
            "equity": 1949411,
            "current_ratio": 153.26,
            "debt_ratio": 50.13,
            "inventory_turnover_ratio": 1.66,
            "account_receivable_turnover_ratio": 1,
            "reinvestment_rate": 444.51,
            "research_to_sale_ratio": 4.12,
            "price_fair": 37.1,
            "eps_avg_yearly": 1.06,
            "eps_latest_yearly": 1.24,
            "eps_growth_yearly": 1027.11
        },
        "20102": {
            "year_quarter": 20102,
            "year": 2010,
            "quarter": 2,
            "eps": -0.14,
            "eps_growth_year": null,
            "eps_4q": 0.85,
            "eps_4q_growth_year": 30.44,
            "roe": -1.08,
            "roe_4q": 7.62,
            "gross_profit": 327870,
            "gross_margin": 20.11,
            "gross_margin_4q_avg": 23.46,
            "net_income": -21898,
            "net_income_4q": null,
            "revenue": 1630196,
            "revenue_4q": null,
            "common_shares": 1617474,
            "book_valuer_per_share": 13.18,
            "book_valuer_per_share_4q_avg": 13.51,
            "equity": 2092746,
            "current_ratio": 148,
            "debt_ratio": 54.19,
            "inventory_turnover_ratio": 1.79,
            "account_receivable_turnover_ratio": 1.35,
            "reinvestment_rate": 435.64,
            "research_to_sale_ratio": 2.28,
            "price_fair": 37.1,
            "eps_avg_yearly": 1.06,
            "eps_latest_yearly": 1.24,
            "eps_growth_yearly": 1027.11
        },
        "20103": {
            "year_quarter": 20103,
            "year": 2010,
            "quarter": 3,
            "eps": 0.62,
            "eps_growth_year": 31.61,
            "eps_4q": 1.08,
            "eps_4q_growth_year": 0.96,
            "roe": 4.69,
            "roe_4q": 8.77,
            "gross_profit": 353610,
            "gross_margin": 18.02,
            "gross_margin_4q_avg": 21.27,
            "net_income": 100361,
            "net_income_4q": null,
            "revenue": 1962316,
            "revenue_4q": null,
            "common_shares": 1653729,
            "book_valuer_per_share": 13.48,
            "book_valuer_per_share_4q_avg": 13.61,
            "equity": 2187142,
            "current_ratio": 139.49,
            "debt_ratio": 54.69,
            "inventory_turnover_ratio": 1.92,
            "account_receivable_turnover_ratio": 1.35,
            "reinvestment_rate": 245.87,
            "research_to_sale_ratio": 2.26,
            "price_fair": 37.1,
            "eps_avg_yearly": 1.06,
            "eps_latest_yearly": 1.24,
            "eps_growth_yearly": 1027.11
        },
        "20104": {
            "year_quarter": 20104,
            "year": 2010,
            "quarter": 4,
            "eps": 0.54,
            "eps_growth_year": 34.49,
            "eps_4q": 1.28,
            "eps_4q_growth_year": 20.57,
            "roe": 3.92,
            "roe_4q": 9.76,
            "gross_profit": 383155,
            "gross_margin": 16.83,
            "gross_margin_4q_avg": 19.11,
            "net_income": 87308,
            "net_income_4q": null,
            "revenue": 2277129,
            "revenue_4q": null,
            "common_shares": 1654339,
            "book_valuer_per_share": 13.96,
            "book_valuer_per_share_4q_avg": 13.65,
            "equity": 2265838,
            "current_ratio": 137.15,
            "debt_ratio": 57.41,
            "inventory_turnover_ratio": 2.32,
            "account_receivable_turnover_ratio": 1.3,
            "reinvestment_rate": 169.78,
            "research_to_sale_ratio": 2.02,
            "price_fair": 41.38,
            "eps_avg_yearly": 1.18,
            "eps_latest_yearly": 2.16,
            "eps_growth_yearly": 907.25
        },
        "20111": {
            "year_quarter": 20111,
            "year": 2011,
            "quarter": 1,
            "eps": 0.62,
            "eps_growth_year": 100,
            "eps_4q": 1.63,
            "eps_4q_growth_year": 48.31,
            "roe": 4.33,
            "roe_4q": 11.860000000000001,
            "gross_profit": 317146,
            "gross_margin": 23.75,
            "gross_margin_4q_avg": 19.68,
            "net_income": 100272,
            "net_income_4q": null,
            "revenue": 1335197,
            "revenue_4q": null,
            "common_shares": 1665019,
            "book_valuer_per_share": 14.46,
            "book_valuer_per_share_4q_avg": 13.77,
            "equity": 2362139,
            "current_ratio": 165.21,
            "debt_ratio": 47.53,
            "inventory_turnover_ratio": 1.32,
            "account_receivable_turnover_ratio": 0.81,
            "reinvestment_rate": 117.46,
            "research_to_sale_ratio": 3.38,
            "price_fair": 45.92,
            "eps_avg_yearly": 1.31,
            "eps_latest_yearly": 2.48,
            "eps_growth_yearly": 822.45
        },
        "20112": {
            "year_quarter": 20112,
            "year": 2011,
            "quarter": 2,
            "eps": 0.08,
            "eps_growth_year": null,
            "eps_4q": 1.84,
            "eps_4q_growth_year": 116.73,
            "roe": 0.55,
            "roe_4q": 13.490000000000002,
            "gross_profit": 208451,
            "gross_margin": 22.48,
            "gross_margin_4q_avg": 20.27,
            "net_income": 12531,
            "net_income_4q": null,
            "revenue": 927108,
            "revenue_4q": null,
            "common_shares": 1668401,
            "book_valuer_per_share": 13.28,
            "book_valuer_per_share_4q_avg": 13.8,
            "equity": 2169009,
            "current_ratio": 165.2,
            "debt_ratio": 45.4,
            "inventory_turnover_ratio": 0.91,
            "account_receivable_turnover_ratio": 0.83,
            "reinvestment_rate": 107.36,
            "research_to_sale_ratio": 4.98,
            "price_fair": 42.76,
            "eps_avg_yearly": 1.22,
            "eps_latest_yearly": 0.32,
            "eps_growth_yearly": 716.01
        },
        "20113": {
            "year_quarter": 20113,
            "year": 2011,
            "quarter": 3,
            "eps": 0.05,
            "eps_growth_year": -92,
            "eps_4q": 1.35,
            "eps_4q_growth_year": 24.84,
            "roe": 0.36,
            "roe_4q": 9.16,
            "gross_profit": 257206,
            "gross_margin": 15.36,
            "gross_margin_4q_avg": 19.61,
            "net_income": 7631,
            "net_income_4q": null,
            "revenue": 1674974,
            "revenue_4q": null,
            "common_shares": 1668836,
            "book_valuer_per_share": 13.21,
            "book_valuer_per_share_4q_avg": 13.73,
            "equity": 2036838,
            "current_ratio": 139.23,
            "debt_ratio": 58.08,
            "inventory_turnover_ratio": 1.59,
            "account_receivable_turnover_ratio": 1.33,
            "reinvestment_rate": 118.75,
            "research_to_sale_ratio": 2.71,
            "price_fair": 39.78,
            "eps_avg_yearly": 1.14,
            "eps_latest_yearly": 0.2,
            "eps_growth_yearly": 643.84
        },
        "20114": {
            "year_quarter": 20114,
            "year": 2011,
            "quarter": 4,
            "eps": 0.5,
            "eps_growth_year": -7.82,
            "eps_4q": 1.28,
            "eps_4q_growth_year": -0.58,
            "roe": 3.69,
            "roe_4q": 8.93,
            "gross_profit": 390702,
            "gross_margin": 19.63,
            "gross_margin_4q_avg": 20.31,
            "net_income": 76515,
            "net_income_4q": null,
            "revenue": 1990156,
            "revenue_4q": null,
            "common_shares": 1669631,
            "book_valuer_per_share": 13.71,
            "book_valuer_per_share_4q_avg": 13.67,
            "equity": 2115085,
            "current_ratio": 129.9,
            "debt_ratio": 60.14,
            "inventory_turnover_ratio": 1.72,
            "account_receivable_turnover_ratio": 1.13,
            "reinvestment_rate": 90.5,
            "research_to_sale_ratio": 2.36,
            "price_fair": 38.38,
            "eps_avg_yearly": 1.1,
            "eps_latest_yearly": 2,
            "eps_growth_yearly": 718.84
        },
        "20121": {
            "year_quarter": 20121,
            "year": 2012,
            "quarter": 1,
            "eps": 0.54,
            "eps_growth_year": -12.9,
            "eps_4q": 1.04,
            "eps_4q_growth_year": -35.95,
            "roe": 3.71,
            "roe_4q": 8.31,
            "gross_profit": 354658,
            "gross_margin": 20.1,
            "gross_margin_4q_avg": 19.39,
            "net_income": 84389,
            "net_income_4q": null,
            "revenue": 1764143,
            "revenue_4q": null,
            "common_shares": 1669631,
            "book_valuer_per_share": 14.03,
            "book_valuer_per_share_4q_avg": 13.56,
            "equity": 2438820,
            "current_ratio": 171.18,
            "debt_ratio": 53.6,
            "inventory_turnover_ratio": 1.55,
            "account_receivable_turnover_ratio": 0.86,
            "reinvestment_rate": 142.18,
            "research_to_sale_ratio": 2.63,
            "price_fair": 44.57,
            "eps_avg_yearly": 1.27,
            "eps_latest_yearly": 2.16,
            "eps_growth_yearly": 754.31
        },
        "20122": {
            "year_quarter": 20122,
            "year": 2012,
            "quarter": 2,
            "eps": 0.38,
            "eps_growth_year": 392.52,
            "eps_4q": 1.31,
            "eps_4q_growth_year": -28.61,
            "roe": 2.98,
            "roe_4q": 10.739999999999998,
            "gross_profit": 321331,
            "gross_margin": 17.65,
            "gross_margin_4q_avg": 18.19,
            "net_income": 72371,
            "net_income_4q": null,
            "revenue": 1820968,
            "revenue_4q": null,
            "common_shares": 1869549,
            "book_valuer_per_share": 13.03,
            "book_valuer_per_share_4q_avg": 13.5,
            "equity": 2425831,
            "current_ratio": 162.51,
            "debt_ratio": 54.93,
            "inventory_turnover_ratio": 1.54,
            "account_receivable_turnover_ratio": 0.86,
            "reinvestment_rate": 128.53,
            "research_to_sale_ratio": 2.79,
            "price_fair": 48.07,
            "eps_avg_yearly": 1.37,
            "eps_latest_yearly": 1.52,
            "eps_growth_yearly": 511.1
        },
        "20123": {
            "year_quarter": 20123,
            "year": 2012,
            "quarter": 3,
            "eps": 0.36,
            "eps_growth_year": 632.37,
            "eps_4q": 1.52,
            "eps_4q_growth_year": 12.76,
            "roe": 2.86,
            "roe_4q": 13.24,
            "gross_profit": 385993,
            "gross_margin": 23.92,
            "gross_margin_4q_avg": 20.33,
            "net_income": 73853,
            "net_income_4q": null,
            "revenue": 1613871,
            "revenue_4q": null,
            "common_shares": 2029350,
            "book_valuer_per_share": 13.18,
            "book_valuer_per_share_4q_avg": 13.49,
            "equity": 2740196,
            "current_ratio": 174.27,
            "debt_ratio": 49.11,
            "inventory_turnover_ratio": 1.21,
            "account_receivable_turnover_ratio": 0.78,
            "reinvestment_rate": 125.82,
            "research_to_sale_ratio": 3.13,
            "price_fair": 51.8,
            "eps_avg_yearly": 1.48,
            "eps_latest_yearly": 1.44,
            "eps_growth_yearly": 526.01
        },
        "20124": {
            "year_quarter": 20124,
            "year": 2012,
            "quarter": 4,
            "eps": 0.32,
            "eps_growth_year": -34.76,
            "eps_4q": 1.43,
            "eps_4q_growth_year": 12.29,
            "roe": 2.64,
            "roe_4q": 12.190000000000001,
            "gross_profit": 453496,
            "gross_margin": 23.21,
            "gross_margin_4q_avg": 21.22,
            "net_income": 76406,
            "net_income_4q": null,
            "revenue": 1953802,
            "revenue_4q": null,
            "common_shares": 2075719,
            "book_valuer_per_share": 13.46,
            "book_valuer_per_share_4q_avg": 13.43,
            "equity": 3040831,
            "current_ratio": 173.22,
            "debt_ratio": 47.04,
            "inventory_turnover_ratio": 1.59,
            "account_receivable_turnover_ratio": 0.96,
            "reinvestment_rate": 159.06,
            "research_to_sale_ratio": 2.25,
            "price_fair": 50.87,
            "eps_avg_yearly": 1.45,
            "eps_latest_yearly": 1.28,
            "eps_growth_yearly": 222.31
        },
        "20131": {
            "year_quarter": 20131,
            "year": 2013,
            "quarter": 1,
            "eps": 0.13,
            "eps_growth_year": -75.93,
            "eps_4q": 1.13,
            "eps_4q_growth_year": 8.26,
            "roe": 0.94,
            "roe_4q": 9.42,
            "gross_profit": 304072,
            "gross_margin": 22.55,
            "gross_margin_4q_avg": 21.83,
            "net_income": 28833,
            "net_income_4q": null,
            "revenue": 1348460,
            "revenue_4q": null,
            "common_shares": 2147020,
            "book_valuer_per_share": 13.66,
            "book_valuer_per_share_4q_avg": 13.33,
            "equity": 3126156,
            "current_ratio": 202.39,
            "debt_ratio": 48.73,
            "inventory_turnover_ratio": 1.04,
            "account_receivable_turnover_ratio": 0.83,
            "reinvestment_rate": 16.38,
            "research_to_sale_ratio": 3.45,
            "price_fair": 49.35,
            "eps_avg_yearly": 1.41,
            "eps_latest_yearly": 0.52,
            "eps_growth_yearly": 214.18
        },
        "20132": {
            "year_quarter": 20132,
            "year": 2013,
            "quarter": 2,
            "eps": 0.52,
            "eps_growth_year": 37.64,
            "eps_4q": 1.32,
            "eps_4q_growth_year": 0.63,
            "roe": 4.07,
            "roe_4q": 10.51,
            "gross_profit": 517942,
            "gross_margin": 24,
            "gross_margin_4q_avg": 23.42,
            "net_income": 124681,
            "net_income_4q": null,
            "revenue": 2158119,
            "revenue_4q": null,
            "common_shares": 2147020,
            "book_valuer_per_share": 13.15,
            "book_valuer_per_share_4q_avg": 13.36,
            "equity": 3000878,
            "current_ratio": 169.45,
            "debt_ratio": 55.98,
            "inventory_turnover_ratio": 1.48,
            "account_receivable_turnover_ratio": 1.47,
            "reinvestment_rate": 19.85,
            "research_to_sale_ratio": 2.23,
            "price_fair": 51.15,
            "eps_avg_yearly": 1.46,
            "eps_latest_yearly": 2.08,
            "eps_growth_yearly": 290.01
        },
        "20133": {
            "year_quarter": 20133,
            "year": 2013,
            "quarter": 3,
            "eps": 0.01,
            "eps_growth_year": -97.24,
            "eps_4q": 0.98,
            "eps_4q_growth_year": -35.66,
            "roe": 0.48,
            "roe_4q": 8.13,
            "gross_profit": 342261,
            "gross_margin": 25,
            "gross_margin_4q_avg": 23.69,
            "net_income": 14524,
            "net_income_4q": null,
            "revenue": 1369280,
            "revenue_4q": null,
            "common_shares": 2169455,
            "book_valuer_per_share": 12.95,
            "book_valuer_per_share_4q_avg": 13.31,
            "equity": 3018952,
            "current_ratio": 191.71,
            "debt_ratio": 52.49,
            "inventory_turnover_ratio": 0.78,
            "account_receivable_turnover_ratio": 0.95,
            "reinvestment_rate": 19.65,
            "research_to_sale_ratio": 3.63,
            "price_fair": 47.6,
            "eps_avg_yearly": 1.36,
            "eps_latest_yearly": 0.04,
            "eps_growth_yearly": 241.28
        },
        "20134": {
            "year_quarter": 20134,
            "year": 2013,
            "quarter": 4,
            "eps": -0.31,
            "eps_growth_year": -195.29,
            "eps_4q": 0.35,
            "eps_4q_growth_year": -75.29,
            "roe": -0.72,
            "roe_4q": 4.77,
            "gross_profit": 547110,
            "gross_margin": 27.82,
            "gross_margin_4q_avg": 24.84,
            "net_income": -21771,
            "net_income_4q": null,
            "revenue": 1966484,
            "revenue_4q": null,
            "common_shares": 2192790,
            "book_valuer_per_share": 12.7,
            "book_valuer_per_share_4q_avg": 13.12,
            "equity": 3025324,
            "current_ratio": 180.17,
            "debt_ratio": 54.17,
            "inventory_turnover_ratio": 0.97,
            "account_receivable_turnover_ratio": 1.43,
            "reinvestment_rate": -110.93,
            "research_to_sale_ratio": 2.95,
            "price_fair": 46.95,
            "eps_avg_yearly": 1.34,
            "eps_latest_yearly": 0.04,
            "eps_growth_yearly": 264.42
        },
        "20141": {
            "year_quarter": 20141,
            "year": 2014,
            "quarter": 1,
            "eps": 0.21,
            "eps_growth_year": 61.54,
            "eps_4q": 0.41,
            "eps_4q_growth_year": -63.98,
            "roe": 1.95,
            "roe_4q": 5.78,
            "gross_profit": 375395,
            "gross_margin": 25.08,
            "gross_margin_4q_avg": 25.48,
            "net_income": 63021,
            "net_income_4q": null,
            "revenue": 1496866,
            "revenue_4q": null,
            "common_shares": 2192790,
            "book_valuer_per_share": 13.06,
            "book_valuer_per_share_4q_avg": 12.97,
            "equity": 3436456,
            "current_ratio": 194.62,
            "debt_ratio": 47.24,
            "inventory_turnover_ratio": 0.81,
            "account_receivable_turnover_ratio": 1.14,
            "reinvestment_rate": -105.7,
            "research_to_sale_ratio": 4.19,
            "price_fair": 47.25,
            "eps_avg_yearly": 1.35,
            "eps_latest_yearly": 0.04,
            "eps_growth_yearly": 293.95
        },
        "20142": {
            "year_quarter": 20142,
            "year": 2014,
            "quarter": 2,
            "eps": 0.1,
            "eps_growth_year": -80.77,
            "eps_4q": 0.04,
            "eps_4q_growth_year": -96.84,
            "roe": 1.14,
            "roe_4q": 2.85,
            "gross_profit": 360930,
            "gross_margin": 29.09,
            "gross_margin_4q_avg": 26.75,
            "net_income": 38980,
            "net_income_4q": null,
            "revenue": 1240534,
            "revenue_4q": null,
            "common_shares": 2457507,
            "book_valuer_per_share": 12.75,
            "book_valuer_per_share_4q_avg": 12.87,
            "equity": 3380017,
            "current_ratio": 191.41,
            "debt_ratio": 46.46,
            "inventory_turnover_ratio": 0.59,
            "account_receivable_turnover_ratio": 1.31,
            "reinvestment_rate": -88.73,
            "research_to_sale_ratio": 4.53,
            "price_fair": 44.69,
            "eps_avg_yearly": 1.28,
            "eps_latest_yearly": 0.4,
            "eps_growth_yearly": 255.22
        },
        "20143": {
            "year_quarter": 20143,
            "year": 2014,
            "quarter": 3,
            "eps": 0.23,
            "eps_growth_year": 2200,
            "eps_4q": 0.26,
            "eps_4q_growth_year": -73.3,
            "roe": 1.57,
            "roe_4q": 3.9400000000000004,
            "gross_profit": 363496,
            "gross_margin": 23.89,
            "gross_margin_4q_avg": 26.47,
            "net_income": 53520,
            "net_income_4q": null,
            "revenue": 1521532,
            "revenue_4q": null,
            "common_shares": 2404049,
            "book_valuer_per_share": 13.05,
            "book_valuer_per_share_4q_avg": 12.89,
            "equity": 3452919,
            "current_ratio": 170.23,
            "debt_ratio": 52.04,
            "inventory_turnover_ratio": 0.7,
            "account_receivable_turnover_ratio": 1.52,
            "reinvestment_rate": -66.6,
            "research_to_sale_ratio": 4.91,
            "price_fair": 43.8,
            "eps_avg_yearly": 1.25,
            "eps_latest_yearly": 0.92,
            "eps_growth_yearly": 274.14
        },
        "20144": {
            "year_quarter": 20144,
            "year": 2014,
            "quarter": 4,
            "eps": 0.09,
            "eps_growth_year": null,
            "eps_4q": 0.64,
            "eps_4q_growth_year": 81.11,
            "roe": 2.27,
            "roe_4q": 6.93,
            "gross_profit": 444456,
            "gross_margin": 23.85,
            "gross_margin_4q_avg": 25.48,
            "net_income": 78584,
            "net_income_4q": null,
            "revenue": 1863682,
            "revenue_4q": null,
            "common_shares": 2405487,
            "book_valuer_per_share": 13.32,
            "book_valuer_per_share_4q_avg": 13.05,
            "equity": 3481512,
            "current_ratio": 250.18,
            "debt_ratio": 50.96,
            "inventory_turnover_ratio": 0.87,
            "account_receivable_turnover_ratio": 1.45,
            "reinvestment_rate": -76.79,
            "research_to_sale_ratio": 3.83,
            "price_fair": 39.3,
            "eps_avg_yearly": 1.12,
            "eps_latest_yearly": 0.36,
            "eps_growth_yearly": 260.43
        },
        "20151": {
            "year_quarter": 20151,
            "year": 2015,
            "quarter": 1,
            "eps": -0.06,
            "eps_growth_year": -128.57,
            "eps_4q": 0.37,
            "eps_4q_growth_year": -8.62,
            "roe": 0.13,
            "roe_4q": 5.109999999999999,
            "gross_profit": 403830,
            "gross_margin": 22.06,
            "gross_margin_4q_avg": 24.72,
            "net_income": 4666,
            "net_income_4q": null,
            "revenue": 1830582,
            "revenue_4q": null,
            "common_shares": 2321373,
            "book_valuer_per_share": 13.27,
            "book_valuer_per_share_4q_avg": 13.1,
            "equity": 3514280,
            "current_ratio": 226.42,
            "debt_ratio": 51.48,
            "inventory_turnover_ratio": 0.92,
            "account_receivable_turnover_ratio": 1.33,
            "reinvestment_rate": -56.8,
            "research_to_sale_ratio": 3.49,
            "price_fair": 35.65,
            "eps_avg_yearly": 1.02,
            "eps_latest_yearly": 0.36,
            "eps_growth_yearly": 275.91
        },
        "20152": {
            "year_quarter": 20152,
            "year": 2015,
            "quarter": 2,
            "eps": 0.22,
            "eps_growth_year": 120,
            "eps_4q": 0.48,
            "eps_4q_growth_year": 1046.89,
            "roe": 1.58,
            "roe_4q": 5.55,
            "gross_profit": 410638,
            "gross_margin": 20.17,
            "gross_margin_4q_avg": 22.49,
            "net_income": 54305,
            "net_income_4q": null,
            "revenue": 2036261,
            "revenue_4q": null,
            "common_shares": 2339112,
            "book_valuer_per_share": 12.93,
            "book_valuer_per_share_4q_avg": 13.14,
            "equity": 3367069,
            "current_ratio": 186.76,
            "debt_ratio": 52.42,
            "inventory_turnover_ratio": 1.05,
            "account_receivable_turnover_ratio": 1.64,
            "reinvestment_rate": -53.73,
            "research_to_sale_ratio": 3.21,
            "price_fair": 37.68,
            "eps_avg_yearly": 1.08,
            "eps_latest_yearly": 0.36,
            "eps_growth_yearly": 327.93
        },
        "20153": {
            "year_quarter": 20153,
            "year": 2015,
            "quarter": 3,
            "eps": 0.32,
            "eps_growth_year": 39.13,
            "eps_4q": 0.59,
            "eps_4q_growth_year": 124.96,
            "roe": 2.34,
            "roe_4q": 6.32,
            "gross_profit": 409164,
            "gross_margin": 21.54,
            "gross_margin_4q_avg": 21.91,
            "net_income": 78925,
            "net_income_4q": null,
            "revenue": 1899646,
            "revenue_4q": null,
            "common_shares": 2339112,
            "book_valuer_per_share": 13.37,
            "book_valuer_per_share_4q_avg": 13.22,
            "equity": 3365206,
            "current_ratio": 188.31,
            "debt_ratio": 52.08,
            "inventory_turnover_ratio": 0.95,
            "account_receivable_turnover_ratio": 1.97,
            "reinvestment_rate": -54.58,
            "research_to_sale_ratio": 3.69,
            "price_fair": 40.83,
            "eps_avg_yearly": 1.17,
            "eps_latest_yearly": 1.28,
            "eps_growth_yearly": 355.58
        },
        "20154": {
            "year_quarter": 20154,
            "year": 2015,
            "quarter": 4,
            "eps": 0.5,
            "eps_growth_year": 451.22,
            "eps_4q": 1,
            "eps_4q_growth_year": 55.13,
            "roe": 4.43,
            "roe_4q": 8.48,
            "gross_profit": 533173,
            "gross_margin": 23.22,
            "gross_margin_4q_avg": 21.75,
            "net_income": 151358,
            "net_income_4q": null,
            "revenue": 2296460,
            "revenue_4q": null,
            "common_shares": 2239112,
            "book_valuer_per_share": 13.78,
            "book_valuer_per_share_4q_avg": 13.34,
            "equity": 3475272,
            "current_ratio": 191.48,
            "debt_ratio": 51.52,
            "inventory_turnover_ratio": 1.12,
            "account_receivable_turnover_ratio": 2.16,
            "reinvestment_rate": -72.03,
            "research_to_sale_ratio": 3.29,
            "price_fair": 40.83,
            "eps_avg_yearly": 1.17,
            "eps_latest_yearly": 2,
            "eps_growth_yearly": 74.33
        },
        "20161": {
            "year_quarter": 20161,
            "year": 2016,
            "quarter": 1,
            "eps": 0.4,
            "eps_growth_year": null,
            "eps_4q": 1.45,
            "eps_4q_growth_year": 288.87,
            "roe": 2.87,
            "roe_4q": 11.22,
            "gross_profit": 491397,
            "gross_margin": 24.05,
            "gross_margin_4q_avg": 22.25,
            "net_income": 101510,
            "net_income_4q": null,
            "revenue": 2043638,
            "revenue_4q": null,
            "common_shares": 2262684,
            "book_valuer_per_share": 14.16,
            "book_valuer_per_share_4q_avg": 13.56,
            "equity": 3600889,
            "current_ratio": 181.12,
            "debt_ratio": 50.07,
            "inventory_turnover_ratio": 1.01,
            "account_receivable_turnover_ratio": 1.78,
            "reinvestment_rate": -140.24,
            "research_to_sale_ratio": 3.59,
            "price_fair": 39.2,
            "eps_avg_yearly": 1.12,
            "eps_latest_yearly": 1.6,
            "eps_growth_yearly": 65
        },
        "20162": {
            "year_quarter": 20162,
            "year": 2016,
            "quarter": 2,
            "eps": 0.34,
            "eps_growth_year": 54.55,
            "eps_4q": 1.57,
            "eps_4q_growth_year": 227.07,
            "roe": 2.61,
            "roe_4q": 12.25,
            "gross_profit": 510014,
            "gross_margin": 25.19,
            "gross_margin_4q_avg": 23.5,
            "net_income": 92125,
            "net_income_4q": null,
            "revenue": 2024319,
            "revenue_4q": null,
            "common_shares": 2262684,
            "book_valuer_per_share": 13.71,
            "book_valuer_per_share_4q_avg": 13.76,
            "equity": 3455395,
            "current_ratio": 184.07,
            "debt_ratio": 55.91,
            "inventory_turnover_ratio": 0.96,
            "account_receivable_turnover_ratio": 1.85,
            "reinvestment_rate": -98.12,
            "research_to_sale_ratio": 3.72,
            "price_fair": 38.73,
            "eps_avg_yearly": 1.11,
            "eps_latest_yearly": 1.36,
            "eps_growth_yearly": 69.88
        },
        "20163": {
            "year_quarter": 20163,
            "year": 2016,
            "quarter": 3,
            "eps": 0.39,
            "eps_growth_year": 21.88,
            "eps_4q": 1.63,
            "eps_4q_growth_year": 177,
            "roe": 2.85,
            "roe_4q": 12.76,
            "gross_profit": 540563,
            "gross_margin": 27.25,
            "gross_margin_4q_avg": 24.93,
            "net_income": 101857,
            "net_income_4q": null,
            "revenue": 1983370,
            "revenue_4q": null,
            "common_shares": 2262684,
            "book_valuer_per_share": 14.16,
            "book_valuer_per_share_4q_avg": 13.95,
            "equity": 3693986,
            "current_ratio": 193.04,
            "debt_ratio": 54.4,
            "inventory_turnover_ratio": 0.85,
            "account_receivable_turnover_ratio": 1.58,
            "reinvestment_rate": -88.42,
            "research_to_sale_ratio": 4.4,
            "price_fair": 39.08,
            "eps_avg_yearly": 1.12,
            "eps_latest_yearly": 1.56,
            "eps_growth_yearly": 76.53
        },
        "20164": {
            "year_quarter": 20164,
            "year": 2016,
            "quarter": 4,
            "eps": 0.85,
            "eps_growth_year": 71.4,
            "eps_4q": 1.99,
            "eps_4q_growth_year": 99.54,
            "roe": 5.98,
            "roe_4q": 14.309999999999999,
            "gross_profit": 685385,
            "gross_margin": 25.28,
            "gross_margin_4q_avg": 25.44,
            "net_income": 227402,
            "net_income_4q": null,
            "revenue": 2711391,
            "revenue_4q": null,
            "common_shares": 2262684,
            "book_valuer_per_share": 14.97,
            "book_valuer_per_share_4q_avg": 14.25,
            "equity": 3915915,
            "current_ratio": 211.13,
            "debt_ratio": 51.7,
            "inventory_turnover_ratio": 1.14,
            "account_receivable_turnover_ratio": 1.79,
            "reinvestment_rate": -100.73,
            "research_to_sale_ratio": 3.85,
            "price_fair": 45.27,
            "eps_avg_yearly": 1.29,
            "eps_latest_yearly": 3.4,
            "eps_growth_yearly": 119.55
        },
        "20171": {
            "year_quarter": 20171,
            "year": 2017,
            "quarter": 1,
            "eps": 0.07,
            "eps_growth_year": -82.5,
            "eps_4q": 1.64,
            "eps_4q_growth_year": 13.28,
            "roe": 0.81,
            "roe_4q": 12.25,
            "gross_profit": 479790,
            "gross_margin": 24.15,
            "gross_margin_4q_avg": 25.47,
            "net_income": 32043,
            "net_income_4q": null,
            "revenue": 1986365,
            "revenue_4q": null,
            "common_shares": 2262684,
            "book_valuer_per_share": 14.94,
            "book_valuer_per_share_4q_avg": 14.45,
            "equity": 3958791,
            "current_ratio": 221.77,
            "debt_ratio": 49.96,
            "inventory_turnover_ratio": 0.83,
            "account_receivable_turnover_ratio": 1.4,
            "reinvestment_rate": 31.99,
            "research_to_sale_ratio": 3.78,
            "price_fair": 44.57,
            "eps_avg_yearly": 1.27,
            "eps_latest_yearly": 0.28,
            "eps_growth_yearly": 108.76
        },
        "20172": {
            "year_quarter": 20172,
            "year": 2017,
            "quarter": 2,
            "eps": 0.47,
            "eps_growth_year": 38.24,
            "eps_4q": 1.76,
            "eps_4q_growth_year": 12.06,
            "roe": 3.19,
            "roe_4q": 12.83,
            "gross_profit": 530766,
            "gross_margin": 24.58,
            "gross_margin_4q_avg": 25.32,
            "net_income": 121499,
            "net_income_4q": null,
            "revenue": 2159069,
            "revenue_4q": null,
            "common_shares": 2297306,
            "book_valuer_per_share": 13.78,
            "book_valuer_per_share_4q_avg": 14.46,
            "equity": 3657404,
            "current_ratio": 185.48,
            "debt_ratio": 54.88,
            "inventory_turnover_ratio": 0.89,
            "account_receivable_turnover_ratio": 1.99,
            "reinvestment_rate": 27.03,
            "research_to_sale_ratio": 4.56,
            "price_fair": 43.98,
            "eps_avg_yearly": 1.26,
            "eps_latest_yearly": 1.88,
            "eps_growth_yearly": 199.23
        },
        "20173": {
            "year_quarter": 20173,
            "year": 2017,
            "quarter": 3,
            "eps": 0.52,
            "eps_growth_year": 33.33,
            "eps_4q": 1.89,
            "eps_4q_growth_year": 15.96,
            "roe": 3.66,
            "roe_4q": 13.64,
            "gross_profit": 544065,
            "gross_margin": 23.97,
            "gross_margin_4q_avg": 24.5,
            "net_income": 136549,
            "net_income_4q": null,
            "revenue": 2269862,
            "revenue_4q": null,
            "common_shares": 2297357,
            "book_valuer_per_share": 14.34,
            "book_valuer_per_share_4q_avg": 14.51,
            "equity": 3802924,
            "current_ratio": 234.1,
            "debt_ratio": 50.87,
            "inventory_turnover_ratio": 1.02,
            "account_receivable_turnover_ratio": 1.88,
            "reinvestment_rate": 21.29,
            "research_to_sale_ratio": 4.03,
            "price_fair": 49.93,
            "eps_avg_yearly": 1.43,
            "eps_latest_yearly": 2.08,
            "eps_growth_yearly": 235.47
        },
        "20174": {
            "year_quarter": 20174,
            "year": 2017,
            "quarter": 4,
            "eps": 0.36,
            "eps_growth_year": -57.76,
            "eps_4q": 1.36,
            "eps_4q_growth_year": -31.73,
            "roe": 3.08,
            "roe_4q": 10.74,
            "gross_profit": 500151,
            "gross_margin": 23.45,
            "gross_margin_4q_avg": 24.04,
            "net_income": 122271,
            "net_income_4q": null,
            "revenue": 2133087,
            "revenue_4q": null,
            "common_shares": 2297357,
            "book_valuer_per_share": 14.9,
            "book_valuer_per_share_4q_avg": 14.49,
            "equity": 4143447,
            "current_ratio": 216.64,
            "debt_ratio": 46.9,
            "inventory_turnover_ratio": 1.06,
            "account_receivable_turnover_ratio": 1.69,
            "reinvestment_rate": 18.71,
            "research_to_sale_ratio": 4.01,
            "price_fair": 49.97,
            "eps_avg_yearly": 1.43,
            "eps_latest_yearly": 1.44,
            "eps_growth_yearly": 207.89
        },
        "20181": {
            "year_quarter": 20181,
            "year": 2018,
            "quarter": 1,
            "eps": 0.01,
            "eps_growth_year": -85.71,
            "eps_4q": 1.36,
            "eps_4q_growth_year": -16.89,
            "roe": 1.15,
            "roe_4q": 11.08,
            "gross_profit": 393613,
            "gross_margin": 20.83,
            "gross_margin_4q_avg": 23.21,
            "net_income": 48486,
            "net_income_4q": null,
            "revenue": 1890079,
            "revenue_4q": null,
            "common_shares": 2414856,
            "book_valuer_per_share": 15.1,
            "book_valuer_per_share_4q_avg": 14.53,
            "equity": 4293056,
            "current_ratio": 212.79,
            "debt_ratio": 46.73,
            "inventory_turnover_ratio": 1.02,
            "account_receivable_turnover_ratio": 1.62,
            "reinvestment_rate": 1.1,
            "research_to_sale_ratio": 4.24,
            "price_fair": 46.5,
            "eps_avg_yearly": 1.33,
            "eps_latest_yearly": 0.04,
            "eps_growth_yearly": 165.26
        },
        "20182": {
            "year_quarter": 20182,
            "year": 2018,
            "quarter": 2,
            "eps": 0.14,
            "eps_growth_year": -70.21,
            "eps_4q": 1.06,
            "eps_4q_growth_year": -39.39,
            "roe": 1.26,
            "roe_4q": 9.15,
            "gross_profit": 449334,
            "gross_margin": 26.23,
            "gross_margin_4q_avg": 23.62,
            "net_income": 52002,
            "net_income_4q": null,
            "revenue": 1713238,
            "revenue_4q": null,
            "common_shares": 2471432,
            "book_valuer_per_share": 14.02,
            "book_valuer_per_share_4q_avg": 14.59,
            "equity": 3985574,
            "current_ratio": 173.04,
            "debt_ratio": 53.1,
            "inventory_turnover_ratio": 0.67,
            "account_receivable_turnover_ratio": 1.53,
            "reinvestment_rate": 0.42,
            "research_to_sale_ratio": 4.86,
            "price_fair": 46.9,
            "eps_avg_yearly": 1.34,
            "eps_latest_yearly": 0.56,
            "eps_growth_yearly": 551.66
        },
        "20183": {
            "year_quarter": 20183,
            "year": 2018,
            "quarter": 3,
            "eps": 0.16,
            "eps_growth_year": -69.23,
            "eps_4q": 0.82,
            "eps_4q_growth_year": -56.32,
            "roe": 1.63,
            "roe_4q": 7.119999999999999,
            "gross_profit": 454660,
            "gross_margin": 15.17,
            "gross_margin_4q_avg": 21.42,
            "net_income": 62941,
            "net_income_4q": null,
            "revenue": 2998035,
            "revenue_4q": null,
            "common_shares": 2239643,
            "book_valuer_per_share": 14.52,
            "book_valuer_per_share_4q_avg": 14.64,
            "equity": 3741328,
            "current_ratio": 149.25,
            "debt_ratio": 60.61,
            "inventory_turnover_ratio": 0.94,
            "account_receivable_turnover_ratio": 1.92,
            "reinvestment_rate": -3.75,
            "research_to_sale_ratio": 3.05,
            "price_fair": 46.2,
            "eps_avg_yearly": 1.32,
            "eps_latest_yearly": 0.64,
            "eps_growth_yearly": 518.6
        },
        "20184": {
            "year_quarter": 20184,
            "year": 2018,
            "quarter": 4,
            "eps": 0.42,
            "eps_growth_year": 16.58,
            "eps_4q": 0.86,
            "eps_4q_growth_year": -36.87,
            "roe": 3.48,
            "roe_4q": 7.52,
            "gross_profit": 549765,
            "gross_margin": 15.91,
            "gross_margin_4q_avg": 19.54,
            "net_income": 132507,
            "net_income_4q": null,
            "revenue": 3456424,
            "revenue_4q": null,
            "common_shares": 2242940,
            "book_valuer_per_share": 14.97,
            "book_valuer_per_share_4q_avg": 14.65,
            "equity": 3880969,
            "current_ratio": 147.2,
            "debt_ratio": 61.04,
            "inventory_turnover_ratio": 0.9,
            "account_receivable_turnover_ratio": 1.69,
            "reinvestment_rate": -6.36,
            "research_to_sale_ratio": 2.96,
            "price_fair": 49.5,
            "eps_avg_yearly": 1.41,
            "eps_latest_yearly": 1.68,
            "eps_growth_yearly": 582.42
        },
        "20191": {
            "year_quarter": 20191,
            "year": 2019,
            "quarter": 1,
            "eps": 0.07,
            "eps_growth_year": 600,
            "eps_4q": 0.84,
            "eps_4q_growth_year": -38.11,
            "roe": 1.14,
            "roe_4q": 7.51,
            "gross_profit": 431285,
            "gross_margin": 16.67,
            "gross_margin_4q_avg": 18.5,
            "net_income": 44011,
            "net_income_4q": null,
            "revenue": 2586504,
            "revenue_4q": null,
            "common_shares": 2246896,
            "book_valuer_per_share": 14.98,
            "book_valuer_per_share_4q_avg": 14.62,
            "equity": 3841061,
            "current_ratio": 154.51,
            "debt_ratio": 57.97,
            "inventory_turnover_ratio": 0.65,
            "account_receivable_turnover_ratio": 1.32,
            "reinvestment_rate": -7.76,
            "research_to_sale_ratio": 3.58,
            "price_fair": 46.85,
            "eps_avg_yearly": 1.34,
            "eps_latest_yearly": 0.28,
            "eps_growth_yearly": 521.37
        },
        "20192": {
            "year_quarter": 20192,
            "year": 2019,
            "quarter": 2,
            "eps": 0.3,
            "eps_growth_year": 114.29,
            "eps_4q": 0.98,
            "eps_4q_growth_year": -8.1,
            "roe": 2.85,
            "roe_4q": 9.100000000000001,
            "gross_profit": 556417,
            "gross_margin": 19.76,
            "gross_margin_4q_avg": 16.88,
            "net_income": 108015,
            "net_income_4q": null,
            "revenue": 2816346,
            "revenue_4q": null,
            "common_shares": 2277994,
            "book_valuer_per_share": 14.53,
            "book_valuer_per_share_4q_avg": 14.75,
            "equity": 3732755,
            "current_ratio": 154.97,
            "debt_ratio": 55.16,
            "inventory_turnover_ratio": 0.8,
            "account_receivable_turnover_ratio": 1.45,
            "reinvestment_rate": -5.11,
            "research_to_sale_ratio": 3.58,
            "price_fair": 46.55,
            "eps_avg_yearly": 1.33,
            "eps_latest_yearly": 1.2,
            "eps_growth_yearly": 570.92
        },
        "20193": {
            "year_quarter": 20193,
            "year": 2019,
            "quarter": 3,
            "eps": 0.29,
            "eps_growth_year": 81.25,
            "eps_4q": 1.09,
            "eps_4q_growth_year": 32.8,
            "roe": 2.56,
            "roe_4q": 10.03,
            "gross_profit": 534418,
            "gross_margin": 21.81,
            "gross_margin_4q_avg": 18.54,
            "net_income": 96652,
            "net_income_4q": null,
            "revenue": 2450045,
            "revenue_4q": null,
            "common_shares": 2289862,
            "book_valuer_per_share": 14.75,
            "book_valuer_per_share_4q_avg": 14.81,
            "equity": 3817750,
            "current_ratio": 168.08,
            "debt_ratio": 50.24,
            "inventory_turnover_ratio": 0.88,
            "account_receivable_turnover_ratio": 1.32,
            "reinvestment_rate": -8.05,
            "research_to_sale_ratio": 4.2,
            "price_fair": 46.29,
            "eps_avg_yearly": 1.32,
            "eps_latest_yearly": 1.16,
            "eps_growth_yearly": 558.73
        },
        "20194": {
            "year_quarter": 20194,
            "year": 2019,
            "quarter": 4,
            "eps": 0.22,
            "eps_growth_year": -46.6,
            "eps_4q": 0.68,
            "eps_4q_growth_year": -20.01,
            "roe": 2.17,
            "roe_4q": 8.72,
            "gross_profit": 562645,
            "gross_margin": 22.76,
            "gross_margin_4q_avg": 20.25,
            "net_income": 101665,
            "net_income_4q": null,
            "revenue": 2472605,
            "revenue_4q": null,
            "common_shares": 3289862,
            "book_valuer_per_share": 15.4,
            "book_valuer_per_share_4q_avg": 14.92,
            "equity": 5543552,
            "current_ratio": 231.01,
            "debt_ratio": 44.09,
            "inventory_turnover_ratio": 1.01,
            "account_receivable_turnover_ratio": 1.63,
            "reinvestment_rate": 12.05,
            "research_to_sale_ratio": 4.05,
            "price_fair": 43.84,
            "eps_avg_yearly": 1.25,
            "eps_latest_yearly": 0.88,
            "eps_growth_yearly": 538.63
        },
        "20201": {
            "year_quarter": 20201,
            "year": 2020,
            "quarter": 1,
            "eps": -0.1,
            "eps_growth_year": -242.86,
            "eps_4q": 0.54,
            "eps_4q_growth_year": -36.08,
            "roe": -0.26,
            "roe_4q": 7.32,
            "gross_profit": 398270,
            "gross_margin": 27.45,
            "gross_margin_4q_avg": 22.95,
            "net_income": -14534,
            "net_income_4q": null,
            "revenue": 1450976,
            "revenue_4q": null,
            "common_shares": 3289862,
            "book_valuer_per_share": 15.29,
            "book_valuer_per_share_4q_avg": 14.99,
            "equity": 5526911,
            "current_ratio": 224.7,
            "debt_ratio": 42.38,
            "inventory_turnover_ratio": 0.52,
            "account_receivable_turnover_ratio": 1.31,
            "reinvestment_rate": 31.27,
            "research_to_sale_ratio": 5.99,
            "price_fair": 43.03,
            "eps_avg_yearly": 1.23,
            "eps_latest_yearly": 0.88,
            "eps_growth_yearly": 579.87
        },
        "20202": {
            "year_quarter": 20202,
            "year": 2020,
            "quarter": 2,
            "eps": 0.35,
            "eps_growth_year": 16.67,
            "eps_4q": 0.68,
            "eps_4q_growth_year": -30.36,
            "roe": 2.81,
            "roe_4q": 7.279999999999999,
            "gross_profit": 543237,
            "gross_margin": 21.36,
            "gross_margin_4q_avg": 23.35,
            "net_income": 151562,
            "net_income_4q": null,
            "revenue": 2543204,
            "revenue_4q": null,
            "common_shares": 3289862,
            "book_valuer_per_share": 14.74,
            "book_valuer_per_share_4q_avg": 15.05,
            "equity": 5266775,
            "current_ratio": 174.49,
            "debt_ratio": 51.02,
            "inventory_turnover_ratio": 0.86,
            "account_receivable_turnover_ratio": 1.85,
            "reinvestment_rate": 45.01,
            "research_to_sale_ratio": 3.87,
            "price_fair": 42.7,
            "eps_avg_yearly": 1.22,
            "eps_latest_yearly": 0.88,
            "eps_growth_yearly": 625.58
        },
        "20203": {
            "year_quarter": 20203,
            "year": 2020,
            "quarter": 3,
            "eps": 0.29,
            "eps_growth_year": 0,
            "eps_4q": 0.77,
            "eps_4q_growth_year": -30.04,
            "roe": 1.73,
            "roe_4q": 6.45,
            "gross_profit": 554255,
            "gross_margin": 18.42,
            "gross_margin_4q_avg": 22.5,
            "net_income": 92018,
            "net_income_4q": null,
            "revenue": 3009247,
            "revenue_4q": null,
            "common_shares": 3289862,
            "book_valuer_per_share": 15.06,
            "book_valuer_per_share_4q_avg": 15.12,
            "equity": 5368251,
            "current_ratio": 160.88,
            "debt_ratio": 55.2,
            "inventory_turnover_ratio": 0.99,
            "account_receivable_turnover_ratio": 1.4,
            "reinvestment_rate": 47.04,
            "research_to_sale_ratio": 3.2,
            "price_fair": 41.7,
            "eps_avg_yearly": 1.19,
            "eps_latest_yearly": 1.16,
            "eps_growth_yearly": 616.48
        },
        "20204": {
            "year_quarter": 20204,
            "year": 2020,
            "quarter": 4,
            "eps": 0.33,
            "eps_growth_year": 47.36,
            "eps_4q": 0.87,
            "eps_4q_growth_year": 27.3,
            "roe": 3.17,
            "roe_4q": 7.450000000000001,
            "gross_profit": 656738,
            "gross_margin": 20.05,
            "gross_margin_4q_avg": 21.82,
            "net_income": 173614,
            "net_income_4q": null,
            "revenue": 3275034,
            "revenue_4q": null,
            "common_shares": 3289862,
            "book_valuer_per_share": 15.39,
            "book_valuer_per_share_4q_avg": 15.12,
            "equity": 5582887,
            "current_ratio": 146.4,
            "debt_ratio": 55.54,
            "inventory_turnover_ratio": 0.88,
            "account_receivable_turnover_ratio": 1.42,
            "reinvestment_rate": 66.09,
            "research_to_sale_ratio": 3.13,
            "price_fair": 36.5,
            "eps_avg_yearly": 1.04,
            "eps_latest_yearly": 1.32,
            "eps_growth_yearly": 586.72
        },
        "20211": {
            "year_quarter": 20211,
            "year": 2021,
            "quarter": 1,
            "eps": 0,
            "eps_growth_year": null,
            "eps_4q": 0.97,
            "eps_4q_growth_year": 80.44,
            "roe": 0.36,
            "roe_4q": 8.07,
            "gross_profit": 450260,
            "gross_margin": 15.97,
            "gross_margin_4q_avg": 18.95,
            "net_income": 20438,
            "net_income_4q": null,
            "revenue": 2820243,
            "revenue_4q": null,
            "common_shares": 3289862,
            "book_valuer_per_share": 15.53,
            "book_valuer_per_share_4q_avg": 15.18,
            "equity": 5701706,
            "current_ratio": 155.04,
            "debt_ratio": 51.54,
            "inventory_turnover_ratio": 0.74,
            "account_receivable_turnover_ratio": 1.31,
            "reinvestment_rate": 67.04,
            "research_to_sale_ratio": 3.49,
            "price_fair": 38.55,
            "eps_avg_yearly": 1.1,
            "eps_latest_yearly": 1.32,
            "eps_growth_yearly": 660.09
        },
        "20212": {
            "year_quarter": 20212,
            "year": 2021,
            "quarter": 2,
            "eps": 0.06,
            "eps_growth_year": -82.86,
            "eps_4q": 0.68,
            "eps_4q_growth_year": 0.03,
            "roe": 0.9,
            "roe_4q": 6.16,
            "gross_profit": 489126,
            "gross_margin": 20.95,
            "gross_margin_4q_avg": 18.85,
            "net_income": 49765,
            "net_income_4q": null,
            "revenue": 2335201,
            "revenue_4q": null,
            "common_shares": 3289862,
            "book_valuer_per_share": 14.48,
            "book_valuer_per_share_4q_avg": 15.12,
            "equity": 5396112,
            "current_ratio": 150.64,
            "debt_ratio": 53.07,
            "inventory_turnover_ratio": 0.58,
            "account_receivable_turnover_ratio": 1.29,
            "reinvestment_rate": 76.19,
            "research_to_sale_ratio": 3.82,
            "price_fair": 36.28,
            "eps_avg_yearly": 1.04,
            "eps_latest_yearly": 1.32,
            "eps_growth_yearly": 524.62
        },
        "20213": {
            "year_quarter": 20213,
            "year": 2021,
            "quarter": 3,
            "eps": 0.09,
            "eps_growth_year": -68.97,
            "eps_4q": 0.49,
            "eps_4q_growth_year": -36.2,
            "roe": 1.2,
            "roe_4q": 5.63,
            "gross_profit": 483817,
            "gross_margin": 22.31,
            "gross_margin_4q_avg": 19.82,
            "net_income": 64286,
            "net_income_4q": null,
            "revenue": 2168518,
            "revenue_4q": null,
            "common_shares": 3289862,
            "book_valuer_per_share": 14.55,
            "book_valuer_per_share_4q_avg": 14.99,
            "equity": 5320875,
            "current_ratio": 164.88,
            "debt_ratio": 47.35,
            "inventory_turnover_ratio": 0.5,
            "account_receivable_turnover_ratio": 1.39,
            "reinvestment_rate": 85.29,
            "research_to_sale_ratio": 3.95,
            "price_fair": 31.27,
            "eps_avg_yearly": 0.89,
            "eps_latest_yearly": 0.36,
            "eps_growth_yearly": 537.74
        },
        "20214": {
            "year_quarter": 20214,
            "year": 2021,
            "quarter": 4,
            "eps": 0.06,
            "eps_growth_year": -80.38,
            "eps_4q": 0.22,
            "eps_4q_growth_year": -74.44,
            "roe": 1.62,
            "roe_4q": 4.08,
            "gross_profit": 540918,
            "gross_margin": 22.94,
            "gross_margin_4q_avg": 20.54,
            "net_income": 86895,
            "net_income_4q": null,
            "revenue": 2357584,
            "revenue_4q": null,
            "common_shares": 3289862,
            "book_valuer_per_share": 14.62,
            "book_valuer_per_share_4q_avg": 14.8,
            "equity": 5407205,
            "current_ratio": 158.43,
            "debt_ratio": 50.78,
            "inventory_turnover_ratio": 0.52,
            "account_receivable_turnover_ratio": 1.37,
            "reinvestment_rate": 89.93,
            "research_to_sale_ratio": 3.83,
            "price_fair": 27.77,
            "eps_avg_yearly": 0.79,
            "eps_latest_yearly": 0.24,
            "eps_growth_yearly": 536.88
        },
        "20221": {
            "year_quarter": 20221,
            "year": 2022,
            "quarter": 1,
            "eps": 0.23,
            "eps_growth_year": null,
            "eps_4q": 0.45,
            "eps_4q_growth_year": -53.78,
            "roe": 1.64,
            "roe_4q": 5.36,
            "gross_profit": 571273,
            "gross_margin": 23.43,
            "gross_margin_4q_avg": 22.41,
            "net_income": 87940,
            "net_income_4q": null,
            "revenue": 2438510,
            "revenue_4q": null,
            "common_shares": 3213172,
            "book_valuer_per_share": 14.63,
            "book_valuer_per_share_4q_avg": 14.57,
            "equity": 5314940,
            "current_ratio": 141.86,
            "debt_ratio": 56.57,
            "inventory_turnover_ratio": 0.45,
            "account_receivable_turnover_ratio": 1.34,
            "reinvestment_rate": 118.94,
            "research_to_sale_ratio": 4.85,
            "price_fair": 30.33,
            "eps_avg_yearly": 0.87,
            "eps_latest_yearly": 0.92,
            "eps_growth_yearly": 663.73
        },
        "20222": {
            "year_quarter": 20222,
            "year": 2022,
            "quarter": 2,
            "eps": 0.53,
            "eps_growth_year": 783.33,
            "eps_4q": 0.91,
            "eps_4q_growth_year": 34.14,
            "roe": 3.64,
            "roe_4q": 8.1,
            "gross_profit": 713514,
            "gross_margin": 23.46,
            "gross_margin_4q_avg": 23.04,
            "net_income": 198691,
            "net_income_4q": null,
            "revenue": 3041623,
            "revenue_4q": null,
            "common_shares": 3213172,
            "book_valuer_per_share": 15.39,
            "book_valuer_per_share_4q_avg": 14.8,
            "equity": 5596919,
            "current_ratio": 141.04,
            "debt_ratio": 57.84,
            "inventory_turnover_ratio": 0.48,
            "account_receivable_turnover_ratio": 1.48,
            "reinvestment_rate": 104.75,
            "research_to_sale_ratio": 4.46,
            "price_fair": 34.88,
            "eps_avg_yearly": 1,
            "eps_latest_yearly": 2.12,
            "eps_growth_yearly": 273.88
        },
        "20223": {
            "year_quarter": 20223,
            "year": 2022,
            "quarter": 3,
            "eps": 0.34,
            "eps_growth_year": 277.78,
            "eps_4q": 1.16,
            "eps_4q_growth_year": 136.63,
            "roe": 2.17,
            "roe_4q": 9.07,
            "gross_profit": 647336,
            "gross_margin": 20.47,
            "gross_margin_4q_avg": 22.58,
            "net_income": 125347,
            "net_income_4q": null,
            "revenue": 3162718,
            "revenue_4q": null,
            "common_shares": 3213172,
            "book_valuer_per_share": 16.33,
            "book_valuer_per_share_4q_avg": 15.24,
            "equity": 5949662,
            "current_ratio": 149.25,
            "debt_ratio": 53.98,
            "inventory_turnover_ratio": 0.53,
            "account_receivable_turnover_ratio": 1.31,
            "reinvestment_rate": 109.67,
            "research_to_sale_ratio": 4.27,
            "price_fair": 36.98,
            "eps_avg_yearly": 1.06,
            "eps_latest_yearly": 1.36,
            "eps_growth_yearly": 257.17
        },
        "20224": {
            "year_quarter": 20224,
            "year": 2022,
            "quarter": 4,
            "eps": 0.41,
            "eps_growth_year": 533.1,
            "eps_4q": 1.5,
            "eps_4q_growth_year": 573.61,
            "roe": 3.26,
            "roe_4q": 10.71,
            "gross_profit": 779043,
            "gross_margin": 21.2,
            "gross_margin_4q_avg": 22.14,
            "net_income": 195957,
            "net_income_4q": null,
            "revenue": 3675378,
            "revenue_4q": null,
            "common_shares": 3213172,
            "book_valuer_per_share": 16.48,
            "book_valuer_per_share_4q_avg": 15.71,
            "equity": 6059877,
            "current_ratio": 157.85,
            "debt_ratio": 50.48,
            "inventory_turnover_ratio": 0.68,
            "account_receivable_turnover_ratio": 1.44,
            "reinvestment_rate": 104.37,
            "research_to_sale_ratio": 3.98,
            "price_fair": 36.87,
            "eps_avg_yearly": 1.05,
            "eps_latest_yearly": 1.64,
            "eps_growth_yearly": 209.86
        },
        "20231": {
            "year_quarter": 20231,
            "year": 2023,
            "quarter": 1,
            "eps": 0.09,
            "eps_growth_year": -60.87,
            "eps_4q": 1.36,
            "eps_4q_growth_year": 202.98,
            "roe": 0.79,
            "roe_4q": 9.86,
            "gross_profit": 559783,
            "gross_margin": 19.92,
            "gross_margin_4q_avg": 21.26,
            "net_income": 45872,
            "net_income_4q": null,
            "revenue": 2810623,
            "revenue_4q": null,
            "common_shares": 3213172,
            "book_valuer_per_share": 15.09,
            "book_valuer_per_share_4q_avg": 15.82,
            "equity": 5544361,
            "current_ratio": 162.26,
            "debt_ratio": 53.84,
            "inventory_turnover_ratio": 0.58,
            "account_receivable_turnover_ratio": 1.25,
            "reinvestment_rate": 99.34,
            "research_to_sale_ratio": 4.99,
            "price_fair": 37.1,
            "eps_avg_yearly": 1.06,
            "eps_latest_yearly": 0.36,
            "eps_growth_yearly": 211.63
        },
        "20232": {
            "year_quarter": 20232,
            "year": 2023,
            "quarter": 2,
            "eps": 0.11,
            "eps_growth_year": -79.25,
            "eps_4q": 0.95,
            "eps_4q_growth_year": 3.7,
            "roe": 1.4,
            "roe_4q": 7.619999999999999,
            "gross_profit": 462431,
            "gross_margin": 16.48,
            "gross_margin_4q_avg": 19.52,
            "net_income": 79167,
            "net_income_4q": null,
            "revenue": 2806236,
            "revenue_4q": null,
            "common_shares": 3213172,
            "book_valuer_per_share": 15.44,
            "book_valuer_per_share_4q_avg": 15.84,
            "equity": 5759564,
            "current_ratio": 174.24,
            "debt_ratio": 50.06,
            "inventory_turnover_ratio": 0.68,
            "account_receivable_turnover_ratio": 1.42,
            "reinvestment_rate": 101.54,
            "research_to_sale_ratio": 4.4,
            "price_fair": 34.88,
            "eps_avg_yearly": 1,
            "eps_latest_yearly": 0.44,
            "eps_growth_yearly": 109.51
        },
        "20233": {
            "year_quarter": 20233,
            "year": 2023,
            "quarter": 3,
            "eps": -0.09,
            "eps_growth_year": -126.47,
            "eps_4q": 0.53,
            "eps_4q_growth_year": -54.38,
            "roe": -0.19,
            "roe_4q": 5.26,
            "gross_profit": 423557,
            "gross_margin": 26.83,
            "gross_margin_4q_avg": 21.11,
            "net_income": -10986,
            "net_income_4q": null,
            "revenue": 1578573,
            "revenue_4q": null,
            "common_shares": 3213172,
            "book_valuer_per_share": 15.8,
            "book_valuer_per_share_4q_avg": 15.7,
            "equity": 5965067,
            "current_ratio": 193.66,
            "debt_ratio": 44.36,
            "inventory_turnover_ratio": 0.36,
            "account_receivable_turnover_ratio": 0.96,
            "reinvestment_rate": 112.51,
            "research_to_sale_ratio": 7.8,
            "price_fair": 34.36,
            "eps_avg_yearly": 0.98,
            "eps_latest_yearly": 0.44,
            "eps_growth_yearly": 120.68
        }
    },
    "months": {
        "2001-06": {
            "month": "2001-06",
            "price": "33.82",
            "revenue": 332433
        },
        "2001-07": {
            "month": "2001-07",
            "price": "30.13",
            "revenue": 240933
        },
        "2001-08": {
            "month": "2001-08",
            "price": "29.23",
            "revenue": 322013
        },
        "2001-09": {
            "month": "2001-09",
            "price": "19.59",
            "revenue": 294841
        },
        "2001-10": {
            "month": "2001-10",
            "price": "16.00",
            "revenue": 224325
        },
        "2001-11": {
            "month": "2001-11",
            "price": "19.63",
            "revenue": 226724
        },
        "2001-12": {
            "month": "2001-12",
            "price": "24.77",
            "revenue": 378204
        },
        "2002-01": {
            "month": "2002-01",
            "price": "27.29",
            "revenue": 174049
        },
        "2002-02": {
            "month": "2002-02",
            "price": "29.68",
            "revenue": 153933
        },
        "2002-03": {
            "month": "2002-03",
            "price": "27.84",
            "revenue": 236625
        },
        "2002-04": {
            "month": "2002-04",
            "price": "28.15",
            "revenue": 103103
        },
        "2002-05": {
            "month": "2002-05",
            "price": "22.50",
            "revenue": 211497
        },
        "2002-06": {
            "month": "2002-06",
            "price": "20.39",
            "revenue": 288336
        },
        "2002-07": {
            "month": "2002-07",
            "price": "17.00",
            "revenue": 255922
        },
        "2002-08": {
            "month": "2002-08",
            "price": "16.14",
            "revenue": 162417
        },
        "2002-09": {
            "month": "2002-09",
            "price": "14.47",
            "revenue": 380930
        },
        "2002-10": {
            "month": "2002-10",
            "price": "15.00",
            "revenue": 315423
        },
        "2002-11": {
            "month": "2002-11",
            "price": "16.35",
            "revenue": 319971
        },
        "2002-12": {
            "month": "2002-12",
            "price": "14.70",
            "revenue": 406955
        },
        "2003-01": {
            "month": "2003-01",
            "price": "15.34",
            "revenue": 245865
        },
        "2003-02": {
            "month": "2003-02",
            "price": "15.19",
            "revenue": 185500
        },
        "2003-03": {
            "month": "2003-03",
            "price": "14.45",
            "revenue": 236952
        },
        "2003-04": {
            "month": "2003-04",
            "price": "13.27",
            "revenue": 196406
        },
        "2003-05": {
            "month": "2003-05",
            "price": "11.83",
            "revenue": 139348
        },
        "2003-06": {
            "month": "2003-06",
            "price": "13.13",
            "revenue": 262387
        },
        "2003-07": {
            "month": "2003-07",
            "price": "14.43",
            "revenue": 214350
        },
        "2003-08": {
            "month": "2003-08",
            "price": "12.58",
            "revenue": 195757
        },
        "2003-09": {
            "month": "2003-09",
            "price": "11.62",
            "revenue": 425482
        },
        "2003-10": {
            "month": "2003-10",
            "price": "11.93",
            "revenue": 294800
        },
        "2003-11": {
            "month": "2003-11",
            "price": "11.98",
            "revenue": 288738
        },
        "2003-12": {
            "month": "2003-12",
            "price": "13.44",
            "revenue": 415818
        },
        "2004-01": {
            "month": "2004-01",
            "price": "13.48",
            "revenue": 176239
        },
        "2004-02": {
            "month": "2004-02",
            "price": "13.96",
            "revenue": 201029
        },
        "2004-03": {
            "month": "2004-03",
            "price": "12.80",
            "revenue": 236044
        },
        "2004-04": {
            "month": "2004-04",
            "price": "11.94",
            "revenue": 180105
        },
        "2004-05": {
            "month": "2004-05",
            "price": "9.34",
            "revenue": 172995
        },
        "2004-06": {
            "month": "2004-06",
            "price": "8.01",
            "revenue": 271024
        },
        "2004-07": {
            "month": "2004-07",
            "price": "7.35",
            "revenue": 214640
        },
        "2004-08": {
            "month": "2004-08",
            "price": "6.42",
            "revenue": 201051
        },
        "2004-09": {
            "month": "2004-09",
            "price": "5.89",
            "revenue": 271135
        },
        "2004-10": {
            "month": "2004-10",
            "price": "5.98",
            "revenue": 332677
        },
        "2004-11": {
            "month": "2004-11",
            "price": "6.29",
            "revenue": 344843
        },
        "2004-12": {
            "month": "2004-12",
            "price": "6.11",
            "revenue": 433358
        },
        "2005-01": {
            "month": "2005-01",
            "price": "6.79",
            "revenue": 109230
        },
        "2005-02": {
            "month": "2005-02",
            "price": "6.87",
            "revenue": 117206
        },
        "2005-03": {
            "month": "2005-03",
            "price": "7.60",
            "revenue": 180087
        },
        "2005-04": {
            "month": "2005-04",
            "price": "6.94",
            "revenue": 119220
        },
        "2005-05": {
            "month": "2005-05",
            "price": "6.99",
            "revenue": 237993
        },
        "2005-06": {
            "month": "2005-06",
            "price": "7.93",
            "revenue": 168564
        },
        "2005-07": {
            "month": "2005-07",
            "price": "8.92",
            "revenue": 179560
        },
        "2005-08": {
            "month": "2005-08",
            "price": "7.94",
            "revenue": 144562
        },
        "2005-09": {
            "month": "2005-09",
            "price": "7.29",
            "revenue": 311471
        },
        "2005-10": {
            "month": "2005-10",
            "price": "7.51",
            "revenue": 110453
        },
        "2005-11": {
            "month": "2005-11",
            "price": "7.60",
            "revenue": 182548
        },
        "2005-12": {
            "month": "2005-12",
            "price": "8.04",
            "revenue": 447519
        },
        "2006-01": {
            "month": "2006-01",
            "price": "8.58",
            "revenue": 212309
        },
        "2006-02": {
            "month": "2006-02",
            "price": "8.18",
            "revenue": 169207
        },
        "2006-03": {
            "month": "2006-03",
            "price": "8.47",
            "revenue": 263560
        },
        "2006-04": {
            "month": "2006-04",
            "price": "9.65",
            "revenue": 160389
        },
        "2006-05": {
            "month": "2006-05",
            "price": "11.30",
            "revenue": 177674
        },
        "2006-06": {
            "month": "2006-06",
            "price": "9.63",
            "revenue": 226808
        },
        "2006-07": {
            "month": "2006-07",
            "price": "9.34",
            "revenue": 201993
        },
        "2006-08": {
            "month": "2006-08",
            "price": "9.75",
            "revenue": 202525
        },
        "2006-09": {
            "month": "2006-09",
            "price": "9.14",
            "revenue": 255388
        },
        "2006-10": {
            "month": "2006-10",
            "price": "9.76",
            "revenue": 184518
        },
        "2006-11": {
            "month": "2006-11",
            "price": "10.03",
            "revenue": 273699
        },
        "2006-12": {
            "month": "2006-12",
            "price": "11.50",
            "revenue": 438234
        },
        "2007-01": {
            "month": "2007-01",
            "price": "14.13",
            "revenue": 176183
        },
        "2007-02": {
            "month": "2007-02",
            "price": "13.26",
            "revenue": 116714
        },
        "2007-03": {
            "month": "2007-03",
            "price": "13.96",
            "revenue": 269398
        },
        "2007-04": {
            "month": "2007-04",
            "price": "14.45",
            "revenue": 132598
        },
        "2007-05": {
            "month": "2007-05",
            "price": "13.71",
            "revenue": 202396
        },
        "2007-06": {
            "month": "2007-06",
            "price": "15.77",
            "revenue": 313946
        },
        "2007-07": {
            "month": "2007-07",
            "price": "17.27",
            "revenue": 177134
        },
        "2007-08": {
            "month": "2007-08",
            "price": "14.78",
            "revenue": 206299
        },
        "2007-09": {
            "month": "2007-09",
            "price": "13.51",
            "revenue": 294066
        },
        "2007-10": {
            "month": "2007-10",
            "price": "13.74",
            "revenue": 309543
        },
        "2007-11": {
            "month": "2007-11",
            "price": "11.22",
            "revenue": 296161
        },
        "2007-12": {
            "month": "2007-12",
            "price": "9.24",
            "revenue": 483266
        },
        "2008-01": {
            "month": "2008-01",
            "price": "8.60",
            "revenue": 219790
        },
        "2008-02": {
            "month": "2008-02",
            "price": "9.59",
            "revenue": 124118
        },
        "2008-03": {
            "month": "2008-03",
            "price": "9.76",
            "revenue": 340521
        },
        "2008-04": {
            "month": "2008-04",
            "price": "11.34",
            "revenue": 218198
        },
        "2008-05": {
            "month": "2008-05",
            "price": "11.38",
            "revenue": 284212
        },
        "2008-06": {
            "month": "2008-06",
            "price": "9.86",
            "revenue": 291261
        },
        "2008-07": {
            "month": "2008-07",
            "price": "7.63",
            "revenue": 196601
        },
        "2008-08": {
            "month": "2008-08",
            "price": "7.64",
            "revenue": 240200
        },
        "2008-09": {
            "month": "2008-09",
            "price": "6.16",
            "revenue": 370832
        },
        "2008-10": {
            "month": "2008-10",
            "price": "5.28",
            "revenue": 318541
        },
        "2008-11": {
            "month": "2008-11",
            "price": "4.30",
            "revenue": 397223
        },
        "2008-12": {
            "month": "2008-12",
            "price": "5.42",
            "revenue": 596256
        },
        "2009-01": {
            "month": "2009-01",
            "price": "6.63",
            "revenue": 286922
        },
        "2009-02": {
            "month": "2009-02",
            "price": "6.60",
            "revenue": 234030
        },
        "2009-03": {
            "month": "2009-03",
            "price": "7.94",
            "revenue": 271592
        },
        "2009-04": {
            "month": "2009-04",
            "price": "10.34",
            "revenue": 242667
        },
        "2009-05": {
            "month": "2009-05",
            "price": "11.77",
            "revenue": 254720
        },
        "2009-06": {
            "month": "2009-06",
            "price": "11.48",
            "revenue": 301700
        },
        "2009-07": {
            "month": "2009-07",
            "price": "13.15",
            "revenue": 207591
        },
        "2009-08": {
            "month": "2009-08",
            "price": "15.45",
            "revenue": 303391
        },
        "2009-09": {
            "month": "2009-09",
            "price": "18.39",
            "revenue": 361513
        },
        "2009-10": {
            "month": "2009-10",
            "price": "18.69",
            "revenue": 328161
        },
        "2009-11": {
            "month": "2009-11",
            "price": "18.06",
            "revenue": 411030
        },
        "2009-12": {
            "month": "2009-12",
            "price": "20.52",
            "revenue": 413272
        },
        "2010-01": {
            "month": "2010-01",
            "price": "21.98",
            "revenue": 346961
        },
        "2010-02": {
            "month": "2010-02",
            "price": "19.21",
            "revenue": 377633
        },
        "2010-03": {
            "month": "2010-03",
            "price": "20.88",
            "revenue": 393619
        },
        "2010-04": {
            "month": "2010-04",
            "price": "20.71",
            "revenue": 463064
        },
        "2010-05": {
            "month": "2010-05",
            "price": "18.88",
            "revenue": 534808
        },
        "2010-06": {
            "month": "2010-06",
            "price": "20.09",
            "revenue": 606492
        },
        "2010-07": {
            "month": "2010-07",
            "price": "21.42",
            "revenue": 567490
        },
        "2010-08": {
            "month": "2010-08",
            "price": "20.47",
            "revenue": 624174
        },
        "2010-09": {
            "month": "2010-09",
            "price": "20.80",
            "revenue": 728899
        },
        "2010-10": {
            "month": "2010-10",
            "price": "21.45",
            "revenue": 656343
        },
        "2010-11": {
            "month": "2010-11",
            "price": "19.85",
            "revenue": 744778
        },
        "2010-12": {
            "month": "2010-12",
            "price": "22.66",
            "revenue": 757391
        },
        "2011-01": {
            "month": "2011-01",
            "price": "23.52",
            "revenue": 472279
        },
        "2011-02": {
            "month": "2011-02",
            "price": "21.63",
            "revenue": 401246
        },
        "2011-03": {
            "month": "2011-03",
            "price": "21.33",
            "revenue": 464532
        },
        "2011-04": {
            "month": "2011-04",
            "price": "21.29",
            "revenue": 336025
        },
        "2011-05": {
            "month": "2011-05",
            "price": "20.57",
            "revenue": 248425
        },
        "2011-06": {
            "month": "2011-06",
            "price": "19.55",
            "revenue": 329323
        },
        "2011-07": {
            "month": "2011-07",
            "price": "19.18",
            "revenue": 409618
        },
        "2011-08": {
            "month": "2011-08",
            "price": "18.68",
            "revenue": 589788
        },
        "2011-09": {
            "month": "2011-09",
            "price": "18.28",
            "revenue": 675962
        },
        "2011-10": {
            "month": "2011-10",
            "price": "18.15",
            "revenue": 621000
        },
        "2011-11": {
            "month": "2011-11",
            "price": "14.90",
            "revenue": 702328
        },
        "2011-12": {
            "month": "2011-12",
            "price": "11.48",
            "revenue": 678452
        },
        "2012-01": {
            "month": "2012-01",
            "price": "11.69",
            "revenue": 476733
        },
        "2012-02": {
            "month": "2012-02",
            "price": "14.58",
            "revenue": 607149
        },
        "2012-03": {
            "month": "2012-03",
            "price": "16.98",
            "revenue": 689238
        },
        "2012-04": {
            "month": "2012-04",
            "price": "17.07",
            "revenue": 535795
        },
        "2012-05": {
            "month": "2012-05",
            "price": "17.05",
            "revenue": 487365
        },
        "2012-06": {
            "month": "2012-06",
            "price": "16.61",
            "revenue": 812521
        },
        "2012-07": {
            "month": "2012-07",
            "price": "17.66",
            "revenue": 473765
        },
        "2012-08": {
            "month": "2012-08",
            "price": "16.64",
            "revenue": 625217
        },
        "2012-09": {
            "month": "2012-09",
            "price": "16.88",
            "revenue": 517820
        },
        "2012-10": {
            "month": "2012-10",
            "price": "15.34",
            "revenue": 497441
        },
        "2012-11": {
            "month": "2012-11",
            "price": "14.26",
            "revenue": 659156
        },
        "2012-12": {
            "month": "2012-12",
            "price": "15.27",
            "revenue": 771449
        },
        "2013-01": {
            "month": "2013-01",
            "price": "15.68",
            "revenue": 446933
        },
        "2013-02": {
            "month": "2013-02",
            "price": "16.10",
            "revenue": 433467
        },
        "2013-03": {
            "month": "2013-03",
            "price": "15.99",
            "revenue": 485881
        },
        "2013-04": {
            "month": "2013-04",
            "price": "16.15",
            "revenue": 590830
        },
        "2013-05": {
            "month": "2013-05",
            "price": "16.24",
            "revenue": 748422
        },
        "2013-06": {
            "month": "2013-06",
            "price": "16.38",
            "revenue": 804198
        },
        "2013-07": {
            "month": "2013-07",
            "price": "16.97",
            "revenue": 450548
        },
        "2013-08": {
            "month": "2013-08",
            "price": "16.11",
            "revenue": 493560
        },
        "2013-09": {
            "month": "2013-09",
            "price": "15.94",
            "revenue": 463495
        },
        "2013-10": {
            "month": "2013-10",
            "price": "15.43",
            "revenue": 570031
        },
        "2013-11": {
            "month": "2013-11",
            "price": "15.62",
            "revenue": 630836
        },
        "2013-12": {
            "month": "2013-12",
            "price": "15.42",
            "revenue": 739038
        },
        "2014-01": {
            "month": "2014-01",
            "price": "16.63",
            "revenue": 548464
        },
        "2014-02": {
            "month": "2014-02",
            "price": "19.69",
            "revenue": 545312
        },
        "2014-03": {
            "month": "2014-03",
            "price": "20.97",
            "revenue": 401275
        },
        "2014-04": {
            "month": "2014-04",
            "price": "19.56",
            "revenue": 402275
        },
        "2014-05": {
            "month": "2014-05",
            "price": "17.95",
            "revenue": 352382
        },
        "2014-06": {
            "month": "2014-06",
            "price": "19.70",
            "revenue": 487909
        },
        "2014-07": {
            "month": "2014-07",
            "price": "19.01",
            "revenue": 463297
        },
        "2014-08": {
            "month": "2014-08",
            "price": "17.52",
            "revenue": 439926
        },
        "2014-09": {
            "month": "2014-09",
            "price": "17.14",
            "revenue": 620674
        },
        "2014-10": {
            "month": "2014-10",
            "price": "14.64",
            "revenue": 578237
        },
        "2014-11": {
            "month": "2014-11",
            "price": "15.20",
            "revenue": 590337
        },
        "2014-12": {
            "month": "2014-12",
            "price": "15.81",
            "revenue": 691025
        },
        "2015-01": {
            "month": "2015-01",
            "price": "16.44",
            "revenue": 545188
        },
        "2015-02": {
            "month": "2015-02",
            "price": "15.87",
            "revenue": 561614
        },
        "2015-03": {
            "month": "2015-03",
            "price": "16.48",
            "revenue": 727789
        },
        "2015-04": {
            "month": "2015-04",
            "price": "16.36",
            "revenue": 826644
        },
        "2015-05": {
            "month": "2015-05",
            "price": "15.79",
            "revenue": 501566
        },
        "2015-06": {
            "month": "2015-06",
            "price": "13.66",
            "revenue": 719318
        },
        "2015-07": {
            "month": "2015-07",
            "price": "12.75",
            "revenue": 566549
        },
        "2015-08": {
            "month": "2015-08",
            "price": "11.41",
            "revenue": 767094
        },
        "2015-09": {
            "month": "2015-09",
            "price": "12.52",
            "revenue": 542858
        },
        "2015-10": {
            "month": "2015-10",
            "price": "13.46",
            "revenue": 598652
        },
        "2015-11": {
            "month": "2015-11",
            "price": "14.11",
            "revenue": 809951
        },
        "2015-12": {
            "month": "2015-12",
            "price": "14.32",
            "revenue": 855341
        },
        "2016-01": {
            "month": "2016-01",
            "price": "18.39",
            "revenue": 766912
        },
        "2016-02": {
            "month": "2016-02",
            "price": "22.62",
            "revenue": 700738
        },
        "2016-03": {
            "month": "2016-03",
            "price": "23.18",
            "revenue": 597642
        },
        "2016-04": {
            "month": "2016-04",
            "price": "19.10",
            "revenue": 705234
        },
        "2016-05": {
            "month": "2016-05",
            "price": "19.13",
            "revenue": 609186
        },
        "2016-06": {
            "month": "2016-06",
            "price": "21.36",
            "revenue": 685138
        },
        "2016-07": {
            "month": "2016-07",
            "price": "21.53",
            "revenue": 564950
        },
        "2016-08": {
            "month": "2016-08",
            "price": "20.40",
            "revenue": 818352
        },
        "2016-09": {
            "month": "2016-09",
            "price": "21.30",
            "revenue": 632916
        },
        "2016-10": {
            "month": "2016-10",
            "price": "20.46",
            "revenue": 705559
        },
        "2016-11": {
            "month": "2016-11",
            "price": "19.82",
            "revenue": 938380
        },
        "2016-12": {
            "month": "2016-12",
            "price": "19.95",
            "revenue": 1080979
        },
        "2017-01": {
            "month": "2017-01",
            "price": "20.38",
            "revenue": 636183
        },
        "2017-02": {
            "month": "2017-02",
            "price": "19.95",
            "revenue": 573865
        },
        "2017-03": {
            "month": "2017-03",
            "price": "21.12",
            "revenue": 789520
        },
        "2017-04": {
            "month": "2017-04",
            "price": "22.55",
            "revenue": 685307
        },
        "2017-05": {
            "month": "2017-05",
            "price": "21.62",
            "revenue": 831970
        },
        "2017-06": {
            "month": "2017-06",
            "price": "22.75",
            "revenue": 654965
        },
        "2017-07": {
            "month": "2017-07",
            "price": "21.03",
            "revenue": 653319
        },
        "2017-08": {
            "month": "2017-08",
            "price": "20.77",
            "revenue": 940307
        },
        "2017-09": {
            "month": "2017-09",
            "price": "22.35",
            "revenue": 653216
        },
        "2017-10": {
            "month": "2017-10",
            "price": "22.04",
            "revenue": 635066
        },
        "2017-11": {
            "month": "2017-11",
            "price": "22.51",
            "revenue": 635318
        },
        "2017-12": {
            "month": "2017-12",
            "price": "22.02",
            "revenue": 857446
        },
        "2018-01": {
            "month": "2018-01",
            "price": "21.56",
            "revenue": 642810
        },
        "2018-02": {
            "month": "2018-02",
            "price": "19.92",
            "revenue": 557735
        },
        "2018-03": {
            "month": "2018-03",
            "price": "21.08",
            "revenue": 695870
        },
        "2018-04": {
            "month": "2018-04",
            "price": "21.63",
            "revenue": 627828
        },
        "2018-05": {
            "month": "2018-05",
            "price": "21.32",
            "revenue": 569551
        },
        "2018-06": {
            "month": "2018-06",
            "price": "22.00",
            "revenue": 506570
        },
        "2018-07": {
            "month": "2018-07",
            "price": "20.94",
            "revenue": 927249
        },
        "2018-08": {
            "month": "2018-08",
            "price": "21.95",
            "revenue": 1140311
        },
        "2018-09": {
            "month": "2018-09",
            "price": "21.37",
            "revenue": 931947
        },
        "2018-10": {
            "month": "2018-10",
            "price": "18.82",
            "revenue": 1233576
        },
        "2018-11": {
            "month": "2018-11",
            "price": "19.23",
            "revenue": 927668
        },
        "2018-12": {
            "month": "2018-12",
            "price": "19.53",
            "revenue": 1295221
        },
        "2019-01": {
            "month": "2019-01",
            "price": "20.70",
            "revenue": 691252
        },
        "2019-02": {
            "month": "2019-02",
            "price": "21.08",
            "revenue": 1204784
        },
        "2019-03": {
            "month": "2019-03",
            "price": "21.43",
            "revenue": 690293
        },
        "2019-04": {
            "month": "2019-04",
            "price": "21.34",
            "revenue": 954030
        },
        "2019-05": {
            "month": "2019-05",
            "price": "20.84",
            "revenue": 1053198
        },
        "2019-06": {
            "month": "2019-06",
            "price": "20.71",
            "revenue": 806156
        },
        "2019-07": {
            "month": "2019-07",
            "price": "20.73",
            "revenue": 768336
        },
        "2019-08": {
            "month": "2019-08",
            "price": "19.11",
            "revenue": 929048
        },
        "2019-09": {
            "month": "2019-09",
            "price": "19.29",
            "revenue": 752906
        },
        "2019-10": {
            "month": "2019-10",
            "price": "18.65",
            "revenue": 906597
        },
        "2019-11": {
            "month": "2019-11",
            "price": "18.72",
            "revenue": 679258
        },
        "2019-12": {
            "month": "2019-12",
            "price": "24.31",
            "revenue": 890349
        },
        "2020-01": {
            "month": "2020-01",
            "price": "23.78",
            "revenue": 466414
        },
        "2020-02": {
            "month": "2020-02",
            "price": "23.71",
            "revenue": 335433
        },
        "2020-03": {
            "month": "2020-03",
            "price": "19.65",
            "revenue": 645678
        },
        "2020-04": {
            "month": "2020-04",
            "price": "19.18",
            "revenue": 567011
        },
        "2020-05": {
            "month": "2020-05",
            "price": "20.52",
            "revenue": 917782
        },
        "2020-06": {
            "month": "2020-06",
            "price": "21.58",
            "revenue": 1062372
        },
        "2020-07": {
            "month": "2020-07",
            "price": "22.20",
            "revenue": 898957
        },
        "2020-08": {
            "month": "2020-08",
            "price": "22.00",
            "revenue": 1006909
        },
        "2020-09": {
            "month": "2020-09",
            "price": "21.69",
            "revenue": 1103166
        },
        "2020-10": {
            "month": "2020-10",
            "price": "21.00",
            "revenue": 767400
        },
        "2020-11": {
            "month": "2020-11",
            "price": "21.50",
            "revenue": 1240889
        },
        "2020-12": {
            "month": "2020-12",
            "price": "25.04",
            "revenue": 1266445
        },
        "2021-01": {
            "month": "2021-01",
            "price": "23.85",
            "revenue": 966835
        },
        "2021-02": {
            "month": "2021-02",
            "price": "23.17",
            "revenue": 907825
        },
        "2021-03": {
            "month": "2021-03",
            "price": "23.86",
            "revenue": 945583
        },
        "2021-04": {
            "month": "2021-04",
            "price": "24.61",
            "revenue": 749862
        },
        "2021-05": {
            "month": "2021-05",
            "price": "20.73",
            "revenue": 884752
        },
        "2021-06": {
            "month": "2021-06",
            "price": "20.71",
            "revenue": 700587
        },
        "2021-07": {
            "month": "2021-07",
            "price": "20.55",
            "revenue": 734076
        },
        "2021-08": {
            "month": "2021-08",
            "price": "19.22",
            "revenue": 738459
        },
        "2021-09": {
            "month": "2021-09",
            "price": "19.09",
            "revenue": 695982
        },
        "2021-10": {
            "month": "2021-10",
            "price": "19.32",
            "revenue": 724828
        },
        "2021-11": {
            "month": "2021-11",
            "price": "23.32",
            "revenue": 618135
        },
        "2021-12": {
            "month": "2021-12",
            "price": "24.27",
            "revenue": 1014621
        },
        "2022-01": {
            "month": "2022-01",
            "price": "22.14",
            "revenue": 693700
        },
        "2022-02": {
            "month": "2022-02",
            "price": "21.25",
            "revenue": 836311
        },
        "2022-03": {
            "month": "2022-03",
            "price": "20.43",
            "revenue": 908498
        },
        "2022-04": {
            "month": "2022-04",
            "price": "19.38",
            "revenue": 779427
        },
        "2022-05": {
            "month": "2022-05",
            "price": "19.48",
            "revenue": 887599
        },
        "2022-06": {
            "month": "2022-06",
            "price": "18.96",
            "revenue": 1374598
        },
        "2022-07": {
            "month": "2022-07",
            "price": "23.73",
            "revenue": 937781
        },
        "2022-08": {
            "month": "2022-08",
            "price": "28.65",
            "revenue": 1018128
        },
        "2022-09": {
            "month": "2022-09",
            "price": "27.52",
            "revenue": 1206809
        },
        "2022-10": {
            "month": "2022-10",
            "price": "25.10",
            "revenue": 1156453
        },
        "2022-11": {
            "month": "2022-11",
            "price": "25.63",
            "revenue": 1139484
        },
        "2022-12": {
            "month": "2022-12",
            "price": "25.47",
            "revenue": 1379441
        },
        "2023-01": {
            "month": "2023-01",
            "price": "25.59",
            "revenue": 967214
        },
        "2023-02": {
            "month": "2023-02",
            "price": "26.50",
            "revenue": 851261
        },
        "2023-03": {
            "month": "2023-03",
            "price": "28.03",
            "revenue": 992147
        },
        "2023-04": {
            "month": "2023-04",
            "price": "27.77",
            "revenue": 1032528
        },
        "2023-05": {
            "month": "2023-05",
            "price": "26.34",
            "revenue": 984392
        },
        "2023-06": {
            "month": "2023-06",
            "price": "27.89",
            "revenue": 789316
        },
        "2023-07": {
            "month": "2023-07",
            "price": "44.02",
            "revenue": 509027
        },
        "2023-08": {
            "month": "2023-08",
            "price": "38.70",
            "revenue": 471028
        },
        "2023-09": {
            "month": "2023-09",
            "price": "34.88",
            "revenue": 598519
        },
        "2023-10": {
            "month": "2023-10",
            "price": "31.60",
            "revenue": 365149
        },
        "2023-11": {
            "month": "2023-11",
            "price": "30.12",
            "revenue": 772950
        },
        "2023-12": {
            "month": "2023-12",
            "price": "35.14",
            "revenue": 1070131
        }
    }
}
