{
    "summary": {
        "stock_name": "新巨",
        "stock_id": "2420",
        "category": "電子零組件",
        "main_business": "微動開關<br>電源供應器",
        "website_url": "http://www.zippy.com.tw",
        "ceo": "高銘傳",
        "pe_ratio": 14,
        "report_year_from": 2001,
        "report_year_to": 2023,
        "age": 23,
        "eps_negative_percentage": 0,
        "eps_growth_avg": {
            "last_all": 8.73,
            "last_2y": 4.12,
            "last_4y": 0.22,
            "last_8y": -1.28,
            "last_12y": 4.7,
            "last_16y": 4.51,
            "last_20y": 5.43,
            "at_2006_last_3y": 9.38,
            "at_2007_last_3y": 6.68,
            "at_2008_last_3y": -6.13,
            "at_2009_last_3y": -16.88,
            "at_2010_last_3y": 3.86,
            "at_2011_last_3y": 12.63,
            "at_2012_last_3y": 21.77,
            "at_2013_last_3y": 37.87,
            "at_2014_last_3y": 18.16,
            "at_2015_last_3y": 17.49,
            "at_2016_last_3y": 16.52,
            "at_2017_last_3y": -0.87,
            "at_2018_last_3y": -3.15,
            "at_2019_last_3y": -6.43,
            "at_2020_last_3y": -5.46,
            "at_2021_last_3y": 7.19,
            "at_2022_last_3y": 9.04,
            "at_2023_last_3y": 0.89,
            "at_2024_last_3y": 0.89,
            "at_2006_last_all": 23.09,
            "at_2007_last_all": 15.62,
            "at_2008_last_all": 6.91,
            "at_2009_last_all": 4.33,
            "at_2010_last_all": 14.55,
            "at_2011_last_all": 14.43,
            "at_2012_last_all": 12.31,
            "at_2013_last_all": 15.51,
            "at_2014_last_all": 15.66,
            "at_2015_last_all": 15.3,
            "at_2016_last_all": 13.44,
            "at_2017_last_all": 11.42,
            "at_2018_last_all": 11.23,
            "at_2019_last_all": 10.47,
            "at_2020_last_all": 9.46,
            "at_2021_last_all": 10.57,
            "at_2022_last_all": 10.82,
            "at_2023_last_all": 8.73,
            "at_2024_last_all": 8.73
        },
        "latest_eps": 3.79,
        "latest_price": 52.2,
        "latest_roe": 16.04,
        "latest_gross_margin": 45.03,
        "latest_equity": 3620583,
        "latest_revenue": 530045,
        "latest_gross_profit": 238658,
        "latest_net_income": 157552,
        "latest_debt_ratio": 31.5,
        "latest_current_ratio": 337.54,
        "latest_account_receivable_turnover_ratio": 1.77,
        "latest_inventory_turnover_ratio": 0.42,
        "latest_reinvestment_rate": -4.14,
        "latest_research_to_sale_ratio": 3.32
    },
    "eps_dividends": {
        "1994": {
            "cash": 0,
            "stock": 2.63,
            "eps": 0
        },
        "1995": {
            "cash": 0,
            "stock": 1.8,
            "eps": 0
        },
        "1996": {
            "cash": 0,
            "stock": 1.2,
            "eps": 0
        },
        "1997": {
            "cash": 0,
            "stock": 1.5,
            "eps": 0
        },
        "1998": {
            "cash": 0,
            "stock": 2,
            "eps": 0
        },
        "1999": {
            "cash": 0.6,
            "stock": 1.4,
            "eps": 0
        },
        "2000": {
            "cash": 1,
            "stock": 1,
            "eps": 0
        },
        "2001": {
            "cash": 0.5,
            "stock": 0.5,
            "eps": 1.18
        },
        "2002": {
            "cash": 1.4100000000000001,
            "stock": 1.4100000000000001,
            "eps": 2.1
        },
        "2003": {
            "cash": 0,
            "stock": 0,
            "eps": 1.87
        },
        "2004": {
            "cash": 0.96,
            "stock": 0.84,
            "eps": 1.98
        },
        "2005": {
            "cash": 0.9,
            "stock": 0.9,
            "eps": 2.56
        },
        "2006": {
            "cash": 1,
            "stock": 1,
            "eps": 2.9
        },
        "2007": {
            "cash": 1.5,
            "stock": 1,
            "eps": 2.27
        },
        "2008": {
            "cash": 1.5,
            "stock": 0.5,
            "eps": 1.24
        },
        "2009": {
            "cash": 0.8,
            "stock": 0,
            "eps": 1.07
        },
        "2010": {
            "cash": 1,
            "stock": 0,
            "eps": 2.1
        },
        "2011": {
            "cash": 3.8,
            "stock": 0,
            "eps": 2.38
        },
        "2012": {
            "cash": 0,
            "stock": 0,
            "eps": 2.17
        },
        "2013": {
            "cash": 2,
            "stock": 0,
            "eps": 3.27
        },
        "2014": {
            "cash": 2.8,
            "stock": 0,
            "eps": 3.84
        },
        "2015": {
            "cash": 3.5,
            "stock": 0,
            "eps": 4.25
        },
        "2016": {
            "cash": 2.5,
            "stock": 0,
            "eps": 3.71
        },
        "2017": {
            "cash": 3,
            "stock": 0,
            "eps": 3.01
        },
        "2018": {
            "cash": 2.7,
            "stock": 0,
            "eps": 3.26
        },
        "2019": {
            "cash": 2.8,
            "stock": 0,
            "eps": 3.18
        },
        "2020": {
            "cash": 2,
            "stock": 0,
            "eps": 2.9
        },
        "2021": {
            "cash": 2.55,
            "stock": 0,
            "eps": 3.82
        },
        "2022": {
            "cash": 3,
            "stock": 0,
            "eps": 4.42
        },
        "2023": {
            "cash": 3.5,
            "stock": 0,
            "eps": 2.87
        }
    },
    "dividends": {
        "1994-05-31": {
            "cash": 0,
            "stock": 2.63
        },
        "1995-05-06": {
            "cash": 0,
            "stock": 1.8
        },
        "1996-04-10": {
            "cash": 0,
            "stock": 1.2
        },
        "1997-04-16": {
            "cash": 0,
            "stock": 1.5
        },
        "1998-05-08": {
            "cash": 0,
            "stock": 2
        },
        "1999-06-08": {
            "cash": 0.6,
            "stock": 1.4
        },
        "2000-06-20": {
            "cash": 1,
            "stock": 1
        },
        "2001-06-28": {
            "cash": 0.5,
            "stock": 0.5
        },
        "2002-03-25": {
            "cash": 0.9,
            "stock": 0.9
        },
        "2002-06-12": {
            "cash": 0.51,
            "stock": 0.51
        },
        "2004-06-15": {
            "cash": 0.96,
            "stock": 0.84
        },
        "2005-03-10": {
            "cash": 0.9,
            "stock": 0.9
        },
        "2006-03-07": {
            "cash": 1,
            "stock": 1
        },
        "2007-03-13": {
            "cash": 1.5,
            "stock": 1
        },
        "2008-05-20": {
            "cash": 1.5,
            "stock": 0.5
        },
        "2009-03-25": {
            "cash": 0.8,
            "stock": 0
        },
        "2010-03-25": {
            "cash": 1,
            "stock": 0
        },
        "2011-01-01": {
            "cash": 2,
            "stock": 0
        },
        "2011-03-22": {
            "cash": 1.8,
            "stock": 0
        },
        "2013-04-09": {
            "cash": 2,
            "stock": 0
        },
        "2014-08-29": {
            "cash": 2.8,
            "stock": 0
        },
        "2015-08-14": {
            "cash": 3.5,
            "stock": 0
        },
        "2016-08-01": {
            "cash": 2.5,
            "stock": 0
        },
        "2017-10-16": {
            "cash": 3,
            "stock": 0
        },
        "2018-10-11": {
            "cash": 2.7,
            "stock": 0
        },
        "2019-08-28": {
            "cash": 2.8,
            "stock": 0
        },
        "2020-10-22": {
            "cash": 2,
            "stock": 0
        },
        "2021-11-15": {
            "cash": 2.55,
            "stock": 0
        },
        "2022-09-28": {
            "cash": 3,
            "stock": 0
        },
        "2023-09-05": {
            "cash": 3.5,
            "stock": 0
        }
    },
    "prices": {
        "200101": "23.22",
        "200102": "25.59",
        "200103": "26.80",
        "200104": "28.41",
        "200105": "24.87",
        "200106": "23.17",
        "200107": "16.84",
        "200108": "14.47",
        "200109": "11.27",
        "200110": "10.26",
        "200111": "12.83",
        "200112": "16.42",
        "200201": "21.37",
        "200202": "21.82",
        "200203": "23.54",
        "200204": "29.18",
        "200205": "31.50",
        "200206": "27.98",
        "200207": "24.63",
        "200208": "28.07",
        "200209": "28.74",
        "200210": "27.12",
        "200211": "27.83",
        "200212": "26.53",
        "200301": "26.05",
        "200302": "23.22",
        "200303": "22.71",
        "200304": "22.34",
        "200305": "25.36",
        "200306": "29.01",
        "200307": "30.10",
        "200308": "29.96",
        "200309": "24.59",
        "200310": "24.06",
        "200311": "24.30",
        "200312": "25.93",
        "200401": "25.90",
        "200402": "26.48",
        "200403": "25.11",
        "200404": "24.56",
        "200405": "21.12",
        "200406": "20.15",
        "200407": "18.08",
        "200408": "16.02",
        "200409": "15.60",
        "200410": "14.98",
        "200411": "15.70",
        "200412": "16.63",
        "200501": "15.89",
        "200502": "16.38",
        "200503": "17.58",
        "200504": "16.66",
        "200505": "16.94",
        "200506": "17.90",
        "200507": "21.47",
        "200508": "19.53",
        "200509": "20.86",
        "200510": "19.80",
        "200511": "19.77",
        "200512": "21.80",
        "200601": "22.42",
        "200602": "21.27",
        "200603": "21.56",
        "200604": "25.58",
        "200605": "28.53",
        "200606": "25.24",
        "200607": "25.94",
        "200608": "24.34",
        "200609": "22.84",
        "200610": "24.61",
        "200611": "28.24",
        "200612": "35.78",
        "200701": "42.46",
        "200702": "44.47",
        "200703": "41.18",
        "200704": "41.96",
        "200705": "37.79",
        "200706": "40.80",
        "200707": "44.45",
        "200708": "32.96",
        "200709": "30.58",
        "200710": "28.92",
        "200711": "22.38",
        "200712": "22.35",
        "200801": "19.76",
        "200802": "18.43",
        "200803": "19.73",
        "200804": "22.00",
        "200805": "21.68",
        "200806": "19.25",
        "200807": "16.95",
        "200808": "15.66",
        "200809": "13.10",
        "200810": "11.15",
        "200811": "9.54",
        "200812": "9.18",
        "200901": "8.82",
        "200902": "9.06",
        "200903": "10.79",
        "200904": "13.93",
        "200905": "14.36",
        "200906": "13.25",
        "200907": "13.41",
        "200908": "14.60",
        "200909": "14.66",
        "200910": "15.95",
        "200911": "16.33",
        "200912": "20.67",
        "201001": "25.20",
        "201002": "24.08",
        "201003": "26.17",
        "201004": "26.79",
        "201005": "26.23",
        "201006": "24.85",
        "201007": "24.04",
        "201008": "23.90",
        "201009": "25.47",
        "201010": "25.38",
        "201011": "24.73",
        "201012": "26.16",
        "201101": "25.46",
        "201102": "24.77",
        "201103": "24.65",
        "201104": "25.79",
        "201105": "25.91",
        "201106": "27.10",
        "201107": "25.02",
        "201108": "19.76",
        "201109": "21.23",
        "201110": "20.67",
        "201111": "21.85",
        "201112": "20.15",
        "201201": "20.43",
        "201202": "24.07",
        "201203": "25.11",
        "201204": "23.70",
        "201205": "23.50",
        "201206": "22.53",
        "201207": "22.19",
        "201208": "21.56",
        "201209": "21.79",
        "201210": "21.04",
        "201211": "20.69",
        "201212": "21.50",
        "201301": "21.68",
        "201302": "23.25",
        "201303": "25.41",
        "201304": "26.68",
        "201305": "27.02",
        "201306": "30.82",
        "201307": "29.04",
        "201308": "27.61",
        "201309": "30.39",
        "201310": "28.83",
        "201311": "29.53",
        "201312": "34.33",
        "201401": "40.03",
        "201402": "45.47",
        "201403": "45.95",
        "201404": "55.60",
        "201405": "51.33",
        "201406": "51.85",
        "201407": "48.78",
        "201408": "40.76",
        "201409": "37.50",
        "201410": "34.40",
        "201411": "37.40",
        "201412": "42.12",
        "201501": "40.65",
        "201502": "43.33",
        "201503": "47.21",
        "201504": "49.00",
        "201505": "47.66",
        "201506": "45.37",
        "201507": "41.17",
        "201508": "35.68",
        "201509": "35.95",
        "201510": "38.25",
        "201511": "41.65",
        "201512": "44.96",
        "201601": "40.50",
        "201602": "43.12",
        "201603": "46.57",
        "201604": "43.03",
        "201605": "39.51",
        "201606": "39.11",
        "201607": "36.33",
        "201608": "36.49",
        "201609": "37.02",
        "201610": "34.98",
        "201611": "33.88",
        "201612": "35.75",
        "201701": "36.03",
        "201702": "36.14",
        "201703": "37.06",
        "201704": "38.43",
        "201705": "36.73",
        "201706": "36.35",
        "201707": "36.06",
        "201708": "36.35",
        "201709": "34.46",
        "201710": "35.56",
        "201711": "36.77",
        "201712": "35.98",
        "201801": "34.80",
        "201802": "34.01",
        "201803": "35.29",
        "201804": "35.59",
        "201805": "35.50",
        "201806": "35.50",
        "201807": "35.19",
        "201808": "36.19",
        "201809": "33.03",
        "201810": "30.50",
        "201811": "30.43",
        "201812": "31.70",
        "201901": "32.23",
        "201902": "34.15",
        "201903": "36.09",
        "201904": "36.65",
        "201905": "36.36",
        "201906": "36.79",
        "201907": "37.84",
        "201908": "34.58",
        "201909": "35.17",
        "201910": "34.82",
        "201911": "36.12",
        "201912": "36.10",
        "202001": "36.04",
        "202002": "36.04",
        "202003": "31.04",
        "202004": "30.83",
        "202005": "33.87",
        "202006": "33.53",
        "202007": "33.73",
        "202008": "34.42",
        "202009": "33.08",
        "202010": "32.06",
        "202011": "32.70",
        "202012": "33.47",
        "202101": "33.48",
        "202102": "33.57",
        "202103": "36.53",
        "202104": "38.56",
        "202105": "36.72",
        "202106": "37.84",
        "202107": "40.64",
        "202108": "40.31",
        "202109": "41.98",
        "202110": "41.06",
        "202111": "44.21",
        "202112": "46.10",
        "202201": "42.74",
        "202202": "42.67",
        "202203": "43.30",
        "202204": "42.76",
        "202205": "42.45",
        "202206": "42.55",
        "202207": "40.57",
        "202208": "42.60",
        "202209": "40.43",
        "202210": "38.15",
        "202211": "38.81",
        "202212": "39.52",
        "202301": "39.65",
        "202302": "41.39",
        "202303": "43.24",
        "202304": "44.16",
        "202305": "45.12",
        "202306": "46.15",
        "202307": "48.53",
        "202308": "46.18",
        "202309": "45.68",
        "202310": "45.83",
        "202311": "47.36",
        "202312": "48.60"
    },
    "quarters": {
        "20011": {
            "year_quarter": 20011,
            "year": 2001,
            "quarter": 1,
            "eps": 0.24,
            "eps_growth_year": 200,
            "eps_4q": 1.24,
            "eps_4q_growth_year": 10.53,
            "roe": 1.63,
            "roe_4q": 1.63,
            "gross_profit": 80801,
            "gross_margin": 22.79,
            "gross_margin_4q_avg": 22.79,
            "net_income": 21401,
            "net_income_4q": null,
            "revenue": 354556,
            "revenue_4q": null,
            "common_shares": 880825,
            "book_valuer_per_share": 15,
            "book_valuer_per_share_4q_avg": 15,
            "equity": 1320989,
            "current_ratio": 167.4,
            "debt_ratio": 31.76,
            "inventory_turnover_ratio": 0.71,
            "account_receivable_turnover_ratio": null,
            "reinvestment_rate": null,
            "research_to_sale_ratio": null,
            "price_fair": 0,
            "eps_avg_yearly": 0,
            "eps_latest_yearly": 0,
            "eps_growth_yearly": 0
        },
        "20012": {
            "year_quarter": 20012,
            "year": 2001,
            "quarter": 2,
            "eps": 0.18,
            "eps_growth_year": -40,
            "eps_4q": 1.13,
            "eps_4q_growth_year": 14.2,
            "roe": 1.24,
            "roe_4q": 2.87,
            "gross_profit": 66713,
            "gross_margin": 20.93,
            "gross_margin_4q_avg": 21.86,
            "net_income": 16261,
            "net_income_4q": null,
            "revenue": 318816,
            "revenue_4q": null,
            "common_shares": 880825,
            "book_valuer_per_share": 14.69,
            "book_valuer_per_share_4q_avg": 14.85,
            "equity": 1293872,
            "current_ratio": 163.68,
            "debt_ratio": 29.8,
            "inventory_turnover_ratio": 0.71,
            "account_receivable_turnover_ratio": null,
            "reinvestment_rate": null,
            "research_to_sale_ratio": null,
            "price_fair": 0,
            "eps_avg_yearly": 0,
            "eps_latest_yearly": 0,
            "eps_growth_yearly": 0
        },
        "20013": {
            "year_quarter": 20013,
            "year": 2001,
            "quarter": 3,
            "eps": 0.19,
            "eps_growth_year": -40.62,
            "eps_4q": 0.97,
            "eps_4q_growth_year": 31.32,
            "roe": 1.38,
            "roe_4q": 4.25,
            "gross_profit": 68413,
            "gross_margin": 19.06,
            "gross_margin_4q_avg": 20.93,
            "net_income": 17939,
            "net_income_4q": null,
            "revenue": 358995,
            "revenue_4q": null,
            "common_shares": 924866,
            "book_valuer_per_share": 14.19,
            "book_valuer_per_share_4q_avg": 14.63,
            "equity": 1312297,
            "current_ratio": 175.44,
            "debt_ratio": 28.35,
            "inventory_turnover_ratio": 0.87,
            "account_receivable_turnover_ratio": null,
            "reinvestment_rate": null,
            "research_to_sale_ratio": null,
            "price_fair": 0,
            "eps_avg_yearly": 0,
            "eps_latest_yearly": 0,
            "eps_growth_yearly": 0
        },
        "20014": {
            "year_quarter": 20014,
            "year": 2001,
            "quarter": 4,
            "eps": 0.57,
            "eps_growth_year": 39.02,
            "eps_4q": 1.17,
            "eps_4q_growth_year": 8.19,
            "roe": 3.99,
            "roe_4q": 8.24,
            "gross_profit": 102107,
            "gross_margin": 24.43,
            "gross_margin_4q_avg": 21.8,
            "net_income": 52578,
            "net_income_4q": null,
            "revenue": 417958,
            "revenue_4q": null,
            "common_shares": 924866,
            "book_valuer_per_share": 14.33,
            "book_valuer_per_share_4q_avg": 14.55,
            "equity": 1325122,
            "current_ratio": 140.39,
            "debt_ratio": 39.69,
            "inventory_turnover_ratio": 0.91,
            "account_receivable_turnover_ratio": null,
            "reinvestment_rate": null,
            "research_to_sale_ratio": null,
            "price_fair": 0,
            "eps_avg_yearly": 0,
            "eps_latest_yearly": 0,
            "eps_growth_yearly": 0
        },
        "20021": {
            "year_quarter": 20021,
            "year": 2002,
            "quarter": 1,
            "eps": 0.51,
            "eps_growth_year": 112.5,
            "eps_4q": 1.48,
            "eps_4q_growth_year": 19.84,
            "roe": 3.38,
            "roe_4q": 9.99,
            "gross_profit": 106020,
            "gross_margin": 27.7,
            "gross_margin_4q_avg": 23.03,
            "net_income": 45606,
            "net_income_4q": null,
            "revenue": 382785,
            "revenue_4q": null,
            "common_shares": 924866,
            "book_valuer_per_share": 14.82,
            "book_valuer_per_share_4q_avg": 14.51,
            "equity": 1370895,
            "current_ratio": 164.87,
            "debt_ratio": 31.82,
            "inventory_turnover_ratio": 0.78,
            "account_receivable_turnover_ratio": null,
            "reinvestment_rate": null,
            "research_to_sale_ratio": null,
            "price_fair": 6.12,
            "eps_avg_yearly": 2.04,
            "eps_latest_yearly": 2.04,
            "eps_growth_yearly": -42.11
        },
        "20022": {
            "year_quarter": 20022,
            "year": 2002,
            "quarter": 2,
            "eps": 0.48,
            "eps_growth_year": 166.67,
            "eps_4q": 1.8,
            "eps_4q_growth_year": 58.77,
            "roe": 3.16,
            "roe_4q": 11.91,
            "gross_profit": 128570,
            "gross_margin": 27.39,
            "gross_margin_4q_avg": 24.65,
            "net_income": 42373,
            "net_income_4q": null,
            "revenue": 469456,
            "revenue_4q": null,
            "common_shares": 924866,
            "book_valuer_per_share": 14.16,
            "book_valuer_per_share_4q_avg": 14.38,
            "equity": 1309551,
            "current_ratio": 145.83,
            "debt_ratio": 36.87,
            "inventory_turnover_ratio": 0.92,
            "account_receivable_turnover_ratio": null,
            "reinvestment_rate": null,
            "research_to_sale_ratio": null,
            "price_fair": 5.94,
            "eps_avg_yearly": 1.98,
            "eps_latest_yearly": 1.92,
            "eps_growth_yearly": -32.82
        },
        "20023": {
            "year_quarter": 20023,
            "year": 2002,
            "quarter": 3,
            "eps": 0.67,
            "eps_growth_year": 252.63,
            "eps_4q": 2.18,
            "eps_4q_growth_year": 124.74,
            "roe": 4.63,
            "roe_4q": 15.16,
            "gross_profit": 117509,
            "gross_margin": 23.17,
            "gross_margin_4q_avg": 25.67,
            "net_income": 62274,
            "net_income_4q": null,
            "revenue": 507078,
            "revenue_4q": null,
            "common_shares": 972244,
            "book_valuer_per_share": 14.18,
            "book_valuer_per_share_4q_avg": 14.37,
            "equity": 1378166,
            "current_ratio": 154.08,
            "debt_ratio": 34.06,
            "inventory_turnover_ratio": 1.01,
            "account_receivable_turnover_ratio": null,
            "reinvestment_rate": null,
            "research_to_sale_ratio": null,
            "price_fair": 77.47,
            "eps_avg_yearly": 2.21,
            "eps_latest_yearly": 2.68,
            "eps_growth_yearly": 30.9
        },
        "20024": {
            "year_quarter": 20024,
            "year": 2002,
            "quarter": 4,
            "eps": 0.44,
            "eps_growth_year": -22.81,
            "eps_4q": 2.05,
            "eps_4q_growth_year": 74.51,
            "roe": 2.94,
            "roe_4q": 14.11,
            "gross_profit": 152715,
            "gross_margin": 30.72,
            "gross_margin_4q_avg": 27.25,
            "net_income": 41151,
            "net_income_4q": null,
            "revenue": 497038,
            "revenue_4q": null,
            "common_shares": 972244,
            "book_valuer_per_share": 14.59,
            "book_valuer_per_share_4q_avg": 14.44,
            "equity": 1418657,
            "current_ratio": 143.14,
            "debt_ratio": 37.74,
            "inventory_turnover_ratio": 0.87,
            "account_receivable_turnover_ratio": null,
            "reinvestment_rate": 112.86,
            "research_to_sale_ratio": null,
            "price_fair": 6.3,
            "eps_avg_yearly": 2.1,
            "eps_latest_yearly": 1.76,
            "eps_growth_yearly": -11.15
        },
        "20031": {
            "year_quarter": 20031,
            "year": 2003,
            "quarter": 1,
            "eps": 0.56,
            "eps_growth_year": 9.8,
            "eps_4q": 2.13,
            "eps_4q_growth_year": 44.2,
            "roe": 3.59,
            "roe_4q": 14.32,
            "gross_profit": 115777,
            "gross_margin": 28.91,
            "gross_margin_4q_avg": 27.55,
            "net_income": 51849,
            "net_income_4q": null,
            "revenue": 400422,
            "revenue_4q": null,
            "common_shares": 972244,
            "book_valuer_per_share": 15.12,
            "book_valuer_per_share_4q_avg": 14.51,
            "equity": 1470487,
            "current_ratio": 186.59,
            "debt_ratio": 28.06,
            "inventory_turnover_ratio": 0.67,
            "account_receivable_turnover_ratio": null,
            "reinvestment_rate": 59.45,
            "research_to_sale_ratio": null,
            "price_fair": 48.72,
            "eps_avg_yearly": 2.13,
            "eps_latest_yearly": 2.24,
            "eps_growth_yearly": 12.9
        },
        "20032": {
            "year_quarter": 20032,
            "year": 2003,
            "quarter": 2,
            "eps": 0.33,
            "eps_growth_year": -31.25,
            "eps_4q": 2,
            "eps_4q_growth_year": 11.13,
            "roe": 2.13,
            "roe_4q": 13.29,
            "gross_profit": 134375,
            "gross_margin": 25.32,
            "gross_margin_4q_avg": 27.03,
            "net_income": 30769,
            "net_income_4q": null,
            "revenue": 530607,
            "revenue_4q": null,
            "common_shares": 972244,
            "book_valuer_per_share": 14.55,
            "book_valuer_per_share_4q_avg": 14.61,
            "equity": 1414680,
            "current_ratio": 165.76,
            "debt_ratio": 33.77,
            "inventory_turnover_ratio": 0.91,
            "account_receivable_turnover_ratio": null,
            "reinvestment_rate": 55.79,
            "research_to_sale_ratio": null,
            "price_fair": 5.98,
            "eps_avg_yearly": 1.99,
            "eps_latest_yearly": 1.32,
            "eps_growth_yearly": -16.63
        },
        "20033": {
            "year_quarter": 20033,
            "year": 2003,
            "quarter": 3,
            "eps": 0.66,
            "eps_growth_year": -1.49,
            "eps_4q": 1.9,
            "eps_4q_growth_year": -13.13,
            "roe": 4.57,
            "roe_4q": 13.229999999999999,
            "gross_profit": 161857,
            "gross_margin": 26.03,
            "gross_margin_4q_avg": 27.75,
            "net_income": 66104,
            "net_income_4q": null,
            "revenue": 621764,
            "revenue_4q": null,
            "common_shares": 1061958,
            "book_valuer_per_share": 13.92,
            "book_valuer_per_share_4q_avg": 14.55,
            "equity": 1477795,
            "current_ratio": 158.05,
            "debt_ratio": 38.75,
            "inventory_turnover_ratio": 1.15,
            "account_receivable_turnover_ratio": null,
            "reinvestment_rate": 54.72,
            "research_to_sale_ratio": null,
            "price_fair": 73,
            "eps_avg_yearly": 2.09,
            "eps_latest_yearly": 2.64,
            "eps_growth_yearly": 42.88
        },
        "20034": {
            "year_quarter": 20034,
            "year": 2003,
            "quarter": 4,
            "eps": 0.32,
            "eps_growth_year": -27.27,
            "eps_4q": 1.78,
            "eps_4q_growth_year": -13.1,
            "roe": 2.19,
            "roe_4q": 12.48,
            "gross_profit": 156446,
            "gross_margin": 25.28,
            "gross_margin_4q_avg": 26.39,
            "net_income": 32633,
            "net_income_4q": null,
            "revenue": 618972,
            "revenue_4q": null,
            "common_shares": 1061958,
            "book_valuer_per_share": 14.17,
            "book_valuer_per_share_4q_avg": 14.44,
            "equity": 1505010,
            "current_ratio": 148.96,
            "debt_ratio": 41.11,
            "inventory_turnover_ratio": 1.09,
            "account_receivable_turnover_ratio": null,
            "reinvestment_rate": 94.11,
            "research_to_sale_ratio": null,
            "price_fair": 43.21,
            "eps_avg_yearly": 1.99,
            "eps_latest_yearly": 1.28,
            "eps_growth_yearly": 11.77
        },
        "20041": {
            "year_quarter": 20041,
            "year": 2004,
            "quarter": 1,
            "eps": 0.39,
            "eps_growth_year": -30.36,
            "eps_4q": 1.68,
            "eps_4q_growth_year": -21.25,
            "roe": 2.57,
            "roe_4q": 11.46,
            "gross_profit": 130453,
            "gross_margin": 22.29,
            "gross_margin_4q_avg": 24.73,
            "net_income": 39123,
            "net_income_4q": null,
            "revenue": 585379,
            "revenue_4q": null,
            "common_shares": 1061958,
            "book_valuer_per_share": 14.51,
            "book_valuer_per_share_4q_avg": 14.29,
            "equity": 1540875,
            "current_ratio": 197.24,
            "debt_ratio": 31.09,
            "inventory_turnover_ratio": 1.22,
            "account_receivable_turnover_ratio": null,
            "reinvestment_rate": 38.62,
            "research_to_sale_ratio": null,
            "price_fair": 58.48,
            "eps_avg_yearly": 1.94,
            "eps_latest_yearly": 1.56,
            "eps_growth_yearly": 20.18
        },
        "20042": {
            "year_quarter": 20042,
            "year": 2004,
            "quarter": 2,
            "eps": 0.52,
            "eps_growth_year": 57.58,
            "eps_4q": 1.87,
            "eps_4q_growth_year": -6.38,
            "roe": 3.47,
            "roe_4q": 12.8,
            "gross_profit": 161001,
            "gross_margin": 24.84,
            "gross_margin_4q_avg": 24.61,
            "net_income": 53177,
            "net_income_4q": null,
            "revenue": 648042,
            "revenue_4q": null,
            "common_shares": 1061958,
            "book_valuer_per_share": 14.32,
            "book_valuer_per_share_4q_avg": 14.23,
            "equity": 1520853,
            "current_ratio": 175.45,
            "debt_ratio": 36.66,
            "inventory_turnover_ratio": 1.78,
            "account_receivable_turnover_ratio": null,
            "reinvestment_rate": 29.38,
            "research_to_sale_ratio": null,
            "price_fair": 68.32,
            "eps_avg_yearly": 1.95,
            "eps_latest_yearly": 2.08,
            "eps_growth_yearly": 31.5
        },
        "20043": {
            "year_quarter": 20043,
            "year": 2004,
            "quarter": 3,
            "eps": 0.68,
            "eps_growth_year": 3.03,
            "eps_4q": 1.79,
            "eps_4q_growth_year": -5.43,
            "roe": 4.88,
            "roe_4q": 13.11,
            "gross_profit": 170638,
            "gross_margin": 27.18,
            "gross_margin_4q_avg": 24.9,
            "net_income": 76340,
            "net_income_4q": null,
            "revenue": 627863,
            "revenue_4q": null,
            "common_shares": 1149483,
            "book_valuer_per_share": 14,
            "book_valuer_per_share_4q_avg": 14.25,
            "equity": 1609507,
            "current_ratio": 206.06,
            "debt_ratio": 30.98,
            "inventory_turnover_ratio": 1.66,
            "account_receivable_turnover_ratio": null,
            "reinvestment_rate": 22.49,
            "research_to_sale_ratio": null,
            "price_fair": 70.76,
            "eps_avg_yearly": 2.02,
            "eps_latest_yearly": 2.72,
            "eps_growth_yearly": 39.82
        },
        "20044": {
            "year_quarter": 20044,
            "year": 2004,
            "quarter": 4,
            "eps": 0.39,
            "eps_growth_year": 21.88,
            "eps_4q": 1.89,
            "eps_4q_growth_year": 6.51,
            "roe": 2.72,
            "roe_4q": 13.64,
            "gross_profit": 204023,
            "gross_margin": 30.78,
            "gross_margin_4q_avg": 26.27,
            "net_income": 43725,
            "net_income_4q": null,
            "revenue": 662856,
            "revenue_4q": null,
            "common_shares": 1149483,
            "book_valuer_per_share": 13.96,
            "book_valuer_per_share_4q_avg": 14.2,
            "equity": 1605102,
            "current_ratio": 165.28,
            "debt_ratio": 37.33,
            "inventory_turnover_ratio": 1.25,
            "account_receivable_turnover_ratio": null,
            "reinvestment_rate": 28.97,
            "research_to_sale_ratio": null,
            "price_fair": 64.04,
            "eps_avg_yearly": 1.98,
            "eps_latest_yearly": 1.56,
            "eps_growth_yearly": 22.29
        },
        "20051": {
            "year_quarter": 20051,
            "year": 2005,
            "quarter": 1,
            "eps": 0.6,
            "eps_growth_year": 53.85,
            "eps_4q": 2.18,
            "eps_4q_growth_year": 29.81,
            "roe": 4.02,
            "roe_4q": 15.090000000000002,
            "gross_profit": 132928,
            "gross_margin": 24.04,
            "gross_margin_4q_avg": 26.71,
            "net_income": 65698,
            "net_income_4q": null,
            "revenue": 553014,
            "revenue_4q": null,
            "common_shares": 1149483,
            "book_valuer_per_share": 14.46,
            "book_valuer_per_share_4q_avg": 14.19,
            "equity": 1661813,
            "current_ratio": 200.25,
            "debt_ratio": 32.41,
            "inventory_turnover_ratio": 1.09,
            "account_receivable_turnover_ratio": null,
            "reinvestment_rate": 6.89,
            "research_to_sale_ratio": null,
            "price_fair": 70.54,
            "eps_avg_yearly": 2.02,
            "eps_latest_yearly": 2.4,
            "eps_growth_yearly": 37.14
        },
        "20052": {
            "year_quarter": 20052,
            "year": 2005,
            "quarter": 2,
            "eps": 0.5,
            "eps_growth_year": -3.85,
            "eps_4q": 2.19,
            "eps_4q_growth_year": 16.97,
            "roe": 3.37,
            "roe_4q": 14.989999999999998,
            "gross_profit": 162932,
            "gross_margin": 27.65,
            "gross_margin_4q_avg": 27.41,
            "net_income": 55121,
            "net_income_4q": null,
            "revenue": 589275,
            "revenue_4q": null,
            "common_shares": 1129483,
            "book_valuer_per_share": 14.29,
            "book_valuer_per_share_4q_avg": 14.18,
            "equity": 1613853,
            "current_ratio": 201.44,
            "debt_ratio": 32.19,
            "inventory_turnover_ratio": 1.43,
            "account_receivable_turnover_ratio": null,
            "reinvestment_rate": 3.36,
            "research_to_sale_ratio": null,
            "price_fair": 70.5,
            "eps_avg_yearly": 2.01,
            "eps_latest_yearly": 2,
            "eps_growth_yearly": 29.73
        },
        "20053": {
            "year_quarter": 20053,
            "year": 2005,
            "quarter": 3,
            "eps": 0.95,
            "eps_growth_year": 39.71,
            "eps_4q": 2.32,
            "eps_4q_growth_year": 29.44,
            "roe": 6.82,
            "roe_4q": 16.93,
            "gross_profit": 245506,
            "gross_margin": 31.3,
            "gross_margin_4q_avg": 28.44,
            "net_income": 114039,
            "net_income_4q": null,
            "revenue": 784487,
            "revenue_4q": null,
            "common_shares": 1233884,
            "book_valuer_per_share": 14.04,
            "book_valuer_per_share_4q_avg": 14.19,
            "equity": 1732805,
            "current_ratio": 204.86,
            "debt_ratio": 33.84,
            "inventory_turnover_ratio": 1.78,
            "account_receivable_turnover_ratio": null,
            "reinvestment_rate": 0.14,
            "research_to_sale_ratio": null,
            "price_fair": 74.67,
            "eps_avg_yearly": 2.13,
            "eps_latest_yearly": 3.8,
            "eps_growth_yearly": 51.74
        },
        "20054": {
            "year_quarter": 20054,
            "year": 2005,
            "quarter": 4,
            "eps": 0.51,
            "eps_growth_year": 30.77,
            "eps_4q": 2.47,
            "eps_4q_growth_year": 30.34,
            "roe": 3.45,
            "roe_4q": 17.66,
            "gross_profit": 159007,
            "gross_margin": 20.78,
            "gross_margin_4q_avg": 25.94,
            "net_income": 61146,
            "net_income_4q": null,
            "revenue": 765076,
            "revenue_4q": null,
            "common_shares": 1233884,
            "book_valuer_per_share": 14.59,
            "book_valuer_per_share_4q_avg": 14.35,
            "equity": 1808303,
            "current_ratio": 176.56,
            "debt_ratio": 39.84,
            "inventory_turnover_ratio": 1.33,
            "account_receivable_turnover_ratio": null,
            "reinvestment_rate": -5.08,
            "research_to_sale_ratio": null,
            "price_fair": 74.46,
            "eps_avg_yearly": 2.13,
            "eps_latest_yearly": 2.04,
            "eps_growth_yearly": 36.93
        },
        "20061": {
            "year_quarter": 20061,
            "year": 2006,
            "quarter": 1,
            "eps": 0.6,
            "eps_growth_year": 0,
            "eps_4q": 2.5,
            "eps_4q_growth_year": 14.59,
            "roe": 3.95,
            "roe_4q": 17.59,
            "gross_profit": 181808,
            "gross_margin": 25.82,
            "gross_margin_4q_avg": 26.39,
            "net_income": 72707,
            "net_income_4q": null,
            "revenue": 704109,
            "revenue_4q": null,
            "common_shares": 1233884,
            "book_valuer_per_share": 15.17,
            "book_valuer_per_share_4q_avg": 14.52,
            "equity": 1871881,
            "current_ratio": 223.78,
            "debt_ratio": 31.32,
            "inventory_turnover_ratio": 1.13,
            "account_receivable_turnover_ratio": null,
            "reinvestment_rate": -7.02,
            "research_to_sale_ratio": null,
            "price_fair": 75.25,
            "eps_avg_yearly": 2.15,
            "eps_latest_yearly": 2.4,
            "eps_growth_yearly": 43.98
        },
        "20062": {
            "year_quarter": 20062,
            "year": 2006,
            "quarter": 2,
            "eps": 0.79,
            "eps_growth_year": 58,
            "eps_4q": 2.86,
            "eps_4q_growth_year": 30.75,
            "roe": 5.12,
            "roe_4q": 19.34,
            "gross_profit": 202833,
            "gross_margin": 23.61,
            "gross_margin_4q_avg": 25.38,
            "net_income": 94746,
            "net_income_4q": null,
            "revenue": 859008,
            "revenue_4q": null,
            "common_shares": 1233884,
            "book_valuer_per_share": 14.84,
            "book_valuer_per_share_4q_avg": 14.66,
            "equity": 1831335,
            "current_ratio": 192.08,
            "debt_ratio": 39.24,
            "inventory_turnover_ratio": 1.74,
            "account_receivable_turnover_ratio": null,
            "reinvestment_rate": -9.43,
            "research_to_sale_ratio": null,
            "price_fair": 77.96,
            "eps_avg_yearly": 2.23,
            "eps_latest_yearly": 3.16,
            "eps_growth_yearly": 53.36
        },
        "20063": {
            "year_quarter": 20063,
            "year": 2006,
            "quarter": 3,
            "eps": 0.95,
            "eps_growth_year": 0,
            "eps_4q": 2.67,
            "eps_4q_growth_year": 14.99,
            "roe": 6.66,
            "roe_4q": 19.18,
            "gross_profit": 228480,
            "gross_margin": 24.8,
            "gross_margin_4q_avg": 23.75,
            "net_income": 126369,
            "net_income_4q": null,
            "revenue": 921103,
            "revenue_4q": null,
            "common_shares": 1354272,
            "book_valuer_per_share": 14.49,
            "book_valuer_per_share_4q_avg": 14.77,
            "equity": 1962817,
            "current_ratio": 191.12,
            "debt_ratio": 37.25,
            "inventory_turnover_ratio": 1.6,
            "account_receivable_turnover_ratio": null,
            "reinvestment_rate": -11.85,
            "research_to_sale_ratio": null,
            "price_fair": 80.41,
            "eps_avg_yearly": 2.3,
            "eps_latest_yearly": 3.8,
            "eps_growth_yearly": 48.53
        },
        "20064": {
            "year_quarter": 20064,
            "year": 2006,
            "quarter": 4,
            "eps": 0.56,
            "eps_growth_year": 9.8,
            "eps_4q": 2.79,
            "eps_4q_growth_year": 12.89,
            "roe": 3.68,
            "roe_4q": 19.41,
            "gross_profit": 190335,
            "gross_margin": 21.1,
            "gross_margin_4q_avg": 23.83,
            "net_income": 73882,
            "net_income_4q": null,
            "revenue": 901863,
            "revenue_4q": null,
            "common_shares": 1354272,
            "book_valuer_per_share": 15.02,
            "book_valuer_per_share_4q_avg": 14.88,
            "equity": 2047065,
            "current_ratio": 191.56,
            "debt_ratio": 38.87,
            "inventory_turnover_ratio": 1.28,
            "account_receivable_turnover_ratio": null,
            "reinvestment_rate": -11.65,
            "research_to_sale_ratio": null,
            "price_fair": 81.46,
            "eps_avg_yearly": 2.33,
            "eps_latest_yearly": 2.24,
            "eps_growth_yearly": 46.85
        },
        "20071": {
            "year_quarter": 20071,
            "year": 2007,
            "quarter": 1,
            "eps": 0.57,
            "eps_growth_year": -5,
            "eps_4q": 2.78,
            "eps_4q_growth_year": 11.29,
            "roe": 3.65,
            "roe_4q": 19.11,
            "gross_profit": 189832,
            "gross_margin": 22.11,
            "gross_margin_4q_avg": 22.91,
            "net_income": 75985,
            "net_income_4q": null,
            "revenue": 858479,
            "revenue_4q": null,
            "common_shares": 1354272,
            "book_valuer_per_share": 15.61,
            "book_valuer_per_share_4q_avg": 14.99,
            "equity": 2114396,
            "current_ratio": 226.97,
            "debt_ratio": 31.65,
            "inventory_turnover_ratio": 1.28,
            "account_receivable_turnover_ratio": null,
            "reinvestment_rate": -12.48,
            "research_to_sale_ratio": null,
            "price_fair": 81.55,
            "eps_avg_yearly": 2.33,
            "eps_latest_yearly": 2.28,
            "eps_growth_yearly": 40.48
        },
        "20072": {
            "year_quarter": 20072,
            "year": 2007,
            "quarter": 2,
            "eps": 0.41,
            "eps_growth_year": -48.1,
            "eps_4q": 2.29,
            "eps_4q_growth_year": -19.86,
            "roe": 2.97,
            "roe_4q": 16.96,
            "gross_profit": 236299,
            "gross_margin": 26.94,
            "gross_margin_4q_avg": 23.74,
            "net_income": 60260,
            "net_income_4q": null,
            "revenue": 877121,
            "revenue_4q": null,
            "common_shares": 1354272,
            "book_valuer_per_share": 14.4,
            "book_valuer_per_share_4q_avg": 14.88,
            "equity": 1950175,
            "current_ratio": 195.43,
            "debt_ratio": 37.6,
            "inventory_turnover_ratio": 1.77,
            "account_receivable_turnover_ratio": null,
            "reinvestment_rate": -14.37,
            "research_to_sale_ratio": null,
            "price_fair": 82.25,
            "eps_avg_yearly": 2.35,
            "eps_latest_yearly": 1.64,
            "eps_growth_yearly": 43.73
        },
        "20073": {
            "year_quarter": 20073,
            "year": 2007,
            "quarter": 3,
            "eps": 0.53,
            "eps_growth_year": -44.21,
            "eps_4q": 1.97,
            "eps_4q_growth_year": -26.14,
            "roe": 3.89,
            "roe_4q": 14.19,
            "gross_profit": 233963,
            "gross_margin": 25.3,
            "gross_margin_4q_avg": 23.86,
            "net_income": 77282,
            "net_income_4q": null,
            "revenue": 924732,
            "revenue_4q": null,
            "common_shares": 1486700,
            "book_valuer_per_share": 13.64,
            "book_valuer_per_share_4q_avg": 14.67,
            "equity": 2027708,
            "current_ratio": 192.96,
            "debt_ratio": 36.19,
            "inventory_turnover_ratio": 1.96,
            "account_receivable_turnover_ratio": null,
            "reinvestment_rate": -15.08,
            "research_to_sale_ratio": null,
            "price_fair": 81.11,
            "eps_avg_yearly": 2.32,
            "eps_latest_yearly": 2.12,
            "eps_growth_yearly": 26.04
        },
        "20074": {
            "year_quarter": 20074,
            "year": 2007,
            "quarter": 4,
            "eps": 0.76,
            "eps_growth_year": 35.71,
            "eps_4q": 2.22,
            "eps_4q_growth_year": -20.17,
            "roe": 5.29,
            "roe_4q": 15.8,
            "gross_profit": 213245,
            "gross_margin": 24.27,
            "gross_margin_4q_avg": 24.66,
            "net_income": 110785,
            "net_income_4q": null,
            "revenue": 878714,
            "revenue_4q": null,
            "common_shares": 1486700,
            "book_valuer_per_share": 14.41,
            "book_valuer_per_share_4q_avg": 14.52,
            "equity": 2156993,
            "current_ratio": 202.45,
            "debt_ratio": 37.25,
            "inventory_turnover_ratio": 1.4,
            "account_receivable_turnover_ratio": null,
            "reinvestment_rate": -10.15,
            "research_to_sale_ratio": null,
            "price_fair": 84.96,
            "eps_avg_yearly": 2.43,
            "eps_latest_yearly": 3.04,
            "eps_growth_yearly": 49.77
        },
        "20081": {
            "year_quarter": 20081,
            "year": 2008,
            "quarter": 1,
            "eps": 0.18,
            "eps_growth_year": -68.42,
            "eps_4q": 1.8,
            "eps_4q_growth_year": -35.16,
            "roe": 1.27,
            "roe_4q": 13.420000000000002,
            "gross_profit": 240160,
            "gross_margin": 24.86,
            "gross_margin_4q_avg": 25.34,
            "net_income": 27382,
            "net_income_4q": null,
            "revenue": 965865,
            "revenue_4q": null,
            "common_shares": 1486700,
            "book_valuer_per_share": 14.45,
            "book_valuer_per_share_4q_avg": 14.23,
            "equity": 2164101,
            "current_ratio": 212.13,
            "debt_ratio": 35.78,
            "inventory_turnover_ratio": 1.24,
            "account_receivable_turnover_ratio": null,
            "reinvestment_rate": 13.4,
            "research_to_sale_ratio": null,
            "price_fair": 83.13,
            "eps_avg_yearly": 2.38,
            "eps_latest_yearly": 0.72,
            "eps_growth_yearly": 25.22
        },
        "20082": {
            "year_quarter": 20082,
            "year": 2008,
            "quarter": 2,
            "eps": 0.35,
            "eps_growth_year": -14.63,
            "eps_4q": 1.72,
            "eps_4q_growth_year": -24.79,
            "roe": 2.62,
            "roe_4q": 13.07,
            "gross_profit": 239562,
            "gross_margin": 33.46,
            "gross_margin_4q_avg": 26.97,
            "net_income": 54327,
            "net_income_4q": null,
            "revenue": 715919,
            "revenue_4q": null,
            "common_shares": 1486700,
            "book_valuer_per_share": 13.21,
            "book_valuer_per_share_4q_avg": 13.93,
            "equity": 1980013,
            "current_ratio": 178.04,
            "debt_ratio": 42.86,
            "inventory_turnover_ratio": 0.81,
            "account_receivable_turnover_ratio": null,
            "reinvestment_rate": 13.26,
            "research_to_sale_ratio": null,
            "price_fair": 81.64,
            "eps_avg_yearly": 2.33,
            "eps_latest_yearly": 1.4,
            "eps_growth_yearly": 40.5
        },
        "20083": {
            "year_quarter": 20083,
            "year": 2008,
            "quarter": 3,
            "eps": 0.52,
            "eps_growth_year": -1.89,
            "eps_4q": 1.74,
            "eps_4q_growth_year": -11.96,
            "roe": 3.99,
            "roe_4q": 13.170000000000002,
            "gross_profit": 226156,
            "gross_margin": 25.62,
            "gross_margin_4q_avg": 27.05,
            "net_income": 80770,
            "net_income_4q": null,
            "revenue": 882593,
            "revenue_4q": null,
            "common_shares": 1559657,
            "book_valuer_per_share": 13.17,
            "book_valuer_per_share_4q_avg": 13.81,
            "equity": 2070192,
            "current_ratio": 209.26,
            "debt_ratio": 36.22,
            "inventory_turnover_ratio": 1.13,
            "account_receivable_turnover_ratio": null,
            "reinvestment_rate": 13.66,
            "research_to_sale_ratio": null,
            "price_fair": 80.24,
            "eps_avg_yearly": 2.29,
            "eps_latest_yearly": 2.08,
            "eps_growth_yearly": 44.95
        },
        "20084": {
            "year_quarter": 20084,
            "year": 2008,
            "quarter": 4,
            "eps": 0.19,
            "eps_growth_year": -75,
            "eps_4q": 1.21,
            "eps_4q_growth_year": -45.63,
            "roe": 1.42,
            "roe_4q": 9.3,
            "gross_profit": 157106,
            "gross_margin": 22.91,
            "gross_margin_4q_avg": 26.71,
            "net_income": 29449,
            "net_income_4q": null,
            "revenue": 685641,
            "revenue_4q": null,
            "common_shares": 1559657,
            "book_valuer_per_share": 13.28,
            "book_valuer_per_share_4q_avg": 13.53,
            "equity": 2088070,
            "current_ratio": 249.15,
            "debt_ratio": 30.91,
            "inventory_turnover_ratio": 0.99,
            "account_receivable_turnover_ratio": 2.85,
            "reinvestment_rate": -12.34,
            "research_to_sale_ratio": null,
            "price_fair": 78.49,
            "eps_avg_yearly": 2.24,
            "eps_latest_yearly": 0.76,
            "eps_growth_yearly": 39.75
        },
        "20091": {
            "year_quarter": 20091,
            "year": 2009,
            "quarter": 1,
            "eps": 0.15,
            "eps_growth_year": -16.67,
            "eps_4q": 1.2,
            "eps_4q_growth_year": -33.31,
            "roe": 1.09,
            "roe_4q": 9.120000000000001,
            "gross_profit": 147170,
            "gross_margin": 24.8,
            "gross_margin_4q_avg": 26.7,
            "net_income": 22878,
            "net_income_4q": null,
            "revenue": 593544,
            "revenue_4q": null,
            "common_shares": 1559657,
            "book_valuer_per_share": 13.43,
            "book_valuer_per_share_4q_avg": 13.27,
            "equity": 2112084,
            "current_ratio": 274.16,
            "debt_ratio": 28.19,
            "inventory_turnover_ratio": 1.03,
            "account_receivable_turnover_ratio": 1.3,
            "reinvestment_rate": 6.68,
            "research_to_sale_ratio": null,
            "price_fair": 66.08,
            "eps_avg_yearly": 2.13,
            "eps_latest_yearly": 0.6,
            "eps_growth_yearly": 21.02
        },
        "20092": {
            "year_quarter": 20092,
            "year": 2009,
            "quarter": 2,
            "eps": -0.09,
            "eps_growth_year": -125.71,
            "eps_4q": 0.75,
            "eps_4q_growth_year": -56.71,
            "roe": -0.68,
            "roe_4q": 5.82,
            "gross_profit": 195568,
            "gross_margin": 34.25,
            "gross_margin_4q_avg": 26.9,
            "net_income": -13852,
            "net_income_4q": null,
            "revenue": 570974,
            "revenue_4q": null,
            "common_shares": 1559657,
            "book_valuer_per_share": 12.49,
            "book_valuer_per_share_4q_avg": 13.09,
            "equity": 1966738,
            "current_ratio": 237.3,
            "debt_ratio": 32.75,
            "inventory_turnover_ratio": 0.99,
            "account_receivable_turnover_ratio": 1.36,
            "reinvestment_rate": 5.27,
            "research_to_sale_ratio": null,
            "price_fair": 74.85,
            "eps_avg_yearly": 2.14,
            "eps_latest_yearly": 0.6,
            "eps_growth_yearly": 26.87
        },
        "20093": {
            "year_quarter": 20093,
            "year": 2009,
            "quarter": 3,
            "eps": 0.48,
            "eps_growth_year": -7.69,
            "eps_4q": 0.71,
            "eps_4q_growth_year": -59.37,
            "roe": 3.76,
            "roe_4q": 5.59,
            "gross_profit": 235420,
            "gross_margin": 31.6,
            "gross_margin_4q_avg": 28.39,
            "net_income": 75187,
            "net_income_4q": null,
            "revenue": 745018,
            "revenue_4q": null,
            "common_shares": 1559657,
            "book_valuer_per_share": 12.95,
            "book_valuer_per_share_4q_avg": 13.04,
            "equity": 2037354,
            "current_ratio": 244.18,
            "debt_ratio": 32.21,
            "inventory_turnover_ratio": 1.35,
            "account_receivable_turnover_ratio": 1.65,
            "reinvestment_rate": 7.29,
            "research_to_sale_ratio": null,
            "price_fair": 26.41,
            "eps_avg_yearly": 2.02,
            "eps_latest_yearly": 0.6,
            "eps_growth_yearly": 3.08
        },
        "20094": {
            "year_quarter": 20094,
            "year": 2009,
            "quarter": 4,
            "eps": 0.53,
            "eps_growth_year": 178.95,
            "eps_4q": 1.07,
            "eps_4q_growth_year": -11.81,
            "roe": 3.98,
            "roe_4q": 8.15,
            "gross_profit": 265921,
            "gross_margin": 31.71,
            "gross_margin_4q_avg": 30.59,
            "net_income": 82600,
            "net_income_4q": null,
            "revenue": 838495,
            "revenue_4q": null,
            "common_shares": 1559657,
            "book_valuer_per_share": 13.7,
            "book_valuer_per_share_4q_avg": 13.14,
            "equity": 2111005,
            "current_ratio": 224.47,
            "debt_ratio": 35.51,
            "inventory_turnover_ratio": 1.48,
            "account_receivable_turnover_ratio": 2.39,
            "reinvestment_rate": 10.46,
            "research_to_sale_ratio": null,
            "price_fair": 59.32,
            "eps_avg_yearly": 2.03,
            "eps_latest_yearly": 2.12,
            "eps_growth_yearly": 19.28
        },
        "20101": {
            "year_quarter": 20101,
            "year": 2010,
            "quarter": 1,
            "eps": 0.66,
            "eps_growth_year": 340,
            "eps_4q": 1.59,
            "eps_4q_growth_year": 31.73,
            "roe": 4.76,
            "roe_4q": 11.82,
            "gross_profit": 287140,
            "gross_margin": 33.9,
            "gross_margin_4q_avg": 32.87,
            "net_income": 102844,
            "net_income_4q": null,
            "revenue": 846955,
            "revenue_4q": null,
            "common_shares": 1559657,
            "book_valuer_per_share": 14.35,
            "book_valuer_per_share_4q_avg": 13.37,
            "equity": 2211348,
            "current_ratio": 217.98,
            "debt_ratio": 37.4,
            "inventory_turnover_ratio": 1.22,
            "account_receivable_turnover_ratio": 1.17,
            "reinvestment_rate": 32.67,
            "research_to_sale_ratio": 4.41,
            "price_fair": 63.84,
            "eps_avg_yearly": 2.04,
            "eps_latest_yearly": 2.64,
            "eps_growth_yearly": 21.25
        },
        "20102": {
            "year_quarter": 20102,
            "year": 2010,
            "quarter": 2,
            "eps": 0.67,
            "eps_growth_year": null,
            "eps_4q": 2.35,
            "eps_4q_growth_year": 215.17,
            "roe": 4.76,
            "roe_4q": 17.259999999999998,
            "gross_profit": 294623,
            "gross_margin": 31.37,
            "gross_margin_4q_avg": 32.15,
            "net_income": 104038,
            "net_income_4q": null,
            "revenue": 939281,
            "revenue_4q": null,
            "common_shares": 1559657,
            "book_valuer_per_share": 14.03,
            "book_valuer_per_share_4q_avg": 13.76,
            "equity": 2161483,
            "current_ratio": 202.46,
            "debt_ratio": 40.56,
            "inventory_turnover_ratio": 1.18,
            "account_receivable_turnover_ratio": 1.24,
            "reinvestment_rate": 33.99,
            "research_to_sale_ratio": 3.5,
            "price_fair": 45.47,
            "eps_avg_yearly": 2.01,
            "eps_latest_yearly": 2.68,
            "eps_growth_yearly": 12.64
        },
        "20103": {
            "year_quarter": 20103,
            "year": 2010,
            "quarter": 3,
            "eps": 0.76,
            "eps_growth_year": 57.44,
            "eps_4q": 2.62,
            "eps_4q_growth_year": 271.84,
            "roe": 5.27,
            "roe_4q": 18.77,
            "gross_profit": 285786,
            "gross_margin": 31.71,
            "gross_margin_4q_avg": 32.17,
            "net_income": 116926,
            "net_income_4q": null,
            "revenue": 901179,
            "revenue_4q": null,
            "common_shares": 1559657,
            "book_valuer_per_share": 14.77,
            "book_valuer_per_share_4q_avg": 14.21,
            "equity": 2276013,
            "current_ratio": 237.04,
            "debt_ratio": 34.84,
            "inventory_turnover_ratio": 1.09,
            "account_receivable_turnover_ratio": 1.19,
            "reinvestment_rate": 34.2,
            "research_to_sale_ratio": 3.19,
            "price_fair": 40.43,
            "eps_avg_yearly": 1.95,
            "eps_latest_yearly": 3.04,
            "eps_growth_yearly": 10.69
        },
        "20104": {
            "year_quarter": 20104,
            "year": 2010,
            "quarter": 4,
            "eps": 0.01,
            "eps_growth_year": -98.7,
            "eps_4q": 2.1,
            "eps_4q_growth_year": 96.6,
            "roe": 0.11,
            "roe_4q": 14.9,
            "gross_profit": 282633,
            "gross_margin": 32.07,
            "gross_margin_4q_avg": 32.26,
            "net_income": 2597,
            "net_income_4q": null,
            "revenue": 881207,
            "revenue_4q": null,
            "common_shares": 1559657,
            "book_valuer_per_share": 14.59,
            "book_valuer_per_share_4q_avg": 14.44,
            "equity": 2251307,
            "current_ratio": 239.99,
            "debt_ratio": 35.2,
            "inventory_turnover_ratio": 1.09,
            "account_receivable_turnover_ratio": 1.19,
            "reinvestment_rate": 4.33,
            "research_to_sale_ratio": 3.78,
            "price_fair": 5.39,
            "eps_avg_yearly": 1.8,
            "eps_latest_yearly": 0.04,
            "eps_growth_yearly": -5.78
        },
        "20111": {
            "year_quarter": 20111,
            "year": 2011,
            "quarter": 1,
            "eps": 0.67,
            "eps_growth_year": 1.52,
            "eps_4q": 2.1,
            "eps_4q_growth_year": 32.76,
            "roe": 4.5,
            "roe_4q": 14.639999999999999,
            "gross_profit": 275981,
            "gross_margin": 30.6,
            "gross_margin_4q_avg": 31.44,
            "net_income": 103772,
            "net_income_4q": null,
            "revenue": 901795,
            "revenue_4q": null,
            "common_shares": 1532107,
            "book_valuer_per_share": 15.29,
            "book_valuer_per_share_4q_avg": 14.67,
            "equity": 2358000,
            "current_ratio": 238.09,
            "debt_ratio": 36.13,
            "inventory_turnover_ratio": 1.08,
            "account_receivable_turnover_ratio": 1.16,
            "reinvestment_rate": 31.78,
            "research_to_sale_ratio": 3.36,
            "price_fair": 63.9,
            "eps_avg_yearly": 1.83,
            "eps_latest_yearly": 2.68,
            "eps_growth_yearly": 1879.43
        },
        "20112": {
            "year_quarter": 20112,
            "year": 2011,
            "quarter": 2,
            "eps": 0.78,
            "eps_growth_year": 16.75,
            "eps_4q": 2.22,
            "eps_4q_growth_year": -5.63,
            "roe": 5.29,
            "roe_4q": 15.169999999999998,
            "gross_profit": 295641,
            "gross_margin": 30.67,
            "gross_margin_4q_avg": 31.26,
            "net_income": 120626,
            "net_income_4q": null,
            "revenue": 963901,
            "revenue_4q": null,
            "common_shares": 1532107,
            "book_valuer_per_share": 14.25,
            "book_valuer_per_share_4q_avg": 14.73,
            "equity": 2198759,
            "current_ratio": 186.26,
            "debt_ratio": 46.06,
            "inventory_turnover_ratio": 0.99,
            "account_receivable_turnover_ratio": 1.17,
            "reinvestment_rate": 34.33,
            "research_to_sale_ratio": 3.09,
            "price_fair": 67.6,
            "eps_avg_yearly": 1.93,
            "eps_latest_yearly": 3.12,
            "eps_growth_yearly": 1892.14
        },
        "20113": {
            "year_quarter": 20113,
            "year": 2011,
            "quarter": 3,
            "eps": 0.82,
            "eps_growth_year": 8.14,
            "eps_4q": 2.28,
            "eps_4q_growth_year": -13.1,
            "roe": 5.53,
            "roe_4q": 15.43,
            "gross_profit": 267352,
            "gross_margin": 30.68,
            "gross_margin_4q_avg": 31.01,
            "net_income": 125378,
            "net_income_4q": null,
            "revenue": 871529,
            "revenue_4q": null,
            "common_shares": 1532107,
            "book_valuer_per_share": 15.11,
            "book_valuer_per_share_4q_avg": 14.81,
            "equity": 2334803,
            "current_ratio": 217.28,
            "debt_ratio": 39.4,
            "inventory_turnover_ratio": 0.81,
            "account_receivable_turnover_ratio": 1.07,
            "reinvestment_rate": 37.82,
            "research_to_sale_ratio": 3.2,
            "price_fair": 70.5,
            "eps_avg_yearly": 2.01,
            "eps_latest_yearly": 3.28,
            "eps_growth_yearly": 1885.24
        },
        "20114": {
            "year_quarter": 20114,
            "year": 2011,
            "quarter": 4,
            "eps": 0.11,
            "eps_growth_year": 1435.32,
            "eps_4q": 2.38,
            "eps_4q_growth_year": 13.35,
            "roe": 0.71,
            "roe_4q": 16.03,
            "gross_profit": 238411,
            "gross_margin": 30.91,
            "gross_margin_4q_avg": 30.72,
            "net_income": 16560,
            "net_income_4q": null,
            "revenue": 771353,
            "revenue_4q": null,
            "common_shares": 1532107,
            "book_valuer_per_share": 15.19,
            "book_valuer_per_share_4q_avg": 14.96,
            "equity": 2347332,
            "current_ratio": 275.23,
            "debt_ratio": 31.81,
            "inventory_turnover_ratio": 0.71,
            "account_receivable_turnover_ratio": 1,
            "reinvestment_rate": 7.89,
            "research_to_sale_ratio": 3.22,
            "price_fair": 64,
            "eps_avg_yearly": 1.83,
            "eps_latest_yearly": 0.44,
            "eps_growth_yearly": 1848.1
        },
        "20121": {
            "year_quarter": 20121,
            "year": 2012,
            "quarter": 1,
            "eps": 0.53,
            "eps_growth_year": -20.9,
            "eps_4q": 2.23,
            "eps_4q_growth_year": 5.99,
            "roe": 3.37,
            "roe_4q": 14.899999999999999,
            "gross_profit": 252129,
            "gross_margin": 30.5,
            "gross_margin_4q_avg": 30.69,
            "net_income": 80354,
            "net_income_4q": null,
            "revenue": 826696,
            "revenue_4q": null,
            "common_shares": 1526487,
            "book_valuer_per_share": 15.7,
            "book_valuer_per_share_4q_avg": 15.06,
            "equity": 2425762,
            "current_ratio": 285.68,
            "debt_ratio": 31.16,
            "inventory_turnover_ratio": 0.81,
            "account_receivable_turnover_ratio": 1.11,
            "reinvestment_rate": 8.59,
            "research_to_sale_ratio": 3.25,
            "price_fair": 67.5,
            "eps_avg_yearly": 1.93,
            "eps_latest_yearly": 2.12,
            "eps_growth_yearly": 1979
        },
        "20122": {
            "year_quarter": 20122,
            "year": 2012,
            "quarter": 2,
            "eps": 0.48,
            "eps_growth_year": -39.31,
            "eps_4q": 1.92,
            "eps_4q_growth_year": -13.26,
            "roe": 3.2,
            "roe_4q": 12.81,
            "gross_profit": 289551,
            "gross_margin": 31.3,
            "gross_margin_4q_avg": 30.85,
            "net_income": 73794,
            "net_income_4q": null,
            "revenue": 925222,
            "revenue_4q": null,
            "common_shares": 1526487,
            "book_valuer_per_share": 14.18,
            "book_valuer_per_share_4q_avg": 15.05,
            "equity": 2192827,
            "current_ratio": 213.76,
            "debt_ratio": 41.01,
            "inventory_turnover_ratio": 0.91,
            "account_receivable_turnover_ratio": 1.16,
            "reinvestment_rate": 8.91,
            "research_to_sale_ratio": 2.78,
            "price_fair": 68.8,
            "eps_avg_yearly": 1.97,
            "eps_latest_yearly": 1.92,
            "eps_growth_yearly": 1949.32
        },
        "20123": {
            "year_quarter": 20123,
            "year": 2012,
            "quarter": 3,
            "eps": 0.78,
            "eps_growth_year": -4.76,
            "eps_4q": 1.88,
            "eps_4q_growth_year": -17.31,
            "roe": 5.34,
            "roe_4q": 12.620000000000001,
            "gross_profit": 306556,
            "gross_margin": 33.02,
            "gross_margin_4q_avg": 31.43,
            "net_income": 120235,
            "net_income_4q": null,
            "revenue": 928524,
            "revenue_4q": null,
            "common_shares": 1526487,
            "book_valuer_per_share": 14.94,
            "book_valuer_per_share_4q_avg": 15,
            "equity": 2309541,
            "current_ratio": 249.03,
            "debt_ratio": 35.57,
            "inventory_turnover_ratio": 0.85,
            "account_receivable_turnover_ratio": 1.03,
            "reinvestment_rate": 8.79,
            "research_to_sale_ratio": 2.81,
            "price_fair": 71.4,
            "eps_avg_yearly": 2.04,
            "eps_latest_yearly": 3.12,
            "eps_growth_yearly": 1953.3
        },
        "20124": {
            "year_quarter": 20124,
            "year": 2012,
            "quarter": 4,
            "eps": 0.38,
            "eps_growth_year": 263.27,
            "eps_4q": 2.16,
            "eps_4q_growth_year": -9.05,
            "roe": 2.51,
            "roe_4q": 14.420000000000002,
            "gross_profit": 245678,
            "gross_margin": 30.69,
            "gross_margin_4q_avg": 31.38,
            "net_income": 58999,
            "net_income_4q": null,
            "revenue": 800443,
            "revenue_4q": null,
            "common_shares": 1526487,
            "book_valuer_per_share": 15.46,
            "book_valuer_per_share_4q_avg": 15.07,
            "equity": 2390218,
            "current_ratio": 273.05,
            "debt_ratio": 34.21,
            "inventory_turnover_ratio": 0.78,
            "account_receivable_turnover_ratio": 0.91,
            "reinvestment_rate": 25.59,
            "research_to_sale_ratio": 3.22,
            "price_fair": 73.3,
            "eps_avg_yearly": 2.09,
            "eps_latest_yearly": 1.52,
            "eps_growth_yearly": 1956.78
        },
        "20131": {
            "year_quarter": 20131,
            "year": 2013,
            "quarter": 1,
            "eps": 0.84,
            "eps_growth_year": 58.49,
            "eps_4q": 2.48,
            "eps_4q_growth_year": 11,
            "roe": 5.29,
            "roe_4q": 16.34,
            "gross_profit": 276522,
            "gross_margin": 32.2,
            "gross_margin_4q_avg": 31.8,
            "net_income": 129095,
            "net_income_4q": null,
            "revenue": 858870,
            "revenue_4q": null,
            "common_shares": 1526487,
            "book_valuer_per_share": 16.15,
            "book_valuer_per_share_4q_avg": 15.18,
            "equity": 2494648,
            "current_ratio": 202.98,
            "debt_ratio": 56.3,
            "inventory_turnover_ratio": 0.85,
            "account_receivable_turnover_ratio": 1.18,
            "reinvestment_rate": -0.2,
            "research_to_sale_ratio": 3.32,
            "price_fair": 80.2,
            "eps_avg_yearly": 2.29,
            "eps_latest_yearly": 3.36,
            "eps_growth_yearly": 1997.38
        },
        "20132": {
            "year_quarter": 20132,
            "year": 2013,
            "quarter": 2,
            "eps": 0.67,
            "eps_growth_year": 41.03,
            "eps_4q": 2.67,
            "eps_4q_growth_year": 38.83,
            "roe": 4.29,
            "roe_4q": 17.43,
            "gross_profit": 279787,
            "gross_margin": 32.39,
            "gross_margin_4q_avg": 32.08,
            "net_income": 102754,
            "net_income_4q": null,
            "revenue": 863924,
            "revenue_4q": null,
            "common_shares": 1526487,
            "book_valuer_per_share": 14.82,
            "book_valuer_per_share_4q_avg": 15.34,
            "equity": 2291131,
            "current_ratio": 164.49,
            "debt_ratio": 60.56,
            "inventory_turnover_ratio": 0.85,
            "account_receivable_turnover_ratio": 1.34,
            "reinvestment_rate": 3.39,
            "research_to_sale_ratio": 2.75,
            "price_fair": 81.11,
            "eps_avg_yearly": 2.32,
            "eps_latest_yearly": 2.68,
            "eps_growth_yearly": 1858.82
        },
        "20133": {
            "year_quarter": 20133,
            "year": 2013,
            "quarter": 3,
            "eps": 0.73,
            "eps_growth_year": -6.21,
            "eps_4q": 2.62,
            "eps_4q_growth_year": 39.2,
            "roe": 4.83,
            "roe_4q": 16.92,
            "gross_profit": 283227,
            "gross_margin": 31.19,
            "gross_margin_4q_avg": 31.62,
            "net_income": 113417,
            "net_income_4q": null,
            "revenue": 908117,
            "revenue_4q": null,
            "common_shares": 1526487,
            "book_valuer_per_share": 15.55,
            "book_valuer_per_share_4q_avg": 15.5,
            "equity": 2403555,
            "current_ratio": 195.45,
            "debt_ratio": 57.22,
            "inventory_turnover_ratio": 0.94,
            "account_receivable_turnover_ratio": 1.46,
            "reinvestment_rate": 3.39,
            "research_to_sale_ratio": 2.56,
            "price_fair": 82.43,
            "eps_avg_yearly": 2.36,
            "eps_latest_yearly": 2.92,
            "eps_growth_yearly": 1744.89
        },
        "20134": {
            "year_quarter": 20134,
            "year": 2013,
            "quarter": 4,
            "eps": 1.03,
            "eps_growth_year": 167.65,
            "eps_4q": 3.27,
            "eps_4q_growth_year": 51.05,
            "roe": 6.36,
            "roe_4q": 20.77,
            "gross_profit": 326686,
            "gross_margin": 38.15,
            "gross_margin_4q_avg": 33.48,
            "net_income": 157914,
            "net_income_4q": null,
            "revenue": 856222,
            "revenue_4q": null,
            "common_shares": 1526487,
            "book_valuer_per_share": 16.59,
            "book_valuer_per_share_4q_avg": 15.78,
            "equity": 2564238,
            "current_ratio": 185.95,
            "debt_ratio": 55.45,
            "inventory_turnover_ratio": 0.8,
            "account_receivable_turnover_ratio": 1.41,
            "reinvestment_rate": -15,
            "research_to_sale_ratio": 2.99,
            "price_fair": 86.8,
            "eps_avg_yearly": 2.48,
            "eps_latest_yearly": 4.12,
            "eps_growth_yearly": 1752.56
        },
        "20141": {
            "year_quarter": 20141,
            "year": 2014,
            "quarter": 1,
            "eps": 0.86,
            "eps_growth_year": 2.38,
            "eps_4q": 3.29,
            "eps_4q_growth_year": 32.8,
            "roe": 5.05,
            "roe_4q": 20.53,
            "gross_profit": 289205,
            "gross_margin": 33.46,
            "gross_margin_4q_avg": 33.8,
            "net_income": 133082,
            "net_income_4q": null,
            "revenue": 864386,
            "revenue_4q": null,
            "common_shares": 1526487,
            "book_valuer_per_share": 17.48,
            "book_valuer_per_share_4q_avg": 16.11,
            "equity": 2701349,
            "current_ratio": 192.52,
            "debt_ratio": 54.62,
            "inventory_turnover_ratio": 0.85,
            "account_receivable_turnover_ratio": 1.38,
            "reinvestment_rate": -14.13,
            "research_to_sale_ratio": 2.87,
            "price_fair": 88.55,
            "eps_avg_yearly": 2.53,
            "eps_latest_yearly": 3.44,
            "eps_growth_yearly": 1742.3
        },
        "20142": {
            "year_quarter": 20142,
            "year": 2014,
            "quarter": 2,
            "eps": 0.66,
            "eps_growth_year": -1.49,
            "eps_4q": 3.28,
            "eps_4q_growth_year": 22.67,
            "roe": 3.99,
            "roe_4q": 20.229999999999997,
            "gross_profit": 291188,
            "gross_margin": 34.88,
            "gross_margin_4q_avg": 34.42,
            "net_income": 101184,
            "net_income_4q": null,
            "revenue": 834931,
            "revenue_4q": null,
            "common_shares": 1526487,
            "book_valuer_per_share": 15.31,
            "book_valuer_per_share_4q_avg": 16.23,
            "equity": 2369462,
            "current_ratio": 151.43,
            "debt_ratio": 60.45,
            "inventory_turnover_ratio": 0.79,
            "account_receivable_turnover_ratio": 1.31,
            "reinvestment_rate": -14.86,
            "research_to_sale_ratio": 2.88,
            "price_fair": 88.46,
            "eps_avg_yearly": 2.53,
            "eps_latest_yearly": 2.64,
            "eps_growth_yearly": 1736.1
        },
        "20143": {
            "year_quarter": 20143,
            "year": 2014,
            "quarter": 3,
            "eps": 1.07,
            "eps_growth_year": 46.58,
            "eps_4q": 3.61,
            "eps_4q_growth_year": 37.83,
            "roe": 6.73,
            "roe_4q": 22.13,
            "gross_profit": 321236,
            "gross_margin": 36.16,
            "gross_margin_4q_avg": 35.66,
            "net_income": 164902,
            "net_income_4q": null,
            "revenue": 888490,
            "revenue_4q": null,
            "common_shares": 1526487,
            "book_valuer_per_share": 16.38,
            "book_valuer_per_share_4q_avg": 16.44,
            "equity": 2534264,
            "current_ratio": 180.65,
            "debt_ratio": 55.56,
            "inventory_turnover_ratio": 0.82,
            "account_receivable_turnover_ratio": 1.39,
            "reinvestment_rate": -10.7,
            "research_to_sale_ratio": 2.57,
            "price_fair": 91.18,
            "eps_avg_yearly": 2.61,
            "eps_latest_yearly": 4.28,
            "eps_growth_yearly": 1748.28
        },
        "20144": {
            "year_quarter": 20144,
            "year": 2014,
            "quarter": 4,
            "eps": 1.25,
            "eps_growth_year": 21.66,
            "eps_4q": 3.84,
            "eps_4q_growth_year": 17.49,
            "roe": 7.3,
            "roe_4q": 23.070000000000004,
            "gross_profit": 335601,
            "gross_margin": 40.99,
            "gross_margin_4q_avg": 36.37,
            "net_income": 192023,
            "net_income_4q": null,
            "revenue": 818661,
            "revenue_4q": null,
            "common_shares": 1526487,
            "book_valuer_per_share": 17.65,
            "book_valuer_per_share_4q_avg": 16.71,
            "equity": 2728722,
            "current_ratio": 166.99,
            "debt_ratio": 54.67,
            "inventory_turnover_ratio": 0.69,
            "account_receivable_turnover_ratio": 1.3,
            "reinvestment_rate": 39.36,
            "research_to_sale_ratio": 2.72,
            "price_fair": 102.03,
            "eps_avg_yearly": 2.92,
            "eps_latest_yearly": 5,
            "eps_growth_yearly": 1777.15
        },
        "20151": {
            "year_quarter": 20151,
            "year": 2015,
            "quarter": 1,
            "eps": 0.97,
            "eps_growth_year": 12.79,
            "eps_4q": 3.95,
            "eps_4q_growth_year": 20.09,
            "roe": 5.36,
            "roe_4q": 23.380000000000003,
            "gross_profit": 300707,
            "gross_margin": 37.45,
            "gross_margin_4q_avg": 37.37,
            "net_income": 150160,
            "net_income_4q": null,
            "revenue": 802991,
            "revenue_4q": null,
            "common_shares": 1526487,
            "book_valuer_per_share": 18.57,
            "book_valuer_per_share_4q_avg": 16.98,
            "equity": 2871418,
            "current_ratio": 181.7,
            "debt_ratio": 52.61,
            "inventory_turnover_ratio": 0.7,
            "account_receivable_turnover_ratio": 1.32,
            "reinvestment_rate": 25.31,
            "research_to_sale_ratio": 2.98,
            "price_fair": 104.65,
            "eps_avg_yearly": 2.99,
            "eps_latest_yearly": 3.88,
            "eps_growth_yearly": 121.55
        },
        "20152": {
            "year_quarter": 20152,
            "year": 2015,
            "quarter": 2,
            "eps": 0.77,
            "eps_growth_year": 16.67,
            "eps_4q": 4.06,
            "eps_4q_growth_year": 24.09,
            "roe": 4.43,
            "roe_4q": 23.82,
            "gross_profit": 313762,
            "gross_margin": 37.6,
            "gross_margin_4q_avg": 38.05,
            "net_income": 117858,
            "net_income_4q": null,
            "revenue": 834459,
            "revenue_4q": null,
            "common_shares": 1526487,
            "book_valuer_per_share": 15.83,
            "book_valuer_per_share_4q_avg": 17.11,
            "equity": 2451225,
            "current_ratio": 135.62,
            "debt_ratio": 59.67,
            "inventory_turnover_ratio": 0.73,
            "account_receivable_turnover_ratio": 1.38,
            "reinvestment_rate": 25.43,
            "research_to_sale_ratio": 3.45,
            "price_fair": 104.56,
            "eps_avg_yearly": 2.99,
            "eps_latest_yearly": 3.08,
            "eps_growth_yearly": 112.29
        },
        "20153": {
            "year_quarter": 20153,
            "year": 2015,
            "quarter": 3,
            "eps": 1.36,
            "eps_growth_year": 27.1,
            "eps_4q": 4.36,
            "eps_4q_growth_year": 20.48,
            "roe": 8.15,
            "roe_4q": 25.240000000000002,
            "gross_profit": 329905,
            "gross_margin": 39.62,
            "gross_margin_4q_avg": 38.92,
            "net_income": 209255,
            "net_income_4q": null,
            "revenue": 832668,
            "revenue_4q": null,
            "common_shares": 1526487,
            "book_valuer_per_share": 17.33,
            "book_valuer_per_share_4q_avg": 17.35,
            "equity": 2681201,
            "current_ratio": 167.26,
            "debt_ratio": 52.93,
            "inventory_turnover_ratio": 0.73,
            "account_receivable_turnover_ratio": 1.38,
            "reinvestment_rate": 22.75,
            "research_to_sale_ratio": 2.81,
            "price_fair": 109.29,
            "eps_avg_yearly": 3.12,
            "eps_latest_yearly": 5.44,
            "eps_growth_yearly": 130.17
        },
        "20154": {
            "year_quarter": 20154,
            "year": 2015,
            "quarter": 4,
            "eps": 1.15,
            "eps_growth_year": -8,
            "eps_4q": 4.26,
            "eps_4q_growth_year": 10.89,
            "roe": 6.37,
            "roe_4q": 24.31,
            "gross_profit": 352039,
            "gross_margin": 41.69,
            "gross_margin_4q_avg": 39.09,
            "net_income": 176188,
            "net_income_4q": null,
            "revenue": 844369,
            "revenue_4q": null,
            "common_shares": 1526487,
            "book_valuer_per_share": 18.45,
            "book_valuer_per_share_4q_avg": 17.55,
            "equity": 2853731,
            "current_ratio": 173.17,
            "debt_ratio": 51.53,
            "inventory_turnover_ratio": 0.72,
            "account_receivable_turnover_ratio": 1.4,
            "reinvestment_rate": 24.91,
            "research_to_sale_ratio": 2.96,
            "price_fair": 118.39,
            "eps_avg_yearly": 3.38,
            "eps_latest_yearly": 4.6,
            "eps_growth_yearly": 147.95
        },
        "20161": {
            "year_quarter": 20161,
            "year": 2016,
            "quarter": 1,
            "eps": 0.87,
            "eps_growth_year": -10.31,
            "eps_4q": 4.15,
            "eps_4q_growth_year": 5.03,
            "roe": 4.57,
            "roe_4q": 23.520000000000003,
            "gross_profit": 324951,
            "gross_margin": 39.74,
            "gross_margin_4q_avg": 39.66,
            "net_income": 133137,
            "net_income_4q": null,
            "revenue": 817731,
            "revenue_4q": null,
            "common_shares": 1526487,
            "book_valuer_per_share": 19.27,
            "book_valuer_per_share_4q_avg": 17.72,
            "equity": 2979038,
            "current_ratio": 158.45,
            "debt_ratio": 53.14,
            "inventory_turnover_ratio": 0.71,
            "account_receivable_turnover_ratio": 1.4,
            "reinvestment_rate": 24.41,
            "research_to_sale_ratio": 3.06,
            "price_fair": 121.36,
            "eps_avg_yearly": 3.47,
            "eps_latest_yearly": 3.48,
            "eps_growth_yearly": 46.41
        },
        "20162": {
            "year_quarter": 20162,
            "year": 2016,
            "quarter": 2,
            "eps": 0.84,
            "eps_growth_year": 9.09,
            "eps_4q": 4.22,
            "eps_4q_growth_year": 3.82,
            "roe": 4.5,
            "roe_4q": 23.590000000000003,
            "gross_profit": 302805,
            "gross_margin": 39.94,
            "gross_margin_4q_avg": 40.25,
            "net_income": 128274,
            "net_income_4q": null,
            "revenue": 758140,
            "revenue_4q": null,
            "common_shares": 1526487,
            "book_valuer_per_share": 17.58,
            "book_valuer_per_share_4q_avg": 18.16,
            "equity": 2717483,
            "current_ratio": 132.83,
            "debt_ratio": 58.42,
            "inventory_turnover_ratio": 0.67,
            "account_receivable_turnover_ratio": 1.39,
            "reinvestment_rate": 23.61,
            "research_to_sale_ratio": 3.36,
            "price_fair": 124.51,
            "eps_avg_yearly": 3.56,
            "eps_latest_yearly": 3.36,
            "eps_growth_yearly": 47.91
        },
        "20163": {
            "year_quarter": 20163,
            "year": 2016,
            "quarter": 3,
            "eps": 0.68,
            "eps_growth_year": -50,
            "eps_4q": 3.53,
            "eps_4q_growth_year": -18.84,
            "roe": 3.75,
            "roe_4q": 19.19,
            "gross_profit": 288652,
            "gross_margin": 38.25,
            "gross_margin_4q_avg": 39.91,
            "net_income": 103776,
            "net_income_4q": null,
            "revenue": 754702,
            "revenue_4q": null,
            "common_shares": 1526487,
            "book_valuer_per_share": 18.18,
            "book_valuer_per_share_4q_avg": 18.37,
            "equity": 2817911,
            "current_ratio": 136.78,
            "debt_ratio": 57.31,
            "inventory_turnover_ratio": 0.72,
            "account_receivable_turnover_ratio": 1.43,
            "reinvestment_rate": 22.85,
            "research_to_sale_ratio": 3.03,
            "price_fair": 123.64,
            "eps_avg_yearly": 3.53,
            "eps_latest_yearly": 2.72,
            "eps_growth_yearly": 27.52
        },
        "20164": {
            "year_quarter": 20164,
            "year": 2016,
            "quarter": 4,
            "eps": 1.32,
            "eps_growth_year": 14.87,
            "eps_4q": 3.71,
            "eps_4q_growth_year": -12.92,
            "roe": 6.95,
            "roe_4q": 19.77,
            "gross_profit": 327258,
            "gross_margin": 39.9,
            "gross_margin_4q_avg": 39.46,
            "net_income": 202876,
            "net_income_4q": null,
            "revenue": 820166,
            "revenue_4q": null,
            "common_shares": 1526487,
            "book_valuer_per_share": 19.49,
            "book_valuer_per_share_4q_avg": 18.63,
            "equity": 3019949,
            "current_ratio": 140.27,
            "debt_ratio": 56.88,
            "inventory_turnover_ratio": 0.74,
            "account_receivable_turnover_ratio": 1.44,
            "reinvestment_rate": 14.34,
            "research_to_sale_ratio": 3,
            "price_fair": 131.86,
            "eps_avg_yearly": 3.77,
            "eps_latest_yearly": 5.28,
            "eps_growth_yearly": 63.87
        },
        "20171": {
            "year_quarter": 20171,
            "year": 2017,
            "quarter": 1,
            "eps": 0.15,
            "eps_growth_year": -82.76,
            "eps_4q": 2.99,
            "eps_4q_growth_year": -27.85,
            "roe": 0.79,
            "roe_4q": 15.99,
            "gross_profit": 288264,
            "gross_margin": 38.76,
            "gross_margin_4q_avg": 39.21,
            "net_income": 23816,
            "net_income_4q": null,
            "revenue": 743801,
            "revenue_4q": null,
            "common_shares": 1526487,
            "book_valuer_per_share": 19.48,
            "book_valuer_per_share_4q_avg": 18.68,
            "equity": 3018610,
            "current_ratio": 141.45,
            "debt_ratio": 57.83,
            "inventory_turnover_ratio": 0.64,
            "account_receivable_turnover_ratio": 1.3,
            "reinvestment_rate": 24.1,
            "research_to_sale_ratio": 3.38,
            "price_fair": 77.11,
            "eps_avg_yearly": 3.6,
            "eps_latest_yearly": 0.6,
            "eps_growth_yearly": 11.45
        },
        "20172": {
            "year_quarter": 20172,
            "year": 2017,
            "quarter": 2,
            "eps": 1.02,
            "eps_growth_year": 21.43,
            "eps_4q": 3.17,
            "eps_4q_growth_year": -24.87,
            "roe": 5.46,
            "roe_4q": 16.95,
            "gross_profit": 266925,
            "gross_margin": 38.32,
            "gross_margin_4q_avg": 38.81,
            "net_income": 156624,
            "net_income_4q": null,
            "revenue": 696533,
            "revenue_4q": null,
            "common_shares": 1526487,
            "book_valuer_per_share": 17.54,
            "book_valuer_per_share_4q_avg": 18.67,
            "equity": 2721126,
            "current_ratio": 125.88,
            "debt_ratio": 61.8,
            "inventory_turnover_ratio": 0.58,
            "account_receivable_turnover_ratio": 1.38,
            "reinvestment_rate": 22.9,
            "research_to_sale_ratio": 3.12,
            "price_fair": 128.89,
            "eps_avg_yearly": 3.68,
            "eps_latest_yearly": 4.08,
            "eps_growth_yearly": 161.51
        },
        "20173": {
            "year_quarter": 20173,
            "year": 2017,
            "quarter": 3,
            "eps": 1,
            "eps_growth_year": 47.06,
            "eps_4q": 3.5,
            "eps_4q_growth_year": -1.09,
            "roe": 5.43,
            "roe_4q": 18.63,
            "gross_profit": 279557,
            "gross_margin": 36.81,
            "gross_margin_4q_avg": 38.45,
            "net_income": 151884,
            "net_income_4q": null,
            "revenue": 759403,
            "revenue_4q": null,
            "common_shares": 1526487,
            "book_valuer_per_share": 18.57,
            "book_valuer_per_share_4q_avg": 18.77,
            "equity": 2876394,
            "current_ratio": 130.83,
            "debt_ratio": 60.27,
            "inventory_turnover_ratio": 0.63,
            "account_receivable_turnover_ratio": 1.55,
            "reinvestment_rate": 23.08,
            "research_to_sale_ratio": 2.61,
            "price_fair": 131.25,
            "eps_avg_yearly": 3.75,
            "eps_latest_yearly": 4,
            "eps_growth_yearly": 158.78
        },
        "20174": {
            "year_quarter": 20174,
            "year": 2017,
            "quarter": 4,
            "eps": 0.84,
            "eps_growth_year": -36.27,
            "eps_4q": 3.02,
            "eps_4q_growth_year": -18.57,
            "roe": 4.4,
            "roe_4q": 16.08,
            "gross_profit": 269922,
            "gross_margin": 37.06,
            "gross_margin_4q_avg": 37.74,
            "net_income": 129256,
            "net_income_4q": null,
            "revenue": 728350,
            "revenue_4q": null,
            "common_shares": 1526487,
            "book_valuer_per_share": 19.4,
            "book_valuer_per_share_4q_avg": 18.75,
            "equity": 2996428,
            "current_ratio": 144.95,
            "debt_ratio": 55.46,
            "inventory_turnover_ratio": 0.61,
            "account_receivable_turnover_ratio": 1.45,
            "reinvestment_rate": 23.42,
            "research_to_sale_ratio": 3.01,
            "price_fair": 129.59,
            "eps_avg_yearly": 3.7,
            "eps_latest_yearly": 3.36,
            "eps_growth_yearly": 144.51
        },
        "20181": {
            "year_quarter": 20181,
            "year": 2018,
            "quarter": 1,
            "eps": 0.48,
            "eps_growth_year": 220,
            "eps_4q": 3.34,
            "eps_4q_growth_year": 11.75,
            "roe": 2.43,
            "roe_4q": 17.72,
            "gross_profit": 231370,
            "gross_margin": 34.63,
            "gross_margin_4q_avg": 36.71,
            "net_income": 73590,
            "net_income_4q": null,
            "revenue": 668096,
            "revenue_4q": null,
            "common_shares": 1526487,
            "book_valuer_per_share": 19.86,
            "book_valuer_per_share_4q_avg": 18.84,
            "equity": 3066375,
            "current_ratio": 167.99,
            "debt_ratio": 49.47,
            "inventory_turnover_ratio": 0.6,
            "account_receivable_turnover_ratio": 1.45,
            "reinvestment_rate": 23.62,
            "research_to_sale_ratio": 3.33,
            "price_fair": 126.26,
            "eps_avg_yearly": 3.61,
            "eps_latest_yearly": 1.92,
            "eps_growth_yearly": 137.92
        },
        "20182": {
            "year_quarter": 20182,
            "year": 2018,
            "quarter": 2,
            "eps": 0.82,
            "eps_growth_year": -19.61,
            "eps_4q": 3.14,
            "eps_4q_growth_year": -0.93,
            "roe": 4.28,
            "roe_4q": 16.54,
            "gross_profit": 244129,
            "gross_margin": 35.37,
            "gross_margin_4q_avg": 35.97,
            "net_income": 125205,
            "net_income_4q": null,
            "revenue": 690145,
            "revenue_4q": null,
            "common_shares": 1526487,
            "book_valuer_per_share": 18.03,
            "book_valuer_per_share_4q_avg": 18.97,
            "equity": 2784989,
            "current_ratio": 145.2,
            "debt_ratio": 52.02,
            "inventory_turnover_ratio": 0.63,
            "account_receivable_turnover_ratio": 1.51,
            "reinvestment_rate": 23.85,
            "research_to_sale_ratio": 3.06,
            "price_fair": 127.66,
            "eps_avg_yearly": 3.65,
            "eps_latest_yearly": 3.28,
            "eps_growth_yearly": 161.44
        },
        "20183": {
            "year_quarter": 20183,
            "year": 2018,
            "quarter": 3,
            "eps": 0.92,
            "eps_growth_year": -8,
            "eps_4q": 3.06,
            "eps_4q_growth_year": -12.6,
            "roe": 4.97,
            "roe_4q": 16.08,
            "gross_profit": 277538,
            "gross_margin": 38.49,
            "gross_margin_4q_avg": 36.39,
            "net_income": 141624,
            "net_income_4q": null,
            "revenue": 721143,
            "revenue_4q": null,
            "common_shares": 1526487,
            "book_valuer_per_share": 18.89,
            "book_valuer_per_share_4q_avg": 19.05,
            "equity": 2918360,
            "current_ratio": 157.83,
            "debt_ratio": 48.96,
            "inventory_turnover_ratio": 0.62,
            "account_receivable_turnover_ratio": 1.43,
            "reinvestment_rate": 21.26,
            "research_to_sale_ratio": 2.88,
            "price_fair": 126.35,
            "eps_avg_yearly": 3.61,
            "eps_latest_yearly": 3.68,
            "eps_growth_yearly": 148.96
        },
        "20184": {
            "year_quarter": 20184,
            "year": 2018,
            "quarter": 4,
            "eps": 1.04,
            "eps_growth_year": 23.84,
            "eps_4q": 3.26,
            "eps_4q_growth_year": 7.92,
            "roe": 5.34,
            "roe_4q": 17.02,
            "gross_profit": 287245,
            "gross_margin": 38.76,
            "gross_margin_4q_avg": 36.81,
            "net_income": 160151,
            "net_income_4q": null,
            "revenue": 741086,
            "revenue_4q": null,
            "common_shares": 1526487,
            "book_valuer_per_share": 19.96,
            "book_valuer_per_share_4q_avg": 19.19,
            "equity": 3081286,
            "current_ratio": 171.41,
            "debt_ratio": 45.47,
            "inventory_turnover_ratio": 0.6,
            "account_receivable_turnover_ratio": 1.45,
            "reinvestment_rate": -15.94,
            "research_to_sale_ratio": 2.85,
            "price_fair": 124.51,
            "eps_avg_yearly": 3.56,
            "eps_latest_yearly": 4.16,
            "eps_growth_yearly": 148.01
        },
        "20191": {
            "year_quarter": 20191,
            "year": 2019,
            "quarter": 1,
            "eps": 0.82,
            "eps_growth_year": 70.83,
            "eps_4q": 3.6,
            "eps_4q_growth_year": 7.59,
            "roe": 4,
            "roe_4q": 18.59,
            "gross_profit": 241629,
            "gross_margin": 37.51,
            "gross_margin_4q_avg": 37.53,
            "net_income": 125761,
            "net_income_4q": null,
            "revenue": 644109,
            "revenue_4q": null,
            "common_shares": 1526487,
            "book_valuer_per_share": 20.82,
            "book_valuer_per_share_4q_avg": 19.43,
            "equity": 3213013,
            "current_ratio": 191.36,
            "debt_ratio": 42.89,
            "inventory_turnover_ratio": 0.52,
            "account_receivable_turnover_ratio": 1.39,
            "reinvestment_rate": -5.25,
            "research_to_sale_ratio": 4.01,
            "price_fair": 123.2,
            "eps_avg_yearly": 3.52,
            "eps_latest_yearly": 3.28,
            "eps_growth_yearly": 148.33
        },
        "20192": {
            "year_quarter": 20192,
            "year": 2019,
            "quarter": 2,
            "eps": 0.73,
            "eps_growth_year": -10.98,
            "eps_4q": 3.52,
            "eps_4q_growth_year": 11.95,
            "roe": 3.68,
            "roe_4q": 17.99,
            "gross_profit": 241844,
            "gross_margin": 36.71,
            "gross_margin_4q_avg": 37.87,
            "net_income": 112436,
            "net_income_4q": null,
            "revenue": 658717,
            "revenue_4q": null,
            "common_shares": 1526487,
            "book_valuer_per_share": 18.75,
            "book_valuer_per_share_4q_avg": 19.61,
            "equity": 2894821,
            "current_ratio": 147.56,
            "debt_ratio": 48.16,
            "inventory_turnover_ratio": 0.57,
            "account_receivable_turnover_ratio": 1.57,
            "reinvestment_rate": -6.16,
            "research_to_sale_ratio": 3.92,
            "price_fair": 122.85,
            "eps_avg_yearly": 3.51,
            "eps_latest_yearly": 2.92,
            "eps_growth_yearly": 150.74
        },
        "20193": {
            "year_quarter": 20193,
            "year": 2019,
            "quarter": 3,
            "eps": 0.8,
            "eps_growth_year": -13.04,
            "eps_4q": 3.4,
            "eps_4q_growth_year": 11.32,
            "roe": 4.17,
            "roe_4q": 17.189999999999998,
            "gross_profit": 255742,
            "gross_margin": 39.54,
            "gross_margin_4q_avg": 38.13,
            "net_income": 123028,
            "net_income_4q": null,
            "revenue": 646731,
            "revenue_4q": null,
            "common_shares": 1526487,
            "book_valuer_per_share": 19.47,
            "book_valuer_per_share_4q_avg": 19.75,
            "equity": 3005920,
            "current_ratio": 153.44,
            "debt_ratio": 47.76,
            "inventory_turnover_ratio": 0.58,
            "account_receivable_turnover_ratio": 1.59,
            "reinvestment_rate": -7.86,
            "research_to_sale_ratio": 3.17,
            "price_fair": 117.95,
            "eps_avg_yearly": 3.37,
            "eps_latest_yearly": 3.2,
            "eps_growth_yearly": 133.98
        },
        "20194": {
            "year_quarter": 20194,
            "year": 2019,
            "quarter": 4,
            "eps": 0.83,
            "eps_growth_year": -20.69,
            "eps_4q": 3.19,
            "eps_4q_growth_year": -2.16,
            "roe": 4.14,
            "roe_4q": 15.989999999999998,
            "gross_profit": 271031,
            "gross_margin": 37.67,
            "gross_margin_4q_avg": 37.86,
            "net_income": 126715,
            "net_income_4q": null,
            "revenue": 719574,
            "revenue_4q": null,
            "common_shares": 1526487,
            "book_valuer_per_share": 20.23,
            "book_valuer_per_share_4q_avg": 19.82,
            "equity": 3121976,
            "current_ratio": 161.04,
            "debt_ratio": 46.87,
            "inventory_turnover_ratio": 0.69,
            "account_receivable_turnover_ratio": 1.64,
            "reinvestment_rate": -9.79,
            "research_to_sale_ratio": 2.82,
            "price_fair": 115.15,
            "eps_avg_yearly": 3.29,
            "eps_latest_yearly": 3.32,
            "eps_growth_yearly": 138.78
        },
        "20201": {
            "year_quarter": 20201,
            "year": 2020,
            "quarter": 1,
            "eps": 0.62,
            "eps_growth_year": -24.39,
            "eps_4q": 2.98,
            "eps_4q_growth_year": -17.05,
            "roe": 2.99,
            "roe_4q": 14.98,
            "gross_profit": 203017,
            "gross_margin": 36.74,
            "gross_margin_4q_avg": 37.67,
            "net_income": 94862,
            "net_income_4q": null,
            "revenue": 552646,
            "revenue_4q": null,
            "common_shares": 1526487,
            "book_valuer_per_share": 20.83,
            "book_valuer_per_share_4q_avg": 19.82,
            "equity": 3213919,
            "current_ratio": 170.76,
            "debt_ratio": 45.39,
            "inventory_turnover_ratio": 0.53,
            "account_receivable_turnover_ratio": 1.24,
            "reinvestment_rate": -10.06,
            "research_to_sale_ratio": 3.55,
            "price_fair": 112.96,
            "eps_avg_yearly": 3.23,
            "eps_latest_yearly": 2.48,
            "eps_growth_yearly": 138.54
        },
        "20202": {
            "year_quarter": 20202,
            "year": 2020,
            "quarter": 2,
            "eps": 0.66,
            "eps_growth_year": -9.59,
            "eps_4q": 2.91,
            "eps_4q_growth_year": -17.22,
            "roe": 3.23,
            "roe_4q": 14.53,
            "gross_profit": 212988,
            "gross_margin": 37.89,
            "gross_margin_4q_avg": 37.96,
            "net_income": 100449,
            "net_income_4q": null,
            "revenue": 562112,
            "revenue_4q": null,
            "common_shares": 1526487,
            "book_valuer_per_share": 19.42,
            "book_valuer_per_share_4q_avg": 19.99,
            "equity": 2997824,
            "current_ratio": 143.66,
            "debt_ratio": 50.18,
            "inventory_turnover_ratio": 0.49,
            "account_receivable_turnover_ratio": 1.44,
            "reinvestment_rate": -9.9,
            "research_to_sale_ratio": 3.49,
            "price_fair": 111.39,
            "eps_avg_yearly": 3.18,
            "eps_latest_yearly": 2.64,
            "eps_growth_yearly": 141.01
        },
        "20203": {
            "year_quarter": 20203,
            "year": 2020,
            "quarter": 3,
            "eps": 0.86,
            "eps_growth_year": 7.5,
            "eps_4q": 2.97,
            "eps_4q_growth_year": -12.72,
            "roe": 4.33,
            "roe_4q": 14.690000000000001,
            "gross_profit": 254636,
            "gross_margin": 37.61,
            "gross_margin_4q_avg": 37.48,
            "net_income": 132730,
            "net_income_4q": null,
            "revenue": 676967,
            "revenue_4q": null,
            "common_shares": 1526487,
            "book_valuer_per_share": 20.3,
            "book_valuer_per_share_4q_avg": 20.2,
            "equity": 3132799,
            "current_ratio": 150.01,
            "debt_ratio": 49.4,
            "inventory_turnover_ratio": 0.58,
            "account_receivable_turnover_ratio": 1.64,
            "reinvestment_rate": -8.9,
            "research_to_sale_ratio": 2.88,
            "price_fair": 112.96,
            "eps_avg_yearly": 3.23,
            "eps_latest_yearly": 3.44,
            "eps_growth_yearly": 153.35
        },
        "20204": {
            "year_quarter": 20204,
            "year": 2020,
            "quarter": 4,
            "eps": 0.76,
            "eps_growth_year": -8.33,
            "eps_4q": 2.9,
            "eps_4q_growth_year": -8.97,
            "roe": 3.65,
            "roe_4q": 14.200000000000001,
            "gross_profit": 251186,
            "gross_margin": 36.74,
            "gross_margin_4q_avg": 37.25,
            "net_income": 116411,
            "net_income_4q": null,
            "revenue": 683634,
            "revenue_4q": null,
            "common_shares": 1526487,
            "book_valuer_per_share": 21.07,
            "book_valuer_per_share_4q_avg": 20.41,
            "equity": 3251623,
            "current_ratio": 195.94,
            "debt_ratio": 41.6,
            "inventory_turnover_ratio": 0.62,
            "account_receivable_turnover_ratio": 1.44,
            "reinvestment_rate": -10.05,
            "research_to_sale_ratio": 3.04,
            "price_fair": 108.06,
            "eps_avg_yearly": 3.09,
            "eps_latest_yearly": 3.04,
            "eps_growth_yearly": 126.91
        },
        "20211": {
            "year_quarter": 20211,
            "year": 2021,
            "quarter": 1,
            "eps": 0.68,
            "eps_growth_year": 9.68,
            "eps_4q": 2.96,
            "eps_4q_growth_year": -0.76,
            "roe": 3.15,
            "roe_4q": 14.36,
            "gross_profit": 212372,
            "gross_margin": 37.12,
            "gross_margin_4q_avg": 37.34,
            "net_income": 103902,
            "net_income_4q": null,
            "revenue": 572183,
            "revenue_4q": null,
            "common_shares": 1526487,
            "book_valuer_per_share": 21.74,
            "book_valuer_per_share_4q_avg": 20.63,
            "equity": 3352997,
            "current_ratio": 208.75,
            "debt_ratio": 40.43,
            "inventory_turnover_ratio": 0.53,
            "account_receivable_turnover_ratio": 1.31,
            "reinvestment_rate": -2.91,
            "research_to_sale_ratio": 3.94,
            "price_fair": 112.7,
            "eps_avg_yearly": 3.22,
            "eps_latest_yearly": 2.72,
            "eps_growth_yearly": 146.44
        },
        "20212": {
            "year_quarter": 20212,
            "year": 2021,
            "quarter": 2,
            "eps": 1,
            "eps_growth_year": 51.52,
            "eps_4q": 3.3,
            "eps_4q_growth_year": 13.33,
            "roe": 4.44,
            "roe_4q": 15.57,
            "gross_profit": 282028,
            "gross_margin": 38.63,
            "gross_margin_4q_avg": 37.53,
            "net_income": 152098,
            "net_income_4q": null,
            "revenue": 730140,
            "revenue_4q": null,
            "common_shares": 1526487,
            "book_valuer_per_share": 22.67,
            "book_valuer_per_share_4q_avg": 21.45,
            "equity": 3493818,
            "current_ratio": 243.58,
            "debt_ratio": 37.71,
            "inventory_turnover_ratio": 0.66,
            "account_receivable_turnover_ratio": 1.71,
            "reinvestment_rate": -3.39,
            "research_to_sale_ratio": 2.7,
            "price_fair": 74.61,
            "eps_avg_yearly": 3.22,
            "eps_latest_yearly": 4,
            "eps_growth_yearly": 13.21
        },
        "20213": {
            "year_quarter": 20213,
            "year": 2021,
            "quarter": 3,
            "eps": 1.14,
            "eps_growth_year": 32.56,
            "eps_4q": 3.57,
            "eps_4q_growth_year": 20.34,
            "roe": 5.15,
            "roe_4q": 16.39,
            "gross_profit": 281217,
            "gross_margin": 39.42,
            "gross_margin_4q_avg": 37.98,
            "net_income": 174457,
            "net_income_4q": null,
            "revenue": 713374,
            "revenue_4q": null,
            "common_shares": 1526487,
            "book_valuer_per_share": 21.25,
            "book_valuer_per_share_4q_avg": 21.68,
            "equity": 3277471,
            "current_ratio": 169.29,
            "debt_ratio": 45.22,
            "inventory_turnover_ratio": 0.6,
            "account_receivable_turnover_ratio": 1.54,
            "reinvestment_rate": -4.88,
            "research_to_sale_ratio": 2.43,
            "price_fair": 88.39,
            "eps_avg_yearly": 3.25,
            "eps_latest_yearly": 4.56,
            "eps_growth_yearly": 17.2
        },
        "20214": {
            "year_quarter": 20214,
            "year": 2021,
            "quarter": 4,
            "eps": 1,
            "eps_growth_year": 32.08,
            "eps_4q": 3.82,
            "eps_4q_growth_year": 31.57,
            "roe": 4.57,
            "roe_4q": 17.31,
            "gross_profit": 250987,
            "gross_margin": 38.78,
            "gross_margin_4q_avg": 38.49,
            "net_income": 153194,
            "net_income_4q": null,
            "revenue": 647160,
            "revenue_4q": null,
            "common_shares": 1526487,
            "book_valuer_per_share": 22.23,
            "book_valuer_per_share_4q_avg": 21.97,
            "equity": 3428174,
            "current_ratio": 211.19,
            "debt_ratio": 39.81,
            "inventory_turnover_ratio": 0.47,
            "account_receivable_turnover_ratio": 1.46,
            "reinvestment_rate": -4.8,
            "research_to_sale_ratio": 2.82,
            "price_fair": 92.53,
            "eps_avg_yearly": 3.29,
            "eps_latest_yearly": 4,
            "eps_growth_yearly": 18.13
        },
        "20221": {
            "year_quarter": 20221,
            "year": 2022,
            "quarter": 1,
            "eps": 0.93,
            "eps_growth_year": 36.76,
            "eps_4q": 4.07,
            "eps_4q_growth_year": 37.26,
            "roe": 4.06,
            "roe_4q": 18.22,
            "gross_profit": 250778,
            "gross_margin": 39.63,
            "gross_margin_4q_avg": 39.12,
            "net_income": 142486,
            "net_income_4q": null,
            "revenue": 632779,
            "revenue_4q": null,
            "common_shares": 1526487,
            "book_valuer_per_share": 23.32,
            "book_valuer_per_share_4q_avg": 22.37,
            "equity": 3594537,
            "current_ratio": 229.56,
            "debt_ratio": 38.13,
            "inventory_turnover_ratio": 0.4,
            "account_receivable_turnover_ratio": 1.52,
            "reinvestment_rate": -4.11,
            "research_to_sale_ratio": 3.13,
            "price_fair": 119.09,
            "eps_avg_yearly": 3.4,
            "eps_latest_yearly": 3.72,
            "eps_growth_yearly": 27.09
        },
        "20222": {
            "year_quarter": 20222,
            "year": 2022,
            "quarter": 2,
            "eps": 1.24,
            "eps_growth_year": 24,
            "eps_4q": 4.31,
            "eps_4q_growth_year": 30.76,
            "roe": 5.49,
            "roe_4q": 19.270000000000003,
            "gross_profit": 304033,
            "gross_margin": 41.32,
            "gross_margin_4q_avg": 39.79,
            "net_income": 190042,
            "net_income_4q": null,
            "revenue": 735747,
            "revenue_4q": null,
            "common_shares": 1526487,
            "book_valuer_per_share": 21.6,
            "book_valuer_per_share_4q_avg": 22.1,
            "equity": 3331018,
            "current_ratio": 181.31,
            "debt_ratio": 42.61,
            "inventory_turnover_ratio": 0.44,
            "account_receivable_turnover_ratio": 1.7,
            "reinvestment_rate": -4.32,
            "research_to_sale_ratio": 2.35,
            "price_fair": 97.21,
            "eps_avg_yearly": 3.51,
            "eps_latest_yearly": 4.96,
            "eps_growth_yearly": 17.71
        },
        "20223": {
            "year_quarter": 20223,
            "year": 2022,
            "quarter": 3,
            "eps": 1.33,
            "eps_growth_year": 16.67,
            "eps_4q": 4.5,
            "eps_4q_growth_year": 26.06,
            "roe": 5.92,
            "roe_4q": 20.04,
            "gross_profit": 302326,
            "gross_margin": 43.91,
            "gross_margin_4q_avg": 40.91,
            "net_income": 204055,
            "net_income_4q": null,
            "revenue": 688540,
            "revenue_4q": null,
            "common_shares": 1526487,
            "book_valuer_per_share": 23.11,
            "book_valuer_per_share_4q_avg": 22.57,
            "equity": 3562358,
            "current_ratio": 250.45,
            "debt_ratio": 36.07,
            "inventory_turnover_ratio": 0.41,
            "account_receivable_turnover_ratio": 1.49,
            "reinvestment_rate": -3.52,
            "research_to_sale_ratio": 2.4,
            "price_fair": 95.59,
            "eps_avg_yearly": 3.61,
            "eps_latest_yearly": 5.32,
            "eps_growth_yearly": 16.48
        },
        "20224": {
            "year_quarter": 20224,
            "year": 2022,
            "quarter": 4,
            "eps": 0.92,
            "eps_growth_year": -7.69,
            "eps_4q": 4.43,
            "eps_4q_growth_year": 16.02,
            "roe": 3.87,
            "roe_4q": 19.34,
            "gross_profit": 257864,
            "gross_margin": 44.07,
            "gross_margin_4q_avg": 42.23,
            "net_income": 140449,
            "net_income_4q": null,
            "revenue": 585109,
            "revenue_4q": null,
            "common_shares": 1526487,
            "book_valuer_per_share": 23.99,
            "book_valuer_per_share_4q_avg": 23.01,
            "equity": 3697015,
            "current_ratio": 287.86,
            "debt_ratio": 33.83,
            "inventory_turnover_ratio": 0.36,
            "account_receivable_turnover_ratio": 1.38,
            "reinvestment_rate": -3.58,
            "research_to_sale_ratio": 2.95,
            "price_fair": 55.54,
            "eps_avg_yearly": 3.58,
            "eps_latest_yearly": 3.68,
            "eps_growth_yearly": 5.51
        },
        "20231": {
            "year_quarter": 20231,
            "year": 2023,
            "quarter": 1,
            "eps": 0.86,
            "eps_growth_year": -7.53,
            "eps_4q": 4.36,
            "eps_4q_growth_year": 7.25,
            "roe": 3.49,
            "roe_4q": 18.770000000000003,
            "gross_profit": 221167,
            "gross_margin": 39.83,
            "gross_margin_4q_avg": 42.28,
            "net_income": 131364,
            "net_income_4q": null,
            "revenue": 555231,
            "revenue_4q": null,
            "common_shares": 1526487,
            "book_valuer_per_share": 24.85,
            "book_valuer_per_share_4q_avg": 23.39,
            "equity": 3827109,
            "current_ratio": 326.54,
            "debt_ratio": 32.11,
            "inventory_turnover_ratio": 0.39,
            "account_receivable_turnover_ratio": 1.5,
            "reinvestment_rate": -4.16,
            "research_to_sale_ratio": 2.87,
            "price_fair": 68.82,
            "eps_avg_yearly": 3.59,
            "eps_latest_yearly": 3.44,
            "eps_growth_yearly": 9.17
        },
        "20232": {
            "year_quarter": 20232,
            "year": 2023,
            "quarter": 2,
            "eps": 0.97,
            "eps_growth_year": -21.77,
            "eps_4q": 4.08,
            "eps_4q_growth_year": -5.29,
            "roe": 4.04,
            "roe_4q": 17.32,
            "gross_profit": 231533,
            "gross_margin": 43.06,
            "gross_margin_4q_avg": 42.72,
            "net_income": 146698,
            "net_income_4q": null,
            "revenue": 537739,
            "revenue_4q": null,
            "common_shares": 1526487,
            "book_valuer_per_share": 22.31,
            "book_valuer_per_share_4q_avg": 23.57,
            "equity": 3437011,
            "current_ratio": 204.76,
            "debt_ratio": 39.13,
            "inventory_turnover_ratio": 0.4,
            "account_receivable_turnover_ratio": 1.66,
            "reinvestment_rate": -4.34,
            "research_to_sale_ratio": 3.61,
            "price_fair": 91.66,
            "eps_avg_yearly": 3.65,
            "eps_latest_yearly": 3.88,
            "eps_growth_yearly": 15.11
        },
        "20233": {
            "year_quarter": 20233,
            "year": 2023,
            "quarter": 3,
            "eps": 1.04,
            "eps_growth_year": -21.8,
            "eps_4q": 3.79,
            "eps_4q_growth_year": -15.81,
            "roe": 4.46,
            "roe_4q": 15.86,
            "gross_profit": 238658,
            "gross_margin": 45.03,
            "gross_margin_4q_avg": 43,
            "net_income": 157552,
            "net_income_4q": null,
            "revenue": 530045,
            "revenue_4q": null,
            "common_shares": 1526487,
            "book_valuer_per_share": 23.51,
            "book_valuer_per_share_4q_avg": 23.67,
            "equity": 3620583,
            "current_ratio": 337.54,
            "debt_ratio": 31.5,
            "inventory_turnover_ratio": 0.42,
            "account_receivable_turnover_ratio": 1.77,
            "reinvestment_rate": -4.14,
            "research_to_sale_ratio": 3.32,
            "price_fair": 90.97,
            "eps_avg_yearly": 3.71,
            "eps_latest_yearly": 4.16,
            "eps_growth_yearly": 14.52
        }
    },
    "months": {
        "2001-06": {
            "month": "2001-06",
            "price": "23.17",
            "revenue": 85708
        },
        "2001-07": {
            "month": "2001-07",
            "price": "16.84",
            "revenue": 114163
        },
        "2001-08": {
            "month": "2001-08",
            "price": "14.47",
            "revenue": 132966
        },
        "2001-09": {
            "month": "2001-09",
            "price": "11.27",
            "revenue": 111930
        },
        "2001-10": {
            "month": "2001-10",
            "price": "10.26",
            "revenue": 149824
        },
        "2001-11": {
            "month": "2001-11",
            "price": "12.83",
            "revenue": 146806
        },
        "2001-12": {
            "month": "2001-12",
            "price": "16.42",
            "revenue": 121249
        },
        "2002-01": {
            "month": "2002-01",
            "price": "21.37",
            "revenue": 127578
        },
        "2002-02": {
            "month": "2002-02",
            "price": "21.82",
            "revenue": 94709
        },
        "2002-03": {
            "month": "2002-03",
            "price": "23.54",
            "revenue": 160494
        },
        "2002-04": {
            "month": "2002-04",
            "price": "29.18",
            "revenue": 156911
        },
        "2002-05": {
            "month": "2002-05",
            "price": "31.50",
            "revenue": 169030
        },
        "2002-06": {
            "month": "2002-06",
            "price": "27.98",
            "revenue": 144881
        },
        "2002-07": {
            "month": "2002-07",
            "price": "24.63",
            "revenue": 155984
        },
        "2002-08": {
            "month": "2002-08",
            "price": "28.07",
            "revenue": 159334
        },
        "2002-09": {
            "month": "2002-09",
            "price": "28.74",
            "revenue": 191846
        },
        "2002-10": {
            "month": "2002-10",
            "price": "27.12",
            "revenue": 164093
        },
        "2002-11": {
            "month": "2002-11",
            "price": "27.83",
            "revenue": 170931
        },
        "2002-12": {
            "month": "2002-12",
            "price": "26.53",
            "revenue": 150612
        },
        "2003-01": {
            "month": "2003-01",
            "price": "26.05",
            "revenue": 120529
        },
        "2003-02": {
            "month": "2003-02",
            "price": "23.22",
            "revenue": 125678
        },
        "2003-03": {
            "month": "2003-03",
            "price": "22.71",
            "revenue": 154850
        },
        "2003-04": {
            "month": "2003-04",
            "price": "22.34",
            "revenue": 186394
        },
        "2003-05": {
            "month": "2003-05",
            "price": "25.36",
            "revenue": 175466
        },
        "2003-06": {
            "month": "2003-06",
            "price": "29.01",
            "revenue": 169211
        },
        "2003-07": {
            "month": "2003-07",
            "price": "30.10",
            "revenue": 188786
        },
        "2003-08": {
            "month": "2003-08",
            "price": "29.96",
            "revenue": 201395
        },
        "2003-09": {
            "month": "2003-09",
            "price": "24.59",
            "revenue": 231520
        },
        "2003-10": {
            "month": "2003-10",
            "price": "24.06",
            "revenue": 207939
        },
        "2003-11": {
            "month": "2003-11",
            "price": "24.30",
            "revenue": 196569
        },
        "2003-12": {
            "month": "2003-12",
            "price": "25.93",
            "revenue": 205170
        },
        "2004-01": {
            "month": "2004-01",
            "price": "25.90",
            "revenue": 150300
        },
        "2004-02": {
            "month": "2004-02",
            "price": "26.48",
            "revenue": 209188
        },
        "2004-03": {
            "month": "2004-03",
            "price": "25.11",
            "revenue": 223356
        },
        "2004-04": {
            "month": "2004-04",
            "price": "24.56",
            "revenue": 225094
        },
        "2004-05": {
            "month": "2004-05",
            "price": "21.12",
            "revenue": 194778
        },
        "2004-06": {
            "month": "2004-06",
            "price": "20.15",
            "revenue": 228090
        },
        "2004-07": {
            "month": "2004-07",
            "price": "18.08",
            "revenue": 228462
        },
        "2004-08": {
            "month": "2004-08",
            "price": "16.02",
            "revenue": 213517
        },
        "2004-09": {
            "month": "2004-09",
            "price": "15.60",
            "revenue": 186635
        },
        "2004-10": {
            "month": "2004-10",
            "price": "14.98",
            "revenue": 208667
        },
        "2004-11": {
            "month": "2004-11",
            "price": "15.70",
            "revenue": 250159
        },
        "2004-12": {
            "month": "2004-12",
            "price": "16.63",
            "revenue": 203048
        },
        "2005-01": {
            "month": "2005-01",
            "price": "15.89",
            "revenue": 216778
        },
        "2005-02": {
            "month": "2005-02",
            "price": "16.38",
            "revenue": 129743
        },
        "2005-03": {
            "month": "2005-03",
            "price": "17.58",
            "revenue": 206317
        },
        "2005-04": {
            "month": "2005-04",
            "price": "16.66",
            "revenue": 204917
        },
        "2005-05": {
            "month": "2005-05",
            "price": "16.94",
            "revenue": 196998
        },
        "2005-06": {
            "month": "2005-06",
            "price": "17.90",
            "revenue": 187569
        },
        "2005-07": {
            "month": "2005-07",
            "price": "21.47",
            "revenue": 232589
        },
        "2005-08": {
            "month": "2005-08",
            "price": "19.53",
            "revenue": 288101
        },
        "2005-09": {
            "month": "2005-09",
            "price": "20.86",
            "revenue": 263812
        },
        "2005-10": {
            "month": "2005-10",
            "price": "19.80",
            "revenue": 251891
        },
        "2005-11": {
            "month": "2005-11",
            "price": "19.77",
            "revenue": 253152
        },
        "2005-12": {
            "month": "2005-12",
            "price": "21.80",
            "revenue": 260027
        },
        "2006-01": {
            "month": "2006-01",
            "price": "22.42",
            "revenue": 224685
        },
        "2006-02": {
            "month": "2006-02",
            "price": "21.27",
            "revenue": 192521
        },
        "2006-03": {
            "month": "2006-03",
            "price": "21.56",
            "revenue": 280321
        },
        "2006-04": {
            "month": "2006-04",
            "price": "25.58",
            "revenue": 269619
        },
        "2006-05": {
            "month": "2006-05",
            "price": "28.53",
            "revenue": 274443
        },
        "2006-06": {
            "month": "2006-06",
            "price": "25.24",
            "revenue": 311953
        },
        "2006-07": {
            "month": "2006-07",
            "price": "25.94",
            "revenue": 305831
        },
        "2006-08": {
            "month": "2006-08",
            "price": "24.34",
            "revenue": 302896
        },
        "2006-09": {
            "month": "2006-09",
            "price": "22.84",
            "revenue": 321267
        },
        "2006-10": {
            "month": "2006-10",
            "price": "24.61",
            "revenue": 287358
        },
        "2006-11": {
            "month": "2006-11",
            "price": "28.24",
            "revenue": 334582
        },
        "2006-12": {
            "month": "2006-12",
            "price": "35.78",
            "revenue": 279922
        },
        "2007-01": {
            "month": "2007-01",
            "price": "42.46",
            "revenue": 309847
        },
        "2007-02": {
            "month": "2007-02",
            "price": "44.47",
            "revenue": 234858
        },
        "2007-03": {
            "month": "2007-03",
            "price": "41.18",
            "revenue": 313774
        },
        "2007-04": {
            "month": "2007-04",
            "price": "41.96",
            "revenue": 297182
        },
        "2007-05": {
            "month": "2007-05",
            "price": "37.79",
            "revenue": 291422
        },
        "2007-06": {
            "month": "2007-06",
            "price": "40.80",
            "revenue": 288517
        },
        "2007-07": {
            "month": "2007-07",
            "price": "44.45",
            "revenue": 277559
        },
        "2007-08": {
            "month": "2007-08",
            "price": "32.96",
            "revenue": 326728
        },
        "2007-09": {
            "month": "2007-09",
            "price": "30.58",
            "revenue": 320444
        },
        "2007-10": {
            "month": "2007-10",
            "price": "28.92",
            "revenue": 316983
        },
        "2007-11": {
            "month": "2007-11",
            "price": "22.38",
            "revenue": 297629
        },
        "2007-12": {
            "month": "2007-12",
            "price": "22.35",
            "revenue": 264103
        },
        "2008-01": {
            "month": "2008-01",
            "price": "19.76",
            "revenue": 283996
        },
        "2008-02": {
            "month": "2008-02",
            "price": "18.43",
            "revenue": 172678
        },
        "2008-03": {
            "month": "2008-03",
            "price": "19.73",
            "revenue": 299082
        },
        "2008-04": {
            "month": "2008-04",
            "price": "22.00",
            "revenue": 308375
        },
        "2008-05": {
            "month": "2008-05",
            "price": "21.68",
            "revenue": 264728
        },
        "2008-06": {
            "month": "2008-06",
            "price": "19.25",
            "revenue": 255585
        },
        "2008-07": {
            "month": "2008-07",
            "price": "16.95",
            "revenue": 281302
        },
        "2008-08": {
            "month": "2008-08",
            "price": "15.66",
            "revenue": 256042
        },
        "2008-09": {
            "month": "2008-09",
            "price": "13.10",
            "revenue": 247482
        },
        "2008-10": {
            "month": "2008-10",
            "price": "11.15",
            "revenue": 224020
        },
        "2008-11": {
            "month": "2008-11",
            "price": "9.54",
            "revenue": 218632
        },
        "2008-12": {
            "month": "2008-12",
            "price": "9.18",
            "revenue": 185011
        },
        "2009-01": {
            "month": "2009-01",
            "price": "8.82",
            "revenue": 150651
        },
        "2009-02": {
            "month": "2009-02",
            "price": "9.06",
            "revenue": 174847
        },
        "2009-03": {
            "month": "2009-03",
            "price": "10.79",
            "revenue": 204156
        },
        "2009-04": {
            "month": "2009-04",
            "price": "13.93",
            "revenue": 174577
        },
        "2009-05": {
            "month": "2009-05",
            "price": "14.36",
            "revenue": 164039
        },
        "2009-06": {
            "month": "2009-06",
            "price": "13.25",
            "revenue": 187221
        },
        "2009-07": {
            "month": "2009-07",
            "price": "13.41",
            "revenue": 239130
        },
        "2009-08": {
            "month": "2009-08",
            "price": "14.60",
            "revenue": 218384
        },
        "2009-09": {
            "month": "2009-09",
            "price": "14.66",
            "revenue": 260276
        },
        "2009-10": {
            "month": "2009-10",
            "price": "15.95",
            "revenue": 251131
        },
        "2009-11": {
            "month": "2009-11",
            "price": "16.33",
            "revenue": 254906
        },
        "2009-12": {
            "month": "2009-12",
            "price": "20.67",
            "revenue": 277255
        },
        "2010-01": {
            "month": "2010-01",
            "price": "25.20",
            "revenue": 292336
        },
        "2010-02": {
            "month": "2010-02",
            "price": "24.08",
            "revenue": 187505
        },
        "2010-03": {
            "month": "2010-03",
            "price": "26.17",
            "revenue": 320894
        },
        "2010-04": {
            "month": "2010-04",
            "price": "26.79",
            "revenue": 335830
        },
        "2010-05": {
            "month": "2010-05",
            "price": "26.23",
            "revenue": 299441
        },
        "2010-06": {
            "month": "2010-06",
            "price": "24.85",
            "revenue": 260714
        },
        "2010-07": {
            "month": "2010-07",
            "price": "24.04",
            "revenue": 295417
        },
        "2010-08": {
            "month": "2010-08",
            "price": "23.90",
            "revenue": 287159
        },
        "2010-09": {
            "month": "2010-09",
            "price": "25.47",
            "revenue": 256831
        },
        "2010-10": {
            "month": "2010-10",
            "price": "25.38",
            "revenue": 266590
        },
        "2010-11": {
            "month": "2010-11",
            "price": "24.73",
            "revenue": 294282
        },
        "2010-12": {
            "month": "2010-12",
            "price": "26.16",
            "revenue": 268374
        },
        "2011-01": {
            "month": "2011-01",
            "price": "25.46",
            "revenue": 311606
        },
        "2011-02": {
            "month": "2011-02",
            "price": "24.77",
            "revenue": 186255
        },
        "2011-03": {
            "month": "2011-03",
            "price": "24.65",
            "revenue": 365014
        },
        "2011-04": {
            "month": "2011-04",
            "price": "25.79",
            "revenue": 306477
        },
        "2011-05": {
            "month": "2011-05",
            "price": "25.91",
            "revenue": 320708
        },
        "2011-06": {
            "month": "2011-06",
            "price": "27.10",
            "revenue": 278398
        },
        "2011-07": {
            "month": "2011-07",
            "price": "25.02",
            "revenue": 270853
        },
        "2011-08": {
            "month": "2011-08",
            "price": "19.76",
            "revenue": 277766
        },
        "2011-09": {
            "month": "2011-09",
            "price": "21.23",
            "revenue": 268602
        },
        "2011-10": {
            "month": "2011-10",
            "price": "20.67",
            "revenue": 248733
        },
        "2011-11": {
            "month": "2011-11",
            "price": "21.85",
            "revenue": 257402
        },
        "2011-12": {
            "month": "2011-12",
            "price": "20.15",
            "revenue": 235305
        },
        "2012-01": {
            "month": "2012-01",
            "price": "20.43",
            "revenue": 223554
        },
        "2012-02": {
            "month": "2012-02",
            "price": "24.07",
            "revenue": 241682
        },
        "2012-03": {
            "month": "2012-03",
            "price": "25.11",
            "revenue": 312538
        },
        "2012-04": {
            "month": "2012-04",
            "price": "23.70",
            "revenue": 288451
        },
        "2012-05": {
            "month": "2012-05",
            "price": "23.50",
            "revenue": 294639
        },
        "2012-06": {
            "month": "2012-06",
            "price": "22.53",
            "revenue": 286911
        },
        "2012-07": {
            "month": "2012-07",
            "price": "22.19",
            "revenue": 305751
        },
        "2012-08": {
            "month": "2012-08",
            "price": "21.56",
            "revenue": 317958
        },
        "2012-09": {
            "month": "2012-09",
            "price": "21.79",
            "revenue": 255173
        },
        "2012-10": {
            "month": "2012-10",
            "price": "21.04",
            "revenue": 261002
        },
        "2012-11": {
            "month": "2012-11",
            "price": "20.69",
            "revenue": 248442
        },
        "2012-12": {
            "month": "2012-12",
            "price": "21.50",
            "revenue": 255242
        },
        "2013-01": {
            "month": "2013-01",
            "price": "21.68",
            "revenue": 325240
        },
        "2013-02": {
            "month": "2013-02",
            "price": "23.25",
            "revenue": 224646
        },
        "2013-03": {
            "month": "2013-03",
            "price": "25.41",
            "revenue": 308331
        },
        "2013-04": {
            "month": "2013-04",
            "price": "26.68",
            "revenue": 254692
        },
        "2013-05": {
            "month": "2013-05",
            "price": "27.02",
            "revenue": 338508
        },
        "2013-06": {
            "month": "2013-06",
            "price": "30.82",
            "revenue": 238333
        },
        "2013-07": {
            "month": "2013-07",
            "price": "29.04",
            "revenue": 306894
        },
        "2013-08": {
            "month": "2013-08",
            "price": "27.61",
            "revenue": 297910
        },
        "2013-09": {
            "month": "2013-09",
            "price": "30.39",
            "revenue": 266235
        },
        "2013-10": {
            "month": "2013-10",
            "price": "28.83",
            "revenue": 297103
        },
        "2013-11": {
            "month": "2013-11",
            "price": "29.53",
            "revenue": 299177
        },
        "2013-12": {
            "month": "2013-12",
            "price": "34.33",
            "revenue": 293401
        },
        "2014-01": {
            "month": "2014-01",
            "price": "40.03",
            "revenue": 280196
        },
        "2014-02": {
            "month": "2014-02",
            "price": "45.47",
            "revenue": 264487
        },
        "2014-03": {
            "month": "2014-03",
            "price": "45.95",
            "revenue": 319903
        },
        "2014-04": {
            "month": "2014-04",
            "price": "55.60",
            "revenue": 276481
        },
        "2014-05": {
            "month": "2014-05",
            "price": "51.33",
            "revenue": 289577
        },
        "2014-06": {
            "month": "2014-06",
            "price": "51.85",
            "revenue": 254365
        },
        "2014-07": {
            "month": "2014-07",
            "price": "48.78",
            "revenue": 299057
        },
        "2014-08": {
            "month": "2014-08",
            "price": "40.76",
            "revenue": 305575
        },
        "2014-09": {
            "month": "2014-09",
            "price": "37.50",
            "revenue": 266190
        },
        "2014-10": {
            "month": "2014-10",
            "price": "34.40",
            "revenue": 302824
        },
        "2014-11": {
            "month": "2014-11",
            "price": "37.40",
            "revenue": 278429
        },
        "2014-12": {
            "month": "2014-12",
            "price": "42.12",
            "revenue": 261929
        },
        "2015-01": {
            "month": "2015-01",
            "price": "40.65",
            "revenue": 300524
        },
        "2015-02": {
            "month": "2015-02",
            "price": "43.33",
            "revenue": 219204
        },
        "2015-03": {
            "month": "2015-03",
            "price": "47.21",
            "revenue": 282555
        },
        "2015-04": {
            "month": "2015-04",
            "price": "49.00",
            "revenue": 294183
        },
        "2015-05": {
            "month": "2015-05",
            "price": "47.66",
            "revenue": 266933
        },
        "2015-06": {
            "month": "2015-06",
            "price": "45.37",
            "revenue": 269991
        },
        "2015-07": {
            "month": "2015-07",
            "price": "41.17",
            "revenue": 280280
        },
        "2015-08": {
            "month": "2015-08",
            "price": "35.68",
            "revenue": 275350
        },
        "2015-09": {
            "month": "2015-09",
            "price": "35.95",
            "revenue": 276453
        },
        "2015-10": {
            "month": "2015-10",
            "price": "38.25",
            "revenue": 289948
        },
        "2015-11": {
            "month": "2015-11",
            "price": "41.65",
            "revenue": 290172
        },
        "2015-12": {
            "month": "2015-12",
            "price": "44.96",
            "revenue": 262229
        },
        "2016-01": {
            "month": "2016-01",
            "price": "40.50",
            "revenue": 315907
        },
        "2016-02": {
            "month": "2016-02",
            "price": "43.12",
            "revenue": 239573
        },
        "2016-03": {
            "month": "2016-03",
            "price": "46.57",
            "revenue": 262251
        },
        "2016-04": {
            "month": "2016-04",
            "price": "43.03",
            "revenue": 254161
        },
        "2016-05": {
            "month": "2016-05",
            "price": "39.51",
            "revenue": 262820
        },
        "2016-06": {
            "month": "2016-06",
            "price": "39.11",
            "revenue": 239312
        },
        "2016-07": {
            "month": "2016-07",
            "price": "36.33",
            "revenue": 248735
        },
        "2016-08": {
            "month": "2016-08",
            "price": "36.49",
            "revenue": 262608
        },
        "2016-09": {
            "month": "2016-09",
            "price": "37.02",
            "revenue": 243984
        },
        "2016-10": {
            "month": "2016-10",
            "price": "34.98",
            "revenue": 264523
        },
        "2016-11": {
            "month": "2016-11",
            "price": "33.88",
            "revenue": 306821
        },
        "2016-12": {
            "month": "2016-12",
            "price": "35.75",
            "revenue": 249339
        },
        "2017-01": {
            "month": "2017-01",
            "price": "36.03",
            "revenue": 237493
        },
        "2017-02": {
            "month": "2017-02",
            "price": "36.14",
            "revenue": 247660
        },
        "2017-03": {
            "month": "2017-03",
            "price": "37.06",
            "revenue": 259132
        },
        "2017-04": {
            "month": "2017-04",
            "price": "38.43",
            "revenue": 242081
        },
        "2017-05": {
            "month": "2017-05",
            "price": "36.73",
            "revenue": 225461
        },
        "2017-06": {
            "month": "2017-06",
            "price": "36.35",
            "revenue": 228731
        },
        "2017-07": {
            "month": "2017-07",
            "price": "36.06",
            "revenue": 242728
        },
        "2017-08": {
            "month": "2017-08",
            "price": "36.35",
            "revenue": 268357
        },
        "2017-09": {
            "month": "2017-09",
            "price": "34.46",
            "revenue": 247299
        },
        "2017-10": {
            "month": "2017-10",
            "price": "35.56",
            "revenue": 262021
        },
        "2017-11": {
            "month": "2017-11",
            "price": "36.77",
            "revenue": 243518
        },
        "2017-12": {
            "month": "2017-12",
            "price": "35.98",
            "revenue": 219259
        },
        "2018-01": {
            "month": "2018-01",
            "price": "34.80",
            "revenue": 252717
        },
        "2018-02": {
            "month": "2018-02",
            "price": "34.01",
            "revenue": 164423
        },
        "2018-03": {
            "month": "2018-03",
            "price": "35.29",
            "revenue": 249686
        },
        "2018-04": {
            "month": "2018-04",
            "price": "35.59",
            "revenue": 219543
        },
        "2018-05": {
            "month": "2018-05",
            "price": "35.50",
            "revenue": 232237
        },
        "2018-06": {
            "month": "2018-06",
            "price": "35.50",
            "revenue": 238806
        },
        "2018-07": {
            "month": "2018-07",
            "price": "35.19",
            "revenue": 245532
        },
        "2018-08": {
            "month": "2018-08",
            "price": "36.19",
            "revenue": 255126
        },
        "2018-09": {
            "month": "2018-09",
            "price": "33.03",
            "revenue": 220643
        },
        "2018-10": {
            "month": "2018-10",
            "price": "30.50",
            "revenue": 236347
        },
        "2018-11": {
            "month": "2018-11",
            "price": "30.43",
            "revenue": 272149
        },
        "2018-12": {
            "month": "2018-12",
            "price": "31.70",
            "revenue": 231199
        },
        "2019-01": {
            "month": "2019-01",
            "price": "32.23",
            "revenue": 266490
        },
        "2019-02": {
            "month": "2019-02",
            "price": "34.15",
            "revenue": 159444
        },
        "2019-03": {
            "month": "2019-03",
            "price": "36.09",
            "revenue": 219178
        },
        "2019-04": {
            "month": "2019-04",
            "price": "36.65",
            "revenue": 226811
        },
        "2019-05": {
            "month": "2019-05",
            "price": "36.36",
            "revenue": 226257
        },
        "2019-06": {
            "month": "2019-06",
            "price": "36.79",
            "revenue": 207171
        },
        "2019-07": {
            "month": "2019-07",
            "price": "37.84",
            "revenue": 212027
        },
        "2019-08": {
            "month": "2019-08",
            "price": "34.58",
            "revenue": 232197
        },
        "2019-09": {
            "month": "2019-09",
            "price": "35.17",
            "revenue": 200538
        },
        "2019-10": {
            "month": "2019-10",
            "price": "34.82",
            "revenue": 254713
        },
        "2019-11": {
            "month": "2019-11",
            "price": "36.12",
            "revenue": 225639
        },
        "2019-12": {
            "month": "2019-12",
            "price": "36.10",
            "revenue": 238415
        },
        "2020-01": {
            "month": "2020-01",
            "price": "36.04",
            "revenue": 195631
        },
        "2020-02": {
            "month": "2020-02",
            "price": "36.04",
            "revenue": 169508
        },
        "2020-03": {
            "month": "2020-03",
            "price": "31.04",
            "revenue": 187752
        },
        "2020-04": {
            "month": "2020-04",
            "price": "30.83",
            "revenue": 178067
        },
        "2020-05": {
            "month": "2020-05",
            "price": "33.87",
            "revenue": 208000
        },
        "2020-06": {
            "month": "2020-06",
            "price": "33.53",
            "revenue": 174688
        },
        "2020-07": {
            "month": "2020-07",
            "price": "33.73",
            "revenue": 232602
        },
        "2020-08": {
            "month": "2020-08",
            "price": "34.42",
            "revenue": 215321
        },
        "2020-09": {
            "month": "2020-09",
            "price": "33.08",
            "revenue": 226361
        },
        "2020-10": {
            "month": "2020-10",
            "price": "32.06",
            "revenue": 211242
        },
        "2020-11": {
            "month": "2020-11",
            "price": "32.70",
            "revenue": 237362
        },
        "2020-12": {
            "month": "2020-12",
            "price": "33.47",
            "revenue": 229261
        },
        "2021-01": {
            "month": "2021-01",
            "price": "33.48",
            "revenue": 230006
        },
        "2021-02": {
            "month": "2021-02",
            "price": "33.57",
            "revenue": 148838
        },
        "2021-03": {
            "month": "2021-03",
            "price": "36.53",
            "revenue": 190555
        },
        "2021-04": {
            "month": "2021-04",
            "price": "38.56",
            "revenue": 247947
        },
        "2021-05": {
            "month": "2021-05",
            "price": "36.72",
            "revenue": 252130
        },
        "2021-06": {
            "month": "2021-06",
            "price": "37.84",
            "revenue": 227923
        },
        "2021-07": {
            "month": "2021-07",
            "price": "40.64",
            "revenue": 236843
        },
        "2021-08": {
            "month": "2021-08",
            "price": "40.31",
            "revenue": 237241
        },
        "2021-09": {
            "month": "2021-09",
            "price": "41.98",
            "revenue": 238487
        },
        "2021-10": {
            "month": "2021-10",
            "price": "41.06",
            "revenue": 218981
        },
        "2021-11": {
            "month": "2021-11",
            "price": "44.21",
            "revenue": 235273
        },
        "2021-12": {
            "month": "2021-12",
            "price": "46.10",
            "revenue": 192023
        },
        "2022-01": {
            "month": "2022-01",
            "price": "42.74",
            "revenue": 222597
        },
        "2022-02": {
            "month": "2022-02",
            "price": "42.67",
            "revenue": 162850
        },
        "2022-03": {
            "month": "2022-03",
            "price": "43.30",
            "revenue": 247531
        },
        "2022-04": {
            "month": "2022-04",
            "price": "42.76",
            "revenue": 251403
        },
        "2022-05": {
            "month": "2022-05",
            "price": "42.45",
            "revenue": 256181
        },
        "2022-06": {
            "month": "2022-06",
            "price": "42.55",
            "revenue": 226668
        },
        "2022-07": {
            "month": "2022-07",
            "price": "40.57",
            "revenue": 231808
        },
        "2022-08": {
            "month": "2022-08",
            "price": "42.60",
            "revenue": 223732
        },
        "2022-09": {
            "month": "2022-09",
            "price": "40.43",
            "revenue": 233690
        },
        "2022-10": {
            "month": "2022-10",
            "price": "38.15",
            "revenue": 190455
        },
        "2022-11": {
            "month": "2022-11",
            "price": "38.81",
            "revenue": 210246
        },
        "2022-12": {
            "month": "2022-12",
            "price": "39.52",
            "revenue": 182719
        },
        "2023-01": {
            "month": "2023-01",
            "price": "39.65",
            "revenue": 189492
        },
        "2023-02": {
            "month": "2023-02",
            "price": "41.39",
            "revenue": 152503
        },
        "2023-03": {
            "month": "2023-03",
            "price": "43.24",
            "revenue": 212491
        },
        "2023-04": {
            "month": "2023-04",
            "price": "44.16",
            "revenue": 179406
        },
        "2023-05": {
            "month": "2023-05",
            "price": "45.12",
            "revenue": 182188
        },
        "2023-06": {
            "month": "2023-06",
            "price": "46.15",
            "revenue": 176062
        },
        "2023-07": {
            "month": "2023-07",
            "price": "48.53",
            "revenue": 180881
        },
        "2023-08": {
            "month": "2023-08",
            "price": "46.18",
            "revenue": 168927
        },
        "2023-09": {
            "month": "2023-09",
            "price": "45.68",
            "revenue": 180732
        },
        "2023-10": {
            "month": "2023-10",
            "price": "45.83",
            "revenue": 184981
        },
        "2023-11": {
            "month": "2023-11",
            "price": "47.36",
            "revenue": 169849
        },
        "2023-12": {
            "month": "2023-12",
            "price": "48.60",
            "revenue": 147295
        }
    }
}
