{
    "summary": {
        "stock_name": "建準",
        "stock_id": "2421",
        "category": "電子零組件",
        "main_business": "電子零組件製造業,其他電機及電子機械器材製造業,機械設備製造業<br>發電,輸電,配電機械製造業,電器及視聽電子產品製造業,國際貿易業<br>除許可業務外，得經營法令非禁止或限制之業務",
        "website_url": "http://www.sunon.com",
        "ceo": "洪慶昇",
        "pe_ratio": 14,
        "report_year_from": 2001,
        "report_year_to": 2023,
        "age": 22,
        "eps_negative_percentage": 0,
        "eps_growth_avg": {
            "last_all": 14.01,
            "last_2y": 25.1,
            "last_4y": 16.03,
            "last_8y": 18.44,
            "last_12y": 17.65,
            "last_16y": 19.5,
            "last_20y": 14.01,
            "at_2006_last_3y": 29.69,
            "at_2007_last_3y": 37.14,
            "at_2008_last_3y": 4.72,
            "at_2009_last_3y": 25.49,
            "at_2010_last_3y": 25.49,
            "at_2011_last_3y": 22.42,
            "at_2012_last_3y": 21.07,
            "at_2013_last_3y": 15.88,
            "at_2014_last_3y": -2.92,
            "at_2015_last_3y": 8.74,
            "at_2016_last_3y": 28.44,
            "at_2017_last_3y": 21.45,
            "at_2018_last_3y": 13.25,
            "at_2019_last_3y": 12.16,
            "at_2020_last_3y": 11.06,
            "at_2021_last_3y": -4.96,
            "at_2022_last_3y": 22.04,
            "at_2023_last_3y": 22.04,
            "at_2006_last_all": 12.55,
            "at_2007_last_all": 7.6,
            "at_2008_last_all": 0.23,
            "at_2009_last_all": 8.09,
            "at_2010_last_all": 18.3,
            "at_2011_last_all": 13.53,
            "at_2012_last_all": 7.81,
            "at_2013_last_all": 10.69,
            "at_2014_last_all": 11.77,
            "at_2015_last_all": 12.16,
            "at_2016_last_all": 13.31,
            "at_2017_last_all": 13.38,
            "at_2018_last_all": 12.12,
            "at_2019_last_all": 12.16,
            "at_2020_last_all": 12.84,
            "at_2021_last_all": 9.71,
            "at_2022_last_all": 14.01,
            "at_2023_last_all": 14.01
        },
        "latest_eps": 4.84,
        "latest_price": 68.2,
        "latest_roe": 24.05,
        "latest_gross_margin": 26.45,
        "latest_equity": 5497812,
        "latest_revenue": 3075327,
        "latest_gross_profit": 813537,
        "latest_net_income": 277989,
        "latest_debt_ratio": 51.83,
        "latest_current_ratio": 160.2,
        "latest_account_receivable_turnover_ratio": 0.98,
        "latest_inventory_turnover_ratio": 0.89,
        "latest_reinvestment_rate": -5,
        "latest_research_to_sale_ratio": 6.05
    },
    "eps_dividends": {
        "1997": {
            "cash": 0,
            "stock": 2,
            "eps": 0
        },
        "1998": {
            "cash": 0,
            "stock": 2,
            "eps": 0
        },
        "1999": {
            "cash": 0,
            "stock": 2,
            "eps": 0
        },
        "2001": {
            "cash": 0,
            "stock": 2,
            "eps": 1.5
        },
        "2002": {
            "cash": 0,
            "stock": 0,
            "eps": 0.66
        },
        "2003": {
            "cash": 0,
            "stock": 1,
            "eps": 0.35
        },
        "2004": {
            "cash": 0,
            "stock": 0,
            "eps": 0.65
        },
        "2005": {
            "cash": 0,
            "stock": 0,
            "eps": 0.52
        },
        "2006": {
            "cash": 0,
            "stock": 0,
            "eps": 1.4
        },
        "2007": {
            "cash": 0,
            "stock": 1,
            "eps": 1.16
        },
        "2008": {
            "cash": 0,
            "stock": 1,
            "eps": 0.65
        },
        "2009": {
            "cash": 0,
            "stock": 1,
            "eps": 1.06
        },
        "2010": {
            "cash": 1,
            "stock": 0,
            "eps": 2.38
        },
        "2011": {
            "cash": 4,
            "stock": 0,
            "eps": 1.68
        },
        "2012": {
            "cash": 0,
            "stock": 0,
            "eps": 0.85
        },
        "2013": {
            "cash": 1,
            "stock": 0,
            "eps": 1.21
        },
        "2014": {
            "cash": 1,
            "stock": 0,
            "eps": 1.51
        },
        "2015": {
            "cash": 1,
            "stock": 0,
            "eps": 1.77
        },
        "2016": {
            "cash": 2,
            "stock": 0,
            "eps": 2.29
        },
        "2017": {
            "cash": 2,
            "stock": 0,
            "eps": 2.62
        },
        "2018": {
            "cash": 2,
            "stock": 0,
            "eps": 2.41
        },
        "2019": {
            "cash": 2,
            "stock": 0,
            "eps": 2.72
        },
        "2020": {
            "cash": 2,
            "stock": 0,
            "eps": 3.4
        },
        "2021": {
            "cash": 2,
            "stock": 0,
            "eps": 1.71
        },
        "2022": {
            "cash": 1,
            "stock": 0,
            "eps": 4.34
        },
        "2023": {
            "cash": 3,
            "stock": 0,
            "eps": 1.11
        }
    },
    "dividends": {
        "1997-04-03": {
            "cash": 0,
            "stock": 2
        },
        "1998-04-03": {
            "cash": 0,
            "stock": 2.3
        },
        "1999-05-14": {
            "cash": 0,
            "stock": 2
        },
        "2001-05-30": {
            "cash": 0,
            "stock": 2
        },
        "2002-05-28": {
            "cash": 0.3,
            "stock": 0
        },
        "2003-03-14": {
            "cash": 0.1,
            "stock": 0.9
        },
        "2004-03-29": {
            "cash": 0.3,
            "stock": 0
        },
        "2005-04-07": {
            "cash": 0.3,
            "stock": 0.2
        },
        "2006-06-16": {
            "cash": 0.1,
            "stock": 0.3
        },
        "2007-03-30": {
            "cash": 0.48,
            "stock": 0.58
        },
        "2008-03-28": {
            "cash": 0.2,
            "stock": 0.6
        },
        "2009-03-11": {
            "cash": 0.2,
            "stock": 0.5
        },
        "2010-03-22": {
            "cash": 0.95,
            "stock": 0
        },
        "2011-01-01": {
            "cash": 1.54,
            "stock": 0
        },
        "2011-03-04": {
            "cash": 2,
            "stock": 0
        },
        "2013-03-08": {
            "cash": 1,
            "stock": 0
        },
        "2014-06-04": {
            "cash": 1,
            "stock": 0
        },
        "2015-07-16": {
            "cash": 1.2,
            "stock": 0
        },
        "2016-07-15": {
            "cash": 1.5,
            "stock": 0
        },
        "2017-07-20": {
            "cash": 2,
            "stock": 0
        },
        "2018-07-12": {
            "cash": 2.3,
            "stock": 0
        },
        "2019-08-07": {
            "cash": 2,
            "stock": 0
        },
        "2020-08-03": {
            "cash": 2,
            "stock": 0
        },
        "2021-08-19": {
            "cash": 2.4,
            "stock": 0
        },
        "2022-07-21": {
            "cash": 1.2,
            "stock": 0
        },
        "2023-03-09": {
            "cash": 2.6,
            "stock": 0
        }
    },
    "prices": {
        "200101": "17.24",
        "200102": "22.44",
        "200103": "31.07",
        "200104": "49.46",
        "200105": "46.68",
        "200106": "47.12",
        "200107": "31.49",
        "200108": "31.80",
        "200109": "25.36",
        "200110": "24.16",
        "200111": "28.36",
        "200112": "33.04",
        "200201": "34.64",
        "200202": "32.76",
        "200203": "35.18",
        "200204": "39.30",
        "200205": "34.94",
        "200206": "31.45",
        "200207": "27.19",
        "200208": "26.39",
        "200209": "21.70",
        "200210": "22.35",
        "200211": "21.98",
        "200212": "19.90",
        "200301": "19.58",
        "200302": "18.96",
        "200303": "17.43",
        "200304": "17.40",
        "200305": "16.70",
        "200306": "19.50",
        "200307": "19.14",
        "200308": "16.70",
        "200309": "15.59",
        "200310": "15.93",
        "200311": "16.55",
        "200312": "16.93",
        "200401": "18.09",
        "200402": "17.93",
        "200403": "17.53",
        "200404": "17.14",
        "200405": "16.16",
        "200406": "15.45",
        "200407": "14.30",
        "200408": "13.67",
        "200409": "15.17",
        "200410": "14.46",
        "200411": "13.95",
        "200412": "13.72",
        "200501": "13.40",
        "200502": "13.92",
        "200503": "14.04",
        "200504": "13.02",
        "200505": "12.15",
        "200506": "13.25",
        "200507": "13.92",
        "200508": "13.17",
        "200509": "12.49",
        "200510": "11.38",
        "200511": "11.75",
        "200512": "13.51",
        "200601": "14.37",
        "200602": "13.86",
        "200603": "14.88",
        "200604": "16.17",
        "200605": "14.79",
        "200606": "13.37",
        "200607": "14.00",
        "200608": "14.88",
        "200609": "14.98",
        "200610": "17.40",
        "200611": "19.09",
        "200612": "21.71",
        "200701": "24.60",
        "200702": "22.60",
        "200703": "22.73",
        "200704": "23.65",
        "200705": "22.68",
        "200706": "23.72",
        "200707": "27.51",
        "200708": "23.87",
        "200709": "21.31",
        "200710": "20.80",
        "200711": "18.43",
        "200712": "17.04",
        "200801": "17.63",
        "200802": "18.45",
        "200803": "17.95",
        "200804": "17.95",
        "200805": "17.05",
        "200806": "15.72",
        "200807": "15.40",
        "200808": "18.89",
        "200809": "18.12",
        "200810": "17.54",
        "200811": "18.52",
        "200812": "17.79",
        "200901": "17.43",
        "200902": "18.63",
        "200903": "21.93",
        "200904": "21.01",
        "200905": "18.96",
        "200906": "18.35",
        "200907": "18.08",
        "200908": "18.97",
        "200909": "18.57",
        "200910": "19.79",
        "200911": "23.78",
        "200912": "28.22",
        "201001": "27.22",
        "201002": "26.24",
        "201003": "28.07",
        "201004": "27.60",
        "201005": "28.39",
        "201006": "27.13",
        "201007": "26.52",
        "201008": "26.53",
        "201009": "26.60",
        "201010": "26.68",
        "201011": "26.31",
        "201012": "27.17",
        "201101": "27.23",
        "201102": "25.36",
        "201103": "24.47",
        "201104": "25.01",
        "201105": "24.39",
        "201106": "25.89",
        "201107": "24.72",
        "201108": "26.19",
        "201109": "26.12",
        "201110": "26.29",
        "201111": "26.47",
        "201112": "26.31",
        "201201": "25.65",
        "201202": "25.00",
        "201203": "22.99",
        "201204": "20.80",
        "201205": "20.53",
        "201206": "20.82",
        "201207": "20.23",
        "201208": "18.55",
        "201209": "18.42",
        "201210": "17.78",
        "201211": "17.41",
        "201212": "17.72",
        "201301": "17.90",
        "201302": "18.73",
        "201303": "19.25",
        "201304": "18.89",
        "201305": "18.85",
        "201306": "18.18",
        "201307": "17.25",
        "201308": "17.05",
        "201309": "17.02",
        "201310": "16.80",
        "201311": "17.07",
        "201312": "18.34",
        "201401": "20.43",
        "201402": "22.03",
        "201403": "21.69",
        "201404": "21.85",
        "201405": "22.82",
        "201406": "22.58",
        "201407": "21.48",
        "201408": "20.93",
        "201409": "20.46",
        "201410": "20.25",
        "201411": "19.19",
        "201412": "19.26",
        "201501": "20.42",
        "201502": "20.25",
        "201503": "21.40",
        "201504": "21.98",
        "201505": "20.27",
        "201506": "17.96",
        "201507": "16.09",
        "201508": "14.04",
        "201509": "15.03",
        "201510": "16.75",
        "201511": "17.22",
        "201512": "17.55",
        "201601": "17.89",
        "201602": "22.02",
        "201603": "24.01",
        "201604": "24.30",
        "201605": "21.60",
        "201606": "20.97",
        "201607": "23.21",
        "201608": "26.60",
        "201609": "26.12",
        "201610": "24.18",
        "201611": "23.22",
        "201612": "25.56",
        "201701": "28.78",
        "201702": "31.78",
        "201703": "30.18",
        "201704": "31.73",
        "201705": "33.02",
        "201706": "38.40",
        "201707": "41.36",
        "201708": "48.93",
        "201709": "51.54",
        "201710": "61.14",
        "201711": "63.31",
        "201712": "52.77",
        "201801": "53.36",
        "201802": "52.38",
        "201803": "48.48",
        "201804": "40.97",
        "201805": "39.32",
        "201806": "43.40",
        "201807": "43.38",
        "201808": "43.98",
        "201809": "45.17",
        "201810": "37.01",
        "201811": "35.43",
        "201812": "38.97",
        "201901": "37.48",
        "201902": "39.45",
        "201903": "37.87",
        "201904": "36.98",
        "201905": "32.34",
        "201906": "32.19",
        "201907": "33.11",
        "201908": "38.21",
        "201909": "38.82",
        "201910": "37.96",
        "201911": "42.40",
        "201912": "44.41",
        "202001": "44.72",
        "202002": "41.50",
        "202003": "34.15",
        "202004": "36.83",
        "202005": "49.01",
        "202006": "50.99",
        "202007": "51.94",
        "202008": "61.80",
        "202009": "61.75",
        "202010": "62.32",
        "202011": "54.98",
        "202012": "53.00",
        "202101": "52.48",
        "202102": "54.63",
        "202103": "52.73",
        "202104": "52.71",
        "202105": "44.25",
        "202106": "45.18",
        "202107": "45.59",
        "202108": "39.08",
        "202109": "39.17",
        "202110": "37.58",
        "202111": "40.66",
        "202112": "41.78",
        "202201": "43.78",
        "202202": "46.32",
        "202203": "43.08",
        "202204": "39.45",
        "202205": "37.01",
        "202206": "36.89",
        "202207": "34.96",
        "202208": "42.58",
        "202209": "39.50",
        "202210": "39.76",
        "202211": "44.75",
        "202212": "45.50",
        "202301": "42.27",
        "202302": "42.82",
        "202303": "47.93",
        "202304": "52.85",
        "202305": "63.13"
    },
    "quarters": {
        "20011": {
            "year_quarter": 20011,
            "year": 2001,
            "quarter": 1,
            "eps": 0.61,
            "eps_growth_year": 24.49,
            "eps_4q": 1.75,
            "eps_4q_growth_year": -21.88,
            "roe": 4.01,
            "roe_4q": 4.01,
            "gross_profit": 189437,
            "gross_margin": 26.09,
            "gross_margin_4q_avg": 26.09,
            "net_income": 72353,
            "revenue": 725971,
            "common_shares": 1209820,
            "book_valuer_per_share": 15.21,
            "book_valuer_per_share_4q_avg": 15.21,
            "equity": 1839893,
            "current_ratio": 228.14,
            "debt_ratio": 43.15,
            "inventory_turnover_ratio": 0.69,
            "account_receivable_turnover_ratio": null,
            "reinvestment_rate": null,
            "research_to_sale_ratio": null,
            "price_fair": 0,
            "eps_avg_yearly": 0,
            "eps_latest_yearly": 0,
            "eps_growth_yearly": 0
        },
        "20012": {
            "year_quarter": 20012,
            "year": 2001,
            "quarter": 2,
            "eps": 0.61,
            "eps_growth_year": 10.91,
            "eps_4q": 1.88,
            "eps_4q_growth_year": -8.57,
            "roe": 3.61,
            "roe_4q": 7.619999999999999,
            "gross_profit": 178915,
            "gross_margin": 26.52,
            "gross_margin_4q_avg": 26.31,
            "net_income": 74161,
            "revenue": 674582,
            "common_shares": 1209820,
            "book_valuer_per_share": 18.75,
            "book_valuer_per_share_4q_avg": 16.98,
            "equity": 2269002,
            "current_ratio": 246.03,
            "debt_ratio": 31.17,
            "inventory_turnover_ratio": 0.61,
            "account_receivable_turnover_ratio": null,
            "reinvestment_rate": null,
            "research_to_sale_ratio": null,
            "price_fair": 0,
            "eps_avg_yearly": 0,
            "eps_latest_yearly": 0,
            "eps_growth_yearly": 0
        },
        "20013": {
            "year_quarter": 20013,
            "year": 2001,
            "quarter": 3,
            "eps": 0.01,
            "eps_growth_year": -90.91,
            "eps_4q": 1.39,
            "eps_4q_growth_year": -26.65,
            "roe": 0.05,
            "roe_4q": 7.67,
            "gross_profit": 150525,
            "gross_margin": 24.15,
            "gross_margin_4q_avg": 25.59,
            "net_income": 1206,
            "revenue": 623276,
            "common_shares": 1576543,
            "book_valuer_per_share": 14.85,
            "book_valuer_per_share_4q_avg": 16.27,
            "equity": 2340404,
            "current_ratio": 274.84,
            "debt_ratio": 25.71,
            "inventory_turnover_ratio": 0.61,
            "account_receivable_turnover_ratio": null,
            "reinvestment_rate": null,
            "research_to_sale_ratio": null,
            "price_fair": 0,
            "eps_avg_yearly": 0,
            "eps_latest_yearly": 0,
            "eps_growth_yearly": 0
        },
        "20014": {
            "year_quarter": 20014,
            "year": 2001,
            "quarter": 4,
            "eps": 0.27,
            "eps_growth_year": -55,
            "eps_4q": 1.24,
            "eps_4q_growth_year": -17.97,
            "roe": 1.73,
            "roe_4q": 9.399999999999999,
            "gross_profit": 127389,
            "gross_margin": 18.84,
            "gross_margin_4q_avg": 23.9,
            "net_income": 40935,
            "revenue": 676109,
            "common_shares": 1605413,
            "book_valuer_per_share": 14.92,
            "book_valuer_per_share_4q_avg": 15.93,
            "equity": 2396049,
            "current_ratio": 248.12,
            "debt_ratio": 28.15,
            "inventory_turnover_ratio": 0.75,
            "account_receivable_turnover_ratio": null,
            "reinvestment_rate": null,
            "research_to_sale_ratio": null,
            "price_fair": 0,
            "eps_avg_yearly": 0,
            "eps_latest_yearly": 0,
            "eps_growth_yearly": 0
        },
        "20021": {
            "year_quarter": 20021,
            "year": 2002,
            "quarter": 1,
            "eps": 0.29,
            "eps_growth_year": -52.46,
            "eps_4q": 1,
            "eps_4q_growth_year": -42.76,
            "roe": 1.96,
            "roe_4q": 7.35,
            "gross_profit": 154553,
            "gross_margin": 21.22,
            "gross_margin_4q_avg": 22.68,
            "net_income": 47453,
            "revenue": 728389,
            "common_shares": 1605413,
            "book_valuer_per_share": 15.22,
            "book_valuer_per_share_4q_avg": 15.94,
            "equity": 2443625,
            "current_ratio": 234.79,
            "debt_ratio": 28.34,
            "inventory_turnover_ratio": 0.8,
            "account_receivable_turnover_ratio": null,
            "reinvestment_rate": null,
            "research_to_sale_ratio": null,
            "price_fair": 40.6,
            "eps_avg_yearly": 1.16,
            "eps_latest_yearly": 1.16,
            "eps_growth_yearly": 29.63
        },
        "20022": {
            "year_quarter": 20022,
            "year": 2002,
            "quarter": 2,
            "eps": 0.01,
            "eps_growth_year": -98.36,
            "eps_4q": 0.57,
            "eps_4q_growth_year": -69.69,
            "roe": 0.08,
            "roe_4q": 3.82,
            "gross_profit": 191778,
            "gross_margin": 24.3,
            "gross_margin_4q_avg": 22.13,
            "net_income": 2025,
            "revenue": 789333,
            "common_shares": 1605413,
            "book_valuer_per_share": 15.19,
            "book_valuer_per_share_4q_avg": 15.05,
            "equity": 2439383,
            "current_ratio": 202.99,
            "debt_ratio": 32.91,
            "inventory_turnover_ratio": 0.79,
            "account_receivable_turnover_ratio": null,
            "reinvestment_rate": null,
            "research_to_sale_ratio": null,
            "price_fair": 1.8,
            "eps_avg_yearly": 0.6,
            "eps_latest_yearly": 0.04,
            "eps_growth_yearly": -178.29
        },
        "20023": {
            "year_quarter": 20023,
            "year": 2002,
            "quarter": 3,
            "eps": 0.26,
            "eps_growth_year": 2500,
            "eps_4q": 0.77,
            "eps_4q_growth_year": -45.12,
            "roe": 1.9,
            "roe_4q": 5.67,
            "gross_profit": 182878,
            "gross_margin": 21.46,
            "gross_margin_4q_avg": 21.46,
            "net_income": 46523,
            "revenue": 852211,
            "common_shares": 1803231,
            "book_valuer_per_share": 13.68,
            "book_valuer_per_share_4q_avg": 14.75,
            "equity": 2466697,
            "current_ratio": 203.5,
            "debt_ratio": 31.53,
            "inventory_turnover_ratio": 0.87,
            "account_receivable_turnover_ratio": null,
            "reinvestment_rate": null,
            "research_to_sale_ratio": null,
            "price_fair": 26.13,
            "eps_avg_yearly": 0.75,
            "eps_latest_yearly": 1.04,
            "eps_growth_yearly": 3214.47
        },
        "20024": {
            "year_quarter": 20024,
            "year": 2002,
            "quarter": 4,
            "eps": 0.1,
            "eps_growth_year": -62.96,
            "eps_4q": 0.62,
            "eps_4q_growth_year": -49.81,
            "roe": 0.74,
            "roe_4q": 4.68,
            "gross_profit": 206879,
            "gross_margin": 25.08,
            "gross_margin_4q_avg": 23.02,
            "net_income": 18303,
            "revenue": 824767,
            "common_shares": 1809005,
            "book_valuer_per_share": 13.64,
            "book_valuer_per_share_4q_avg": 14.43,
            "equity": 2467854,
            "current_ratio": 190.1,
            "debt_ratio": 34.42,
            "inventory_turnover_ratio": 0.79,
            "account_receivable_turnover_ratio": null,
            "reinvestment_rate": 33.36,
            "research_to_sale_ratio": null,
            "price_fair": 23.1,
            "eps_avg_yearly": 0.66,
            "eps_latest_yearly": 0.4,
            "eps_growth_yearly": 2349.32
        },
        "20031": {
            "year_quarter": 20031,
            "year": 2003,
            "quarter": 1,
            "eps": 0.23,
            "eps_growth_year": -20.69,
            "eps_4q": 0.61,
            "eps_4q_growth_year": -39.29,
            "roe": 1.64,
            "roe_4q": 4.359999999999999,
            "gross_profit": 172990,
            "gross_margin": 22.85,
            "gross_margin_4q_avg": 23.42,
            "net_income": 40720,
            "revenue": 757225,
            "common_shares": 1809099,
            "book_valuer_per_share": 13.87,
            "book_valuer_per_share_4q_avg": 14.1,
            "equity": 2509011,
            "current_ratio": 204.57,
            "debt_ratio": 30.13,
            "inventory_turnover_ratio": 0.72,
            "account_receivable_turnover_ratio": null,
            "reinvestment_rate": 24.68,
            "research_to_sale_ratio": null,
            "price_fair": 24.92,
            "eps_avg_yearly": 0.71,
            "eps_latest_yearly": 0.92,
            "eps_growth_yearly": 1983.45
        },
        "20032": {
            "year_quarter": 20032,
            "year": 2003,
            "quarter": 2,
            "eps": 0.06,
            "eps_growth_year": 500,
            "eps_4q": 0.63,
            "eps_4q_growth_year": 9.54,
            "roe": 0.45,
            "roe_4q": 4.73,
            "gross_profit": 194764,
            "gross_margin": 23.11,
            "gross_margin_4q_avg": 23.13,
            "net_income": 11206,
            "revenue": 842793,
            "common_shares": 1809099,
            "book_valuer_per_share": 13.68,
            "book_valuer_per_share_4q_avg": 13.72,
            "equity": 2475234,
            "current_ratio": 227.53,
            "debt_ratio": 37.63,
            "inventory_turnover_ratio": 0.82,
            "account_receivable_turnover_ratio": null,
            "reinvestment_rate": 25.46,
            "research_to_sale_ratio": null,
            "price_fair": 22.17,
            "eps_avg_yearly": 0.63,
            "eps_latest_yearly": 0.24,
            "eps_growth_yearly": 1603.6
        },
        "20033": {
            "year_quarter": 20033,
            "year": 2003,
            "quarter": 3,
            "eps": 0.17,
            "eps_growth_year": -34.62,
            "eps_4q": 0.53,
            "eps_4q_growth_year": -31.11,
            "roe": 1.34,
            "roe_4q": 4.17,
            "gross_profit": 242616,
            "gross_margin": 27.67,
            "gross_margin_4q_avg": 24.68,
            "net_income": 33420,
            "revenue": 876683,
            "common_shares": 1960001,
            "book_valuer_per_share": 12.77,
            "book_valuer_per_share_4q_avg": 13.49,
            "equity": 2502153,
            "current_ratio": 249.9,
            "debt_ratio": 35.12,
            "inventory_turnover_ratio": 0.84,
            "account_receivable_turnover_ratio": null,
            "reinvestment_rate": 24.87,
            "research_to_sale_ratio": null,
            "price_fair": 22.4,
            "eps_avg_yearly": 0.64,
            "eps_latest_yearly": 0.68,
            "eps_growth_yearly": 1479.28
        },
        "20034": {
            "year_quarter": 20034,
            "year": 2003,
            "quarter": 4,
            "eps": -0.11,
            "eps_growth_year": -210,
            "eps_4q": 0.33,
            "eps_4q_growth_year": -47.16,
            "roe": -0.84,
            "roe_4q": 2.59,
            "gross_profit": 248237,
            "gross_margin": 25.85,
            "gross_margin_4q_avg": 24.87,
            "net_income": -20932,
            "revenue": 960250,
            "common_shares": 1960001,
            "book_valuer_per_share": 12.64,
            "book_valuer_per_share_4q_avg": 13.24,
            "equity": 2477395,
            "current_ratio": 253.62,
            "debt_ratio": 36.22,
            "inventory_turnover_ratio": 0.95,
            "account_receivable_turnover_ratio": null,
            "reinvestment_rate": 58.01,
            "research_to_sale_ratio": null,
            "price_fair": 22.4,
            "eps_avg_yearly": 0.64,
            "eps_latest_yearly": 0.68,
            "eps_growth_yearly": 1479.28
        },
        "20041": {
            "year_quarter": 20041,
            "year": 2004,
            "quarter": 1,
            "eps": 0.32,
            "eps_growth_year": 39.13,
            "eps_4q": 0.44,
            "eps_4q_growth_year": -27.49,
            "roe": 2.53,
            "roe_4q": 3.4800000000000004,
            "gross_profit": 273956,
            "gross_margin": 27.6,
            "gross_margin_4q_avg": 26.06,
            "net_income": 62881,
            "revenue": 992565,
            "common_shares": 1960001,
            "book_valuer_per_share": 12.74,
            "book_valuer_per_share_4q_avg": 12.96,
            "equity": 2497265,
            "current_ratio": 212.33,
            "debt_ratio": 39.93,
            "inventory_turnover_ratio": 0.92,
            "account_receivable_turnover_ratio": null,
            "reinvestment_rate": 30.32,
            "research_to_sale_ratio": null,
            "price_fair": 22.4,
            "eps_avg_yearly": 0.64,
            "eps_latest_yearly": 0.68,
            "eps_growth_yearly": 1479.28
        },
        "20042": {
            "year_quarter": 20042,
            "year": 2004,
            "quarter": 2,
            "eps": 0.4,
            "eps_growth_year": 566.67,
            "eps_4q": 0.79,
            "eps_4q_growth_year": 25.83,
            "roe": 3.12,
            "roe_4q": 6.15,
            "gross_profit": 284074,
            "gross_margin": 26.6,
            "gross_margin_4q_avg": 26.93,
            "net_income": 77984,
            "revenue": 1067877,
            "common_shares": 1960001,
            "book_valuer_per_share": 12.78,
            "book_valuer_per_share_4q_avg": 12.73,
            "equity": 2505507,
            "current_ratio": 187.16,
            "debt_ratio": 43.32,
            "inventory_turnover_ratio": 0.97,
            "account_receivable_turnover_ratio": null,
            "reinvestment_rate": 41.91,
            "research_to_sale_ratio": null,
            "price_fair": 26.6,
            "eps_avg_yearly": 0.76,
            "eps_latest_yearly": 1.6,
            "eps_growth_yearly": 1306.87
        },
        "20043": {
            "year_quarter": 20043,
            "year": 2004,
            "quarter": 3,
            "eps": 0.27,
            "eps_growth_year": 58.82,
            "eps_4q": 0.89,
            "eps_4q_growth_year": 69.09,
            "roe": 2.06,
            "roe_4q": 6.869999999999999,
            "gross_profit": 330611,
            "gross_margin": 29.2,
            "gross_margin_4q_avg": 27.31,
            "net_income": 52101,
            "revenue": 1132354,
            "common_shares": 1960001,
            "book_valuer_per_share": 13.06,
            "book_valuer_per_share_4q_avg": 12.81,
            "equity": 2560165,
            "current_ratio": 178.68,
            "debt_ratio": 43.47,
            "inventory_turnover_ratio": 0.91,
            "account_receivable_turnover_ratio": null,
            "reinvestment_rate": 36.14,
            "research_to_sale_ratio": null,
            "price_fair": 27.84,
            "eps_avg_yearly": 0.8,
            "eps_latest_yearly": 1.08,
            "eps_growth_yearly": 1147.22
        },
        "20044": {
            "year_quarter": 20044,
            "year": 2004,
            "quarter": 4,
            "eps": -0.34,
            "eps_growth_year": null,
            "eps_4q": 0.65,
            "eps_4q_growth_year": 96.97,
            "roe": -2.65,
            "roe_4q": 5.0600000000000005,
            "gross_profit": 265595,
            "gross_margin": 26.19,
            "gross_margin_4q_avg": 27.4,
            "net_income": -66621,
            "revenue": 1014222,
            "common_shares": 1960001,
            "book_valuer_per_share": 12.6,
            "book_valuer_per_share_4q_avg": 12.8,
            "equity": 2469217,
            "current_ratio": 187.43,
            "debt_ratio": 42.91,
            "inventory_turnover_ratio": 0.76,
            "account_receivable_turnover_ratio": null,
            "reinvestment_rate": 82.35,
            "research_to_sale_ratio": null,
            "price_fair": 27.84,
            "eps_avg_yearly": 0.8,
            "eps_latest_yearly": 1.08,
            "eps_growth_yearly": 1147.22
        },
        "20051": {
            "year_quarter": 20051,
            "year": 2005,
            "quarter": 1,
            "eps": 0.1,
            "eps_growth_year": -68.75,
            "eps_4q": 0.43,
            "eps_4q_growth_year": -2.53,
            "roe": 0.78,
            "roe_4q": 3.3100000000000005,
            "gross_profit": 189200,
            "gross_margin": 21.4,
            "gross_margin_4q_avg": 25.85,
            "net_income": 19265,
            "revenue": 884148,
            "common_shares": 1960001,
            "book_valuer_per_share": 12.67,
            "book_valuer_per_share_4q_avg": 12.78,
            "equity": 2483949,
            "current_ratio": 174.87,
            "debt_ratio": 41.57,
            "inventory_turnover_ratio": 0.67,
            "account_receivable_turnover_ratio": null,
            "reinvestment_rate": 50.3,
            "research_to_sale_ratio": null,
            "price_fair": 27.84,
            "eps_avg_yearly": 0.8,
            "eps_latest_yearly": 1.08,
            "eps_growth_yearly": 1147.22
        },
        "20052": {
            "year_quarter": 20052,
            "year": 2005,
            "quarter": 2,
            "eps": 0,
            "eps_growth_year": -100,
            "eps_4q": 0.03,
            "eps_4q_growth_year": -96.55,
            "roe": 0.02,
            "roe_4q": 0.2100000000000002,
            "gross_profit": 218319,
            "gross_margin": 20.53,
            "gross_margin_4q_avg": 24.33,
            "net_income": 579,
            "revenue": 1063629,
            "common_shares": 1960001,
            "book_valuer_per_share": 12.37,
            "book_valuer_per_share_4q_avg": 12.68,
            "equity": 2425353,
            "current_ratio": 153.89,
            "debt_ratio": 43.8,
            "inventory_turnover_ratio": 0.84,
            "account_receivable_turnover_ratio": null,
            "reinvestment_rate": 60.27,
            "research_to_sale_ratio": null,
            "price_fair": 27.84,
            "eps_avg_yearly": 0.8,
            "eps_latest_yearly": 1.08,
            "eps_growth_yearly": 1147.22
        },
        "20053": {
            "year_quarter": 20053,
            "year": 2005,
            "quarter": 3,
            "eps": 0.27,
            "eps_growth_year": 0,
            "eps_4q": 0.02,
            "eps_4q_growth_year": -97.35,
            "roe": 2.08,
            "roe_4q": 0.22999999999999998,
            "gross_profit": 268550,
            "gross_margin": 21.57,
            "gross_margin_4q_avg": 22.42,
            "net_income": 51267,
            "revenue": 1244791,
            "common_shares": 1960001,
            "book_valuer_per_share": 12.8,
            "book_valuer_per_share_4q_avg": 12.61,
            "equity": 2509641,
            "current_ratio": 152.29,
            "debt_ratio": 44.05,
            "inventory_turnover_ratio": 0.99,
            "account_receivable_turnover_ratio": null,
            "reinvestment_rate": 51.15,
            "research_to_sale_ratio": null,
            "price_fair": 27.84,
            "eps_avg_yearly": 0.8,
            "eps_latest_yearly": 1.08,
            "eps_growth_yearly": 1147.22
        },
        "20054": {
            "year_quarter": 20054,
            "year": 2005,
            "quarter": 4,
            "eps": 0.15,
            "eps_growth_year": null,
            "eps_4q": 0.52,
            "eps_4q_growth_year": -20.73,
            "roe": 1.14,
            "roe_4q": 4.02,
            "gross_profit": 192801,
            "gross_margin": 14.15,
            "gross_margin_4q_avg": 19.41,
            "net_income": 29205,
            "revenue": 1362105,
            "common_shares": 1998601,
            "book_valuer_per_share": 12.55,
            "book_valuer_per_share_4q_avg": 12.6,
            "equity": 2593158,
            "current_ratio": 152.79,
            "debt_ratio": 50.23,
            "inventory_turnover_ratio": 1.05,
            "account_receivable_turnover_ratio": null,
            "reinvestment_rate": 182.93,
            "research_to_sale_ratio": null,
            "price_fair": 27.16,
            "eps_avg_yearly": 0.78,
            "eps_latest_yearly": 0.6,
            "eps_growth_yearly": 1014.72
        },
        "20061": {
            "year_quarter": 20061,
            "year": 2006,
            "quarter": 1,
            "eps": 0.24,
            "eps_growth_year": 140,
            "eps_4q": 0.65,
            "eps_4q_growth_year": 50.91,
            "roe": 1.85,
            "roe_4q": 5.09,
            "gross_profit": 208528,
            "gross_margin": 17.37,
            "gross_margin_4q_avg": 18.41,
            "net_income": 47674,
            "revenue": 1200541,
            "common_shares": 1998601,
            "book_valuer_per_share": 12.76,
            "book_valuer_per_share_4q_avg": 12.62,
            "equity": 2549923,
            "current_ratio": 141.84,
            "debt_ratio": 47.13,
            "inventory_turnover_ratio": 0.9,
            "account_receivable_turnover_ratio": null,
            "reinvestment_rate": 65.46,
            "research_to_sale_ratio": null,
            "price_fair": 26.46,
            "eps_avg_yearly": 0.76,
            "eps_latest_yearly": 0.96,
            "eps_growth_yearly": 1035.75
        },
        "20062": {
            "year_quarter": 20062,
            "year": 2006,
            "quarter": 2,
            "eps": 0.5,
            "eps_growth_year": null,
            "eps_4q": 1.14,
            "eps_4q_growth_year": 4082.29,
            "roe": 3.89,
            "roe_4q": 8.96,
            "gross_profit": 281125,
            "gross_margin": 21.07,
            "gross_margin_4q_avg": 18.54,
            "net_income": 100738,
            "revenue": 1334484,
            "common_shares": 1998601,
            "book_valuer_per_share": 13.18,
            "book_valuer_per_share_4q_avg": 12.82,
            "equity": 2634061,
            "current_ratio": 153.22,
            "debt_ratio": 44.98,
            "inventory_turnover_ratio": 1.13,
            "account_receivable_turnover_ratio": null,
            "reinvestment_rate": 48.57,
            "research_to_sale_ratio": null,
            "price_fair": 33.32,
            "eps_avg_yearly": 0.95,
            "eps_latest_yearly": 2,
            "eps_growth_yearly": 1117.71
        },
        "20063": {
            "year_quarter": 20063,
            "year": 2006,
            "quarter": 3,
            "eps": 0.61,
            "eps_growth_year": 125.93,
            "eps_4q": 1.49,
            "eps_4q_growth_year": 6213.84,
            "roe": 4.54,
            "roe_4q": 11.42,
            "gross_profit": 300220,
            "gross_margin": 20.35,
            "gross_margin_4q_avg": 18.24,
            "net_income": 122698,
            "revenue": 1475117,
            "common_shares": 2057659,
            "book_valuer_per_share": 13.47,
            "book_valuer_per_share_4q_avg": 12.99,
            "equity": 2771295,
            "current_ratio": 156.26,
            "debt_ratio": 43.62,
            "inventory_turnover_ratio": 1.37,
            "account_receivable_turnover_ratio": null,
            "reinvestment_rate": 39.15,
            "research_to_sale_ratio": null,
            "price_fair": 38.22,
            "eps_avg_yearly": 1.09,
            "eps_latest_yearly": 2.44,
            "eps_growth_yearly": 126.51
        },
        "20064": {
            "year_quarter": 20064,
            "year": 2006,
            "quarter": 4,
            "eps": 0.05,
            "eps_growth_year": -66.67,
            "eps_4q": 1.27,
            "eps_4q_growth_year": 146.73,
            "roe": 0.39,
            "roe_4q": 10.67,
            "gross_profit": 253451,
            "gross_margin": 18.74,
            "gross_margin_4q_avg": 19.38,
            "net_income": 11100,
            "revenue": 1352631,
            "common_shares": 2057659,
            "book_valuer_per_share": 13.9,
            "book_valuer_per_share_4q_avg": 13.33,
            "equity": 2967736,
            "current_ratio": 184.67,
            "debt_ratio": 46.86,
            "inventory_turnover_ratio": 1.14,
            "account_receivable_turnover_ratio": null,
            "reinvestment_rate": 141.83,
            "research_to_sale_ratio": null,
            "price_fair": 37.52,
            "eps_avg_yearly": 1.07,
            "eps_latest_yearly": 0.2,
            "eps_growth_yearly": 114.4
        },
        "20071": {
            "year_quarter": 20071,
            "year": 2007,
            "quarter": 1,
            "eps": 0.29,
            "eps_growth_year": 20.83,
            "eps_4q": 1.43,
            "eps_4q_growth_year": 120.7,
            "roe": 2.01,
            "roe_4q": 10.83,
            "gross_profit": 245389,
            "gross_margin": 21.11,
            "gross_margin_4q_avg": 20.32,
            "net_income": 59653,
            "revenue": 1162405,
            "common_shares": 2069910,
            "book_valuer_per_share": 14.28,
            "book_valuer_per_share_4q_avg": 13.71,
            "equity": 2956241,
            "current_ratio": 187.29,
            "debt_ratio": 36.26,
            "inventory_turnover_ratio": 0.98,
            "account_receivable_turnover_ratio": null,
            "reinvestment_rate": 30.51,
            "research_to_sale_ratio": null,
            "price_fair": 38.36,
            "eps_avg_yearly": 1.1,
            "eps_latest_yearly": 1.16,
            "eps_growth_yearly": 254.4
        },
        "20072": {
            "year_quarter": 20072,
            "year": 2007,
            "quarter": 2,
            "eps": 0.27,
            "eps_growth_year": -46,
            "eps_4q": 1.1,
            "eps_4q_growth_year": -3.12,
            "roe": 2.12,
            "roe_4q": 9.059999999999999,
            "gross_profit": 271076,
            "gross_margin": 20.56,
            "gross_margin_4q_avg": 20.19,
            "net_income": 62886,
            "revenue": 1318569,
            "common_shares": 2100119,
            "book_valuer_per_share": 14.13,
            "book_valuer_per_share_4q_avg": 13.95,
            "equity": 2968202,
            "current_ratio": 182.77,
            "debt_ratio": 36.62,
            "inventory_turnover_ratio": 1.4,
            "account_receivable_turnover_ratio": null,
            "reinvestment_rate": 27.51,
            "research_to_sale_ratio": null,
            "price_fair": 41.3,
            "eps_avg_yearly": 1.18,
            "eps_latest_yearly": 1.08,
            "eps_growth_yearly": 281.21
        },
        "20073": {
            "year_quarter": 20073,
            "year": 2007,
            "quarter": 3,
            "eps": 0.65,
            "eps_growth_year": 6.56,
            "eps_4q": 1.26,
            "eps_4q_growth_year": -15.59,
            "roe": 4.6,
            "roe_4q": 9.120000000000001,
            "gross_profit": 311772,
            "gross_margin": 18.68,
            "gross_margin_4q_avg": 19.77,
            "net_income": 142342,
            "revenue": 1668862,
            "common_shares": 2230063,
            "book_valuer_per_share": 14.43,
            "book_valuer_per_share_4q_avg": 14.19,
            "equity": 3218858,
            "current_ratio": 169.9,
            "debt_ratio": 38.79,
            "inventory_turnover_ratio": 1.66,
            "account_receivable_turnover_ratio": null,
            "reinvestment_rate": 2.27,
            "research_to_sale_ratio": null,
            "price_fair": 48.02,
            "eps_avg_yearly": 1.37,
            "eps_latest_yearly": 2.6,
            "eps_growth_yearly": 264.17
        },
        "20074": {
            "year_quarter": 20074,
            "year": 2007,
            "quarter": 4,
            "eps": -0.05,
            "eps_growth_year": -200,
            "eps_4q": 1.05,
            "eps_4q_growth_year": -17.77,
            "roe": -0.31,
            "roe_4q": 8.42,
            "gross_profit": 237050,
            "gross_margin": 15.93,
            "gross_margin_4q_avg": 19.07,
            "net_income": -10200,
            "revenue": 1488237,
            "common_shares": 2313064,
            "book_valuer_per_share": 14.16,
            "book_valuer_per_share_4q_avg": 14.25,
            "equity": 3411889,
            "current_ratio": 163.38,
            "debt_ratio": 46.43,
            "inventory_turnover_ratio": 1.21,
            "account_receivable_turnover_ratio": null,
            "reinvestment_rate": 118.13,
            "research_to_sale_ratio": null,
            "price_fair": 48.02,
            "eps_avg_yearly": 1.37,
            "eps_latest_yearly": 2.6,
            "eps_growth_yearly": 264.17
        },
        "20081": {
            "year_quarter": 20081,
            "year": 2008,
            "quarter": 1,
            "eps": -0.14,
            "eps_growth_year": -148.28,
            "eps_4q": 1.02,
            "eps_4q_growth_year": -28.62,
            "roe": -0.66,
            "roe_4q": 5.75,
            "gross_profit": 370186,
            "gross_margin": 21.87,
            "gross_margin_4q_avg": 19.26,
            "net_income": -22410,
            "revenue": 1692447,
            "common_shares": 2313064,
            "book_valuer_per_share": 13.86,
            "book_valuer_per_share_4q_avg": 14.15,
            "equity": 3353789,
            "current_ratio": 167.55,
            "debt_ratio": 43.65,
            "inventory_turnover_ratio": 1.15,
            "account_receivable_turnover_ratio": null,
            "reinvestment_rate": 158.11,
            "research_to_sale_ratio": null,
            "price_fair": 48.02,
            "eps_avg_yearly": 1.37,
            "eps_latest_yearly": 2.6,
            "eps_growth_yearly": 264.17
        },
        "20082": {
            "year_quarter": 20082,
            "year": 2008,
            "quarter": 2,
            "eps": 0.28,
            "eps_growth_year": 3.7,
            "eps_4q": 0.79,
            "eps_4q_growth_year": -28.17,
            "roe": 1.75,
            "roe_4q": 5.379999999999999,
            "gross_profit": 373512,
            "gross_margin": 19.79,
            "gross_margin_4q_avg": 19.07,
            "net_income": 58640,
            "revenue": 1887792,
            "common_shares": 2302834,
            "book_valuer_per_share": 14,
            "book_valuer_per_share_4q_avg": 14.11,
            "equity": 3363252,
            "current_ratio": 150.86,
            "debt_ratio": 48.13,
            "inventory_turnover_ratio": 1.34,
            "account_receivable_turnover_ratio": null,
            "reinvestment_rate": 160.56,
            "research_to_sale_ratio": null,
            "price_fair": 47.13,
            "eps_avg_yearly": 1.35,
            "eps_latest_yearly": 2.6,
            "eps_growth_yearly": 282.41
        },
        "20083": {
            "year_quarter": 20083,
            "year": 2008,
            "quarter": 3,
            "eps": 0.47,
            "eps_growth_year": -27.69,
            "eps_4q": 0.55,
            "eps_4q_growth_year": -56.63,
            "roe": 3.43,
            "roe_4q": 4.21,
            "gross_profit": 552481,
            "gross_margin": 26.03,
            "gross_margin_4q_avg": 20.91,
            "net_income": 118689,
            "revenue": 2122120,
            "common_shares": 2451239,
            "book_valuer_per_share": 13.94,
            "book_valuer_per_share_4q_avg": 13.99,
            "equity": 3555477,
            "current_ratio": 156.62,
            "debt_ratio": 46.21,
            "inventory_turnover_ratio": 1.29,
            "account_receivable_turnover_ratio": null,
            "reinvestment_rate": 153.98,
            "research_to_sale_ratio": null,
            "price_fair": 50.24,
            "eps_avg_yearly": 1.44,
            "eps_latest_yearly": 1.88,
            "eps_growth_yearly": 327.02
        },
        "20084": {
            "year_quarter": 20084,
            "year": 2008,
            "quarter": 4,
            "eps": 0.04,
            "eps_growth_year": null,
            "eps_4q": 0.65,
            "eps_4q_growth_year": -37.98,
            "roe": 0.27,
            "roe_4q": 4.79,
            "gross_profit": 308572,
            "gross_margin": 18.45,
            "gross_margin_4q_avg": 21.54,
            "net_income": 9703,
            "revenue": 1672488,
            "common_shares": 2457986,
            "book_valuer_per_share": 13.89,
            "book_valuer_per_share_4q_avg": 13.92,
            "equity": 3540049,
            "current_ratio": 153.61,
            "debt_ratio": 45.32,
            "inventory_turnover_ratio": 1.19,
            "account_receivable_turnover_ratio": 1.97,
            "reinvestment_rate": 120.37,
            "research_to_sale_ratio": null,
            "price_fair": 45.78,
            "eps_avg_yearly": 1.31,
            "eps_latest_yearly": 0.16,
            "eps_growth_yearly": 257.72
        },
        "20091": {
            "year_quarter": 20091,
            "year": 2009,
            "quarter": 1,
            "eps": -0.39,
            "eps_growth_year": null,
            "eps_4q": 0.38,
            "eps_4q_growth_year": -63.08,
            "roe": -2.71,
            "roe_4q": 2.74,
            "gross_profit": 143885,
            "gross_margin": 10.84,
            "gross_margin_4q_avg": 18.78,
            "net_income": -93899,
            "revenue": 1327858,
            "common_shares": 2450066,
            "book_valuer_per_share": 13.69,
            "book_valuer_per_share_4q_avg": 13.88,
            "equity": 3395483,
            "current_ratio": 169.49,
            "debt_ratio": 37.44,
            "inventory_turnover_ratio": 1.39,
            "account_receivable_turnover_ratio": 0.89,
            "reinvestment_rate": 159.14,
            "research_to_sale_ratio": null,
            "price_fair": 45.78,
            "eps_avg_yearly": 1.31,
            "eps_latest_yearly": 0.16,
            "eps_growth_yearly": 257.72
        },
        "20092": {
            "year_quarter": 20092,
            "year": 2009,
            "quarter": 2,
            "eps": 0.13,
            "eps_growth_year": -53.57,
            "eps_4q": 0.23,
            "eps_4q_growth_year": -71.34,
            "roe": 1.02,
            "roe_4q": 2.0100000000000002,
            "gross_profit": 393002,
            "gross_margin": 26.15,
            "gross_margin_4q_avg": 20.37,
            "net_income": 34231,
            "revenue": 1503104,
            "common_shares": 2450065,
            "book_valuer_per_share": 13.47,
            "book_valuer_per_share_4q_avg": 13.75,
            "equity": 3344057,
            "current_ratio": 165.46,
            "debt_ratio": 41.12,
            "inventory_turnover_ratio": 1.71,
            "account_receivable_turnover_ratio": 1.04,
            "reinvestment_rate": 147.12,
            "research_to_sale_ratio": null,
            "price_fair": 45.78,
            "eps_avg_yearly": 1.31,
            "eps_latest_yearly": 0.16,
            "eps_growth_yearly": 257.72
        },
        "20093": {
            "year_quarter": 20093,
            "year": 2009,
            "quarter": 3,
            "eps": 0.66,
            "eps_growth_year": 40.43,
            "eps_4q": 0.44,
            "eps_4q_growth_year": -19.72,
            "roe": 5.11,
            "roe_4q": 3.690000000000001,
            "gross_profit": 533422,
            "gross_margin": 29.18,
            "gross_margin_4q_avg": 21.16,
            "net_income": 174833,
            "revenue": 1827907,
            "common_shares": 2575247,
            "book_valuer_per_share": 13.4,
            "book_valuer_per_share_4q_avg": 13.61,
            "equity": 3495569,
            "current_ratio": 174.96,
            "debt_ratio": 38.79,
            "inventory_turnover_ratio": 2.05,
            "account_receivable_turnover_ratio": 1.11,
            "reinvestment_rate": 120.52,
            "research_to_sale_ratio": null,
            "price_fair": 50.02,
            "eps_avg_yearly": 1.43,
            "eps_latest_yearly": 2.64,
            "eps_growth_yearly": 382.54
        },
        "20094": {
            "year_quarter": 20094,
            "year": 2009,
            "quarter": 4,
            "eps": 0.66,
            "eps_growth_year": 1550,
            "eps_4q": 1.08,
            "eps_4q_growth_year": 65.85,
            "roe": 4.94,
            "roe_4q": 8.36,
            "gross_profit": 567016,
            "gross_margin": 29.71,
            "gross_margin_4q_avg": 23.97,
            "net_income": 176556,
            "revenue": 1908651,
            "common_shares": 2579297,
            "book_valuer_per_share": 14.03,
            "book_valuer_per_share_4q_avg": 13.65,
            "equity": 3657497,
            "current_ratio": 173.19,
            "debt_ratio": 40.44,
            "inventory_turnover_ratio": 2.04,
            "account_receivable_turnover_ratio": 1.63,
            "reinvestment_rate": 52.68,
            "research_to_sale_ratio": null,
            "price_fair": 56.51,
            "eps_avg_yearly": 1.61,
            "eps_latest_yearly": 2.64,
            "eps_growth_yearly": 398.7
        },
        "20101": {
            "year_quarter": 20101,
            "year": 2010,
            "quarter": 1,
            "eps": 0.6,
            "eps_growth_year": null,
            "eps_4q": 2.04,
            "eps_4q_growth_year": 440.8,
            "roe": 4.13,
            "roe_4q": 15.2,
            "gross_profit": 540370,
            "gross_margin": 28.99,
            "gross_margin_4q_avg": 28.51,
            "net_income": 154079,
            "revenue": 1863719,
            "common_shares": 2579297,
            "book_valuer_per_share": 14.58,
            "book_valuer_per_share_4q_avg": 13.87,
            "equity": 3803339,
            "current_ratio": 177.18,
            "debt_ratio": 40.03,
            "inventory_turnover_ratio": 1.87,
            "account_receivable_turnover_ratio": 0.79,
            "reinvestment_rate": 90.7,
            "research_to_sale_ratio": 6.12,
            "price_fair": 61.09,
            "eps_avg_yearly": 1.75,
            "eps_latest_yearly": 2.4,
            "eps_growth_yearly": 373.58
        },
        "20102": {
            "year_quarter": 20102,
            "year": 2010,
            "quarter": 2,
            "eps": 0.77,
            "eps_growth_year": 491.35,
            "eps_4q": 2.68,
            "eps_4q_growth_year": 1083.39,
            "roe": 5.27,
            "roe_4q": 19.45,
            "gross_profit": 602281,
            "gross_margin": 28.35,
            "gross_margin_4q_avg": 29.06,
            "net_income": 200528,
            "revenue": 2124389,
            "common_shares": 2579297,
            "book_valuer_per_share": 14.58,
            "book_valuer_per_share_4q_avg": 14.15,
            "equity": 3805743,
            "current_ratio": 167.72,
            "debt_ratio": 41.22,
            "inventory_turnover_ratio": 1.98,
            "account_receivable_turnover_ratio": 0.89,
            "reinvestment_rate": 92.44,
            "research_to_sale_ratio": 4.58,
            "price_fair": 64.53,
            "eps_avg_yearly": 1.84,
            "eps_latest_yearly": 3.08,
            "eps_growth_yearly": 344.49
        },
        "20103": {
            "year_quarter": 20103,
            "year": 2010,
            "quarter": 3,
            "eps": 0.77,
            "eps_growth_year": 17.33,
            "eps_4q": 2.79,
            "eps_4q_growth_year": 536.07,
            "roe": 5.19,
            "roe_4q": 19.53,
            "gross_profit": 594234,
            "gross_margin": 28,
            "gross_margin_4q_avg": 28.76,
            "net_income": 202180,
            "revenue": 2122004,
            "common_shares": 2579297,
            "book_valuer_per_share": 15.28,
            "book_valuer_per_share_4q_avg": 14.62,
            "equity": 3987296,
            "current_ratio": 181.7,
            "debt_ratio": 37.84,
            "inventory_turnover_ratio": 1.9,
            "account_receivable_turnover_ratio": 0.88,
            "reinvestment_rate": 75.39,
            "research_to_sale_ratio": 6.07,
            "price_fair": 66.56,
            "eps_avg_yearly": 1.9,
            "eps_latest_yearly": 3.08,
            "eps_growth_yearly": 336.49
        },
        "20104": {
            "year_quarter": 20104,
            "year": 2010,
            "quarter": 4,
            "eps": 0.24,
            "eps_growth_year": -64.36,
            "eps_4q": 2.37,
            "eps_4q_growth_year": 120.16,
            "roe": 1.59,
            "roe_4q": 16.18,
            "gross_profit": 486590,
            "gross_margin": 26.29,
            "gross_margin_4q_avg": 27.91,
            "net_income": 62873,
            "revenue": 1850797,
            "common_shares": 2579297,
            "book_valuer_per_share": 15.05,
            "book_valuer_per_share_4q_avg": 14.87,
            "equity": 3922190,
            "current_ratio": 178.27,
            "debt_ratio": 38.33,
            "inventory_turnover_ratio": 1.62,
            "account_receivable_turnover_ratio": 0.81,
            "reinvestment_rate": 25.99,
            "research_to_sale_ratio": 6.29,
            "price_fair": 68.98,
            "eps_avg_yearly": 1.97,
            "eps_latest_yearly": 0.96,
            "eps_growth_yearly": 344.84
        },
        "20111": {
            "year_quarter": 20111,
            "year": 2011,
            "quarter": 1,
            "eps": 0.37,
            "eps_growth_year": -38.33,
            "eps_4q": 2.15,
            "eps_4q_growth_year": 5.36,
            "roe": 2.41,
            "roe_4q": 14.46,
            "gross_profit": 446699,
            "gross_margin": 25.52,
            "gross_margin_4q_avg": 27.04,
            "net_income": 95949,
            "revenue": 1750567,
            "common_shares": 2579297,
            "book_valuer_per_share": 15.51,
            "book_valuer_per_share_4q_avg": 15.11,
            "equity": 4043397,
            "current_ratio": 187.79,
            "debt_ratio": 36.1,
            "inventory_turnover_ratio": 1.47,
            "account_receivable_turnover_ratio": 0.85,
            "reinvestment_rate": 72.72,
            "research_to_sale_ratio": 5.89,
            "price_fair": 70,
            "eps_avg_yearly": 2,
            "eps_latest_yearly": 1.48,
            "eps_growth_yearly": 189.99
        },
        "20112": {
            "year_quarter": 20112,
            "year": 2011,
            "quarter": 2,
            "eps": 0.63,
            "eps_growth_year": -18.16,
            "eps_4q": 2.01,
            "eps_4q_growth_year": -25.12,
            "roe": 4.27,
            "roe_4q": 13.46,
            "gross_profit": 558049,
            "gross_margin": 26.8,
            "gross_margin_4q_avg": 26.65,
            "net_income": 164903,
            "revenue": 2082309,
            "common_shares": 2579297,
            "book_valuer_per_share": 14.07,
            "book_valuer_per_share_4q_avg": 14.98,
            "equity": 3672483,
            "current_ratio": 152.24,
            "debt_ratio": 45.07,
            "inventory_turnover_ratio": 1.73,
            "account_receivable_turnover_ratio": 0.96,
            "reinvestment_rate": 68.19,
            "research_to_sale_ratio": 5.32,
            "price_fair": 74.58,
            "eps_avg_yearly": 2.13,
            "eps_latest_yearly": 2.52,
            "eps_growth_yearly": 218.05
        },
        "20113": {
            "year_quarter": 20113,
            "year": 2011,
            "quarter": 3,
            "eps": 0.49,
            "eps_growth_year": -37.26,
            "eps_4q": 1.72,
            "eps_4q_growth_year": -38.41,
            "roe": 3.35,
            "roe_4q": 11.62,
            "gross_profit": 512392,
            "gross_margin": 24.9,
            "gross_margin_4q_avg": 25.88,
            "net_income": 127565,
            "revenue": 2057513,
            "common_shares": 2579297,
            "book_valuer_per_share": 15.11,
            "book_valuer_per_share_4q_avg": 14.94,
            "equity": 3945323,
            "current_ratio": 172.89,
            "debt_ratio": 41.86,
            "inventory_turnover_ratio": 1.77,
            "account_receivable_turnover_ratio": 0.86,
            "reinvestment_rate": 265.14,
            "research_to_sale_ratio": 5.49,
            "price_fair": 72.55,
            "eps_avg_yearly": 2.07,
            "eps_latest_yearly": 1.96,
            "eps_growth_yearly": 158.79
        },
        "20114": {
            "year_quarter": 20114,
            "year": 2011,
            "quarter": 4,
            "eps": 0.19,
            "eps_growth_year": -18.95,
            "eps_4q": 1.67,
            "eps_4q_growth_year": -29.25,
            "roe": 1.29,
            "roe_4q": 11.32,
            "gross_profit": 435808,
            "gross_margin": 24.12,
            "gross_margin_4q_avg": 25.34,
            "net_income": 51213,
            "revenue": 1807019,
            "common_shares": 2579297,
            "book_valuer_per_share": 15.23,
            "book_valuer_per_share_4q_avg": 14.98,
            "equity": 3970917,
            "current_ratio": 169.68,
            "debt_ratio": 42.13,
            "inventory_turnover_ratio": 1.54,
            "account_receivable_turnover_ratio": 0.78,
            "reinvestment_rate": 18.78,
            "research_to_sale_ratio": 6.12,
            "price_fair": 68.72,
            "eps_avg_yearly": 1.96,
            "eps_latest_yearly": 0.76,
            "eps_growth_yearly": 125.15
        },
        "20121": {
            "year_quarter": 20121,
            "year": 2012,
            "quarter": 1,
            "eps": 0.14,
            "eps_growth_year": -62.16,
            "eps_4q": 1.45,
            "eps_4q_growth_year": -32.54,
            "roe": 0.96,
            "roe_4q": 9.87,
            "gross_profit": 378257,
            "gross_margin": 21.59,
            "gross_margin_4q_avg": 24.35,
            "net_income": 38209,
            "revenue": 1751869,
            "common_shares": 2579297,
            "book_valuer_per_share": 15.19,
            "book_valuer_per_share_4q_avg": 14.9,
            "equity": 3947774,
            "current_ratio": 181.09,
            "debt_ratio": 39.3,
            "inventory_turnover_ratio": 1.56,
            "account_receivable_turnover_ratio": 0.82,
            "reinvestment_rate": 10.17,
            "research_to_sale_ratio": 6.22,
            "price_fair": 64.94,
            "eps_avg_yearly": 1.86,
            "eps_latest_yearly": 0.56,
            "eps_growth_yearly": 107.43
        },
        "20122": {
            "year_quarter": 20122,
            "year": 2012,
            "quarter": 2,
            "eps": 0.4,
            "eps_growth_year": -36.9,
            "eps_4q": 1.24,
            "eps_4q_growth_year": -38.47,
            "roe": 2.71,
            "roe_4q": 8.31,
            "gross_profit": 483367,
            "gross_margin": 23.76,
            "gross_margin_4q_avg": 23.59,
            "net_income": 101578,
            "revenue": 2034757,
            "common_shares": 2579297,
            "book_valuer_per_share": 13.94,
            "book_valuer_per_share_4q_avg": 14.87,
            "equity": 3546621,
            "current_ratio": 153.05,
            "debt_ratio": 46.48,
            "inventory_turnover_ratio": 1.77,
            "account_receivable_turnover_ratio": 0.95,
            "reinvestment_rate": -0.61,
            "research_to_sale_ratio": 5.34,
            "price_fair": 64.3,
            "eps_avg_yearly": 1.84,
            "eps_latest_yearly": 1.6,
            "eps_growth_yearly": 152.82
        },
        "20123": {
            "year_quarter": 20123,
            "year": 2012,
            "quarter": 3,
            "eps": 0.32,
            "eps_growth_year": -34.54,
            "eps_4q": 1.06,
            "eps_4q_growth_year": -38.36,
            "roe": 2.3,
            "roe_4q": 7.26,
            "gross_profit": 477007,
            "gross_margin": 22.33,
            "gross_margin_4q_avg": 22.95,
            "net_income": 81609,
            "revenue": 2136180,
            "common_shares": 2509297,
            "book_valuer_per_share": 14.06,
            "book_valuer_per_share_4q_avg": 14.61,
            "equity": 3555503,
            "current_ratio": 158.42,
            "debt_ratio": 44.26,
            "inventory_turnover_ratio": 1.85,
            "account_receivable_turnover_ratio": 0.95,
            "reinvestment_rate": -10.41,
            "research_to_sale_ratio": 5.28,
            "price_fair": 62.8,
            "eps_avg_yearly": 1.79,
            "eps_latest_yearly": 1.28,
            "eps_growth_yearly": 127.72
        },
        "20124": {
            "year_quarter": 20124,
            "year": 2012,
            "quarter": 4,
            "eps": -0.01,
            "eps_growth_year": -104.96,
            "eps_4q": 0.85,
            "eps_4q_growth_year": -48.98,
            "roe": -0.04,
            "roe_4q": 5.93,
            "gross_profit": 378581,
            "gross_margin": 21.2,
            "gross_margin_4q_avg": 22.22,
            "net_income": -1374,
            "revenue": 1785925,
            "common_shares": 2509297,
            "book_valuer_per_share": 14.05,
            "book_valuer_per_share_4q_avg": 14.31,
            "equity": 3555011,
            "current_ratio": 162.2,
            "debt_ratio": 43.14,
            "inventory_turnover_ratio": 1.52,
            "account_receivable_turnover_ratio": 0.86,
            "reinvestment_rate": -10.81,
            "research_to_sale_ratio": 5.91,
            "price_fair": 67.2,
            "eps_avg_yearly": 1.92,
            "eps_latest_yearly": 1.28,
            "eps_growth_yearly": 165.69
        },
        "20131": {
            "year_quarter": 20131,
            "year": 2013,
            "quarter": 1,
            "eps": 0.12,
            "eps_growth_year": -14.29,
            "eps_4q": 0.83,
            "eps_4q_growth_year": -42.77,
            "roe": 0.86,
            "roe_4q": 5.83,
            "gross_profit": 359020,
            "gross_margin": 21.47,
            "gross_margin_4q_avg": 22.19,
            "net_income": 30701,
            "revenue": 1671903,
            "common_shares": 2509297,
            "book_valuer_per_share": 14.33,
            "book_valuer_per_share_4q_avg": 14.1,
            "equity": 3626557,
            "current_ratio": 177.25,
            "debt_ratio": 38.31,
            "inventory_turnover_ratio": 1.39,
            "account_receivable_turnover_ratio": 0.96,
            "reinvestment_rate": -6.66,
            "research_to_sale_ratio": 6.38,
            "price_fair": 67.2,
            "eps_avg_yearly": 1.92,
            "eps_latest_yearly": 1.28,
            "eps_growth_yearly": 165.69
        },
        "20132": {
            "year_quarter": 20132,
            "year": 2013,
            "quarter": 2,
            "eps": 0.29,
            "eps_growth_year": -26.95,
            "eps_4q": 0.72,
            "eps_4q_growth_year": -41.5,
            "roe": 2.09,
            "roe_4q": 5.209999999999999,
            "gross_profit": 443364,
            "gross_margin": 20.94,
            "gross_margin_4q_avg": 21.49,
            "net_income": 74452,
            "revenue": 2117398,
            "common_shares": 2509297,
            "book_valuer_per_share": 13.79,
            "book_valuer_per_share_4q_avg": 14.06,
            "equity": 3493020,
            "current_ratio": 153.52,
            "debt_ratio": 45.17,
            "inventory_turnover_ratio": 1.69,
            "account_receivable_turnover_ratio": 1.24,
            "reinvestment_rate": -3.97,
            "research_to_sale_ratio": 4.92,
            "price_fair": 65.3,
            "eps_avg_yearly": 1.87,
            "eps_latest_yearly": 1.16,
            "eps_growth_yearly": 194.33
        },
        "20133": {
            "year_quarter": 20133,
            "year": 2013,
            "quarter": 3,
            "eps": 0.44,
            "eps_growth_year": 38.36,
            "eps_4q": 0.85,
            "eps_4q_growth_year": -19.9,
            "roe": 3.2,
            "roe_4q": 6.11,
            "gross_profit": 504769,
            "gross_margin": 22.64,
            "gross_margin_4q_avg": 21.56,
            "net_income": 113128,
            "revenue": 2229666,
            "common_shares": 2509297,
            "book_valuer_per_share": 14.17,
            "book_valuer_per_share_4q_avg": 14.09,
            "equity": 3584738,
            "current_ratio": 160.69,
            "debt_ratio": 43.2,
            "inventory_turnover_ratio": 1.67,
            "account_receivable_turnover_ratio": 1.18,
            "reinvestment_rate": -3.93,
            "research_to_sale_ratio": 4.75,
            "price_fair": 63.1,
            "eps_avg_yearly": 1.8,
            "eps_latest_yearly": 1.76,
            "eps_growth_yearly": 92.63
        },
        "20134": {
            "year_quarter": 20134,
            "year": 2013,
            "quarter": 4,
            "eps": 0.36,
            "eps_growth_year": null,
            "eps_4q": 1.22,
            "eps_4q_growth_year": 42.93,
            "roe": 2.54,
            "roe_4q": 8.69,
            "gross_profit": 473082,
            "gross_margin": 21.14,
            "gross_margin_4q_avg": 21.55,
            "net_income": 92547,
            "revenue": 2237528,
            "common_shares": 2509297,
            "book_valuer_per_share": 14.66,
            "book_valuer_per_share_4q_avg": 14.24,
            "equity": 3710762,
            "current_ratio": 160.32,
            "debt_ratio": 45.25,
            "inventory_turnover_ratio": 1.61,
            "account_receivable_turnover_ratio": 1.14,
            "reinvestment_rate": -8.21,
            "research_to_sale_ratio": 5.15,
            "price_fair": 60.1,
            "eps_avg_yearly": 1.72,
            "eps_latest_yearly": 1.44,
            "eps_growth_yearly": 87.43
        },
        "20141": {
            "year_quarter": 20141,
            "year": 2014,
            "quarter": 1,
            "eps": 0.25,
            "eps_growth_year": 108.33,
            "eps_4q": 1.35,
            "eps_4q_growth_year": 62.65,
            "roe": 1.69,
            "roe_4q": 9.52,
            "gross_profit": 401468,
            "gross_margin": 19.9,
            "gross_margin_4q_avg": 21.16,
            "net_income": 63625,
            "revenue": 2017141,
            "common_shares": 2509297,
            "book_valuer_per_share": 15.04,
            "book_valuer_per_share_4q_avg": 14.42,
            "equity": 3806151,
            "current_ratio": 174.14,
            "debt_ratio": 41.54,
            "inventory_turnover_ratio": 1.42,
            "account_receivable_turnover_ratio": 1.01,
            "reinvestment_rate": -8.78,
            "research_to_sale_ratio": 5.66,
            "price_fair": 56.6,
            "eps_avg_yearly": 1.62,
            "eps_latest_yearly": 1,
            "eps_growth_yearly": 81.3
        },
        "20142": {
            "year_quarter": 20142,
            "year": 2014,
            "quarter": 2,
            "eps": 0.49,
            "eps_growth_year": 68.97,
            "eps_4q": 1.55,
            "eps_4q_growth_year": 114.59,
            "roe": 3.39,
            "roe_4q": 10.82,
            "gross_profit": 547011,
            "gross_margin": 21.82,
            "gross_margin_4q_avg": 21.38,
            "net_income": 125998,
            "revenue": 2506927,
            "common_shares": 2509297,
            "book_valuer_per_share": 14.34,
            "book_valuer_per_share_4q_avg": 14.55,
            "equity": 3633390,
            "current_ratio": 161.6,
            "debt_ratio": 45.17,
            "inventory_turnover_ratio": 1.74,
            "account_receivable_turnover_ratio": 1.19,
            "reinvestment_rate": -19.97,
            "research_to_sale_ratio": 5.4,
            "price_fair": 53.8,
            "eps_avg_yearly": 1.54,
            "eps_latest_yearly": 1.96,
            "eps_growth_yearly": 100.63
        },
        "20143": {
            "year_quarter": 20143,
            "year": 2014,
            "quarter": 3,
            "eps": 0.47,
            "eps_growth_year": 6.82,
            "eps_4q": 1.58,
            "eps_4q_growth_year": 85.65,
            "roe": 3.22,
            "roe_4q": 10.84,
            "gross_profit": 530554,
            "gross_margin": 21.04,
            "gross_margin_4q_avg": 20.98,
            "net_income": 119432,
            "revenue": 2521731,
            "common_shares": 2509297,
            "book_valuer_per_share": 14.95,
            "book_valuer_per_share_4q_avg": 14.75,
            "equity": 3783549,
            "current_ratio": 159.76,
            "debt_ratio": 46.38,
            "inventory_turnover_ratio": 1.7,
            "account_receivable_turnover_ratio": 1.09,
            "reinvestment_rate": -9.74,
            "research_to_sale_ratio": 5.05,
            "price_fair": 50.8,
            "eps_avg_yearly": 1.45,
            "eps_latest_yearly": 1.88,
            "eps_growth_yearly": 99.47
        },
        "20144": {
            "year_quarter": 20144,
            "year": 2014,
            "quarter": 4,
            "eps": 0.3,
            "eps_growth_year": -17.62,
            "eps_4q": 1.51,
            "eps_4q_growth_year": 23.81,
            "roe": 1.99,
            "roe_4q": 10.29,
            "gross_profit": 474332,
            "gross_margin": 19.07,
            "gross_margin_4q_avg": 20.46,
            "net_income": 77195,
            "revenue": 2487546,
            "common_shares": 2509297,
            "book_valuer_per_share": 15.64,
            "book_valuer_per_share_4q_avg": 14.99,
            "equity": 3959629,
            "current_ratio": 163.5,
            "debt_ratio": 45.93,
            "inventory_turnover_ratio": 1.58,
            "account_receivable_turnover_ratio": 1.02,
            "reinvestment_rate": -6.02,
            "research_to_sale_ratio": 5.35,
            "price_fair": 51.4,
            "eps_avg_yearly": 1.47,
            "eps_latest_yearly": 1.2,
            "eps_growth_yearly": 108.8
        },
        "20151": {
            "year_quarter": 20151,
            "year": 2015,
            "quarter": 1,
            "eps": 0.11,
            "eps_growth_year": -56,
            "eps_4q": 1.37,
            "eps_4q_growth_year": 1.93,
            "roe": 0.75,
            "roe_4q": 9.350000000000001,
            "gross_profit": 399052,
            "gross_margin": 17.53,
            "gross_margin_4q_avg": 19.87,
            "net_income": 29541,
            "revenue": 2276308,
            "common_shares": 2509297,
            "book_valuer_per_share": 15.58,
            "book_valuer_per_share_4q_avg": 15.13,
            "equity": 3944117,
            "current_ratio": 170.13,
            "debt_ratio": 43.84,
            "inventory_turnover_ratio": 1.37,
            "account_receivable_turnover_ratio": 1,
            "reinvestment_rate": -9.51,
            "research_to_sale_ratio": 5.72,
            "price_fair": 48.8,
            "eps_avg_yearly": 1.39,
            "eps_latest_yearly": 0.44,
            "eps_growth_yearly": 75.23
        },
        "20152": {
            "year_quarter": 20152,
            "year": 2015,
            "quarter": 2,
            "eps": 0.29,
            "eps_growth_year": -40.82,
            "eps_4q": 1.17,
            "eps_4q_growth_year": -24.54,
            "roe": 1.95,
            "roe_4q": 7.91,
            "gross_profit": 477945,
            "gross_margin": 19.69,
            "gross_margin_4q_avg": 19.33,
            "net_income": 74452,
            "revenue": 2427405,
            "common_shares": 2509297,
            "book_valuer_per_share": 14.59,
            "book_valuer_per_share_4q_avg": 15.19,
            "equity": 3692026,
            "current_ratio": 159.25,
            "debt_ratio": 46.2,
            "inventory_turnover_ratio": 1.41,
            "account_receivable_turnover_ratio": 1.15,
            "reinvestment_rate": -10.21,
            "research_to_sale_ratio": 5.86,
            "price_fair": 45.4,
            "eps_avg_yearly": 1.3,
            "eps_latest_yearly": 1.16,
            "eps_growth_yearly": 101.9
        },
        "20153": {
            "year_quarter": 20153,
            "year": 2015,
            "quarter": 3,
            "eps": 0.7,
            "eps_growth_year": 48.94,
            "eps_4q": 1.41,
            "eps_4q_growth_year": -10.52,
            "roe": 4.68,
            "roe_4q": 9.37,
            "gross_profit": 583986,
            "gross_margin": 21.14,
            "gross_margin_4q_avg": 19.36,
            "net_income": 177804,
            "revenue": 2762364,
            "common_shares": 2509297,
            "book_valuer_per_share": 15.54,
            "book_valuer_per_share_4q_avg": 15.34,
            "equity": 3908817,
            "current_ratio": 162.98,
            "debt_ratio": 46.19,
            "inventory_turnover_ratio": 1.63,
            "account_receivable_turnover_ratio": 1.19,
            "reinvestment_rate": -223.1,
            "research_to_sale_ratio": 5.33,
            "price_fair": 47.5,
            "eps_avg_yearly": 1.36,
            "eps_latest_yearly": 2.8,
            "eps_growth_yearly": 148.65
        },
        "20154": {
            "year_quarter": 20154,
            "year": 2015,
            "quarter": 4,
            "eps": 0.67,
            "eps_growth_year": 122.59,
            "eps_4q": 1.78,
            "eps_4q_growth_year": 17.62,
            "roe": 4.22,
            "roe_4q": 11.599999999999998,
            "gross_profit": 593036,
            "gross_margin": 22.44,
            "gross_margin_4q_avg": 20.2,
            "net_income": 167163,
            "revenue": 2643079,
            "common_shares": 2509297,
            "book_valuer_per_share": 15.99,
            "book_valuer_per_share_4q_avg": 15.43,
            "equity": 4007234,
            "current_ratio": 163.17,
            "debt_ratio": 46.73,
            "inventory_turnover_ratio": 1.47,
            "account_receivable_turnover_ratio": 1.07,
            "reinvestment_rate": -23.58,
            "research_to_sale_ratio": 5.68,
            "price_fair": 52.3,
            "eps_avg_yearly": 1.49,
            "eps_latest_yearly": 2.68,
            "eps_growth_yearly": 164.91
        },
        "20161": {
            "year_quarter": 20161,
            "year": 2016,
            "quarter": 1,
            "eps": 0.2,
            "eps_growth_year": 81.82,
            "eps_4q": 1.85,
            "eps_4q_growth_year": 34.57,
            "roe": 1.28,
            "roe_4q": 12.129999999999999,
            "gross_profit": 466619,
            "gross_margin": 20.47,
            "gross_margin_4q_avg": 20.94,
            "net_income": 51612,
            "revenue": 2279644,
            "common_shares": 2509297,
            "book_valuer_per_share": 16.14,
            "book_valuer_per_share_4q_avg": 15.57,
            "equity": 4086180,
            "current_ratio": 184.11,
            "debt_ratio": 40.75,
            "inventory_turnover_ratio": 1.29,
            "account_receivable_turnover_ratio": 1.02,
            "reinvestment_rate": -18.7,
            "research_to_sale_ratio": 6.08,
            "price_fair": 52.9,
            "eps_avg_yearly": 1.51,
            "eps_latest_yearly": 0.8,
            "eps_growth_yearly": 152.39
        },
        "20162": {
            "year_quarter": 20162,
            "year": 2016,
            "quarter": 2,
            "eps": 0.56,
            "eps_growth_year": 93.1,
            "eps_4q": 2.12,
            "eps_4q_growth_year": 80.95,
            "roe": 3.6,
            "roe_4q": 13.78,
            "gross_profit": 571994,
            "gross_margin": 22.86,
            "gross_margin_4q_avg": 21.73,
            "net_income": 141639,
            "revenue": 2502232,
            "common_shares": 2509297,
            "book_valuer_per_share": 14.99,
            "book_valuer_per_share_4q_avg": 15.67,
            "equity": 3791664,
            "current_ratio": 160.57,
            "debt_ratio": 46.01,
            "inventory_turnover_ratio": 1.51,
            "account_receivable_turnover_ratio": 1.2,
            "reinvestment_rate": -6.05,
            "research_to_sale_ratio": 5.74,
            "price_fair": 54.5,
            "eps_avg_yearly": 1.56,
            "eps_latest_yearly": 2.24,
            "eps_growth_yearly": 150.76
        },
        "20163": {
            "year_quarter": 20163,
            "year": 2016,
            "quarter": 3,
            "eps": 0.71,
            "eps_growth_year": 1.43,
            "eps_4q": 2.12,
            "eps_4q_growth_year": 50.46,
            "roe": 4.65,
            "roe_4q": 13.75,
            "gross_profit": 666292,
            "gross_margin": 23.47,
            "gross_margin_4q_avg": 22.31,
            "net_income": 178671,
            "revenue": 2839252,
            "common_shares": 2509297,
            "book_valuer_per_share": 15.36,
            "book_valuer_per_share_4q_avg": 15.62,
            "equity": 3886849,
            "current_ratio": 157.7,
            "debt_ratio": 47.42,
            "inventory_turnover_ratio": 1.73,
            "account_receivable_turnover_ratio": 1.23,
            "reinvestment_rate": -2.51,
            "research_to_sale_ratio": 5.67,
            "price_fair": 58.4,
            "eps_avg_yearly": 1.67,
            "eps_latest_yearly": 2.84,
            "eps_growth_yearly": 164.12
        },
        "20164": {
            "year_quarter": 20164,
            "year": 2016,
            "quarter": 4,
            "eps": 0.82,
            "eps_growth_year": 22.66,
            "eps_4q": 2.28,
            "eps_4q_growth_year": 28.16,
            "roe": 5.2,
            "roe_4q": 14.73,
            "gross_profit": 693517,
            "gross_margin": 22.59,
            "gross_margin_4q_avg": 22.35,
            "net_income": 206890,
            "revenue": 3069694,
            "common_shares": 2509297,
            "book_valuer_per_share": 16.07,
            "book_valuer_per_share_4q_avg": 15.64,
            "equity": 4066965,
            "current_ratio": 153.36,
            "debt_ratio": 51.53,
            "inventory_turnover_ratio": 1.77,
            "account_receivable_turnover_ratio": 1.15,
            "reinvestment_rate": 18.81,
            "research_to_sale_ratio": 5.29,
            "price_fair": 62.16,
            "eps_avg_yearly": 1.78,
            "eps_latest_yearly": 3.28,
            "eps_growth_yearly": 157.31
        },
        "20171": {
            "year_quarter": 20171,
            "year": 2017,
            "quarter": 1,
            "eps": 0.51,
            "eps_growth_year": 155,
            "eps_4q": 2.58,
            "eps_4q_growth_year": 39.75,
            "roe": 3.16,
            "roe_4q": 16.61,
            "gross_profit": 552690,
            "gross_margin": 21.98,
            "gross_margin_4q_avg": 22.73,
            "net_income": 128655,
            "revenue": 2514835,
            "common_shares": 2509297,
            "book_valuer_per_share": 16.08,
            "book_valuer_per_share_4q_avg": 15.63,
            "equity": 4068928,
            "current_ratio": 162.26,
            "debt_ratio": 48.37,
            "inventory_turnover_ratio": 1.39,
            "account_receivable_turnover_ratio": 0.92,
            "reinvestment_rate": 15.66,
            "research_to_sale_ratio": 6.15,
            "price_fair": 62.74,
            "eps_avg_yearly": 1.79,
            "eps_latest_yearly": 2.04,
            "eps_growth_yearly": 138.03
        },
        "20172": {
            "year_quarter": 20172,
            "year": 2017,
            "quarter": 2,
            "eps": 0.83,
            "eps_growth_year": 48.21,
            "eps_4q": 2.86,
            "eps_4q_growth_year": 35,
            "roe": 5.33,
            "roe_4q": 18.340000000000003,
            "gross_profit": 650762,
            "gross_margin": 22.95,
            "gross_margin_4q_avg": 22.75,
            "net_income": 210347,
            "revenue": 2836144,
            "common_shares": 2509297,
            "book_valuer_per_share": 15.11,
            "book_valuer_per_share_4q_avg": 15.66,
            "equity": 3823456,
            "current_ratio": 148.05,
            "debt_ratio": 52.41,
            "inventory_turnover_ratio": 1.49,
            "account_receivable_turnover_ratio": 1.06,
            "reinvestment_rate": 17.9,
            "research_to_sale_ratio": 5.56,
            "price_fair": 67.46,
            "eps_avg_yearly": 1.93,
            "eps_latest_yearly": 3.32,
            "eps_growth_yearly": 118.3
        },
        "20173": {
            "year_quarter": 20173,
            "year": 2017,
            "quarter": 3,
            "eps": 0.73,
            "eps_growth_year": 2.82,
            "eps_4q": 2.88,
            "eps_4q_growth_year": 35.91,
            "roe": 4.69,
            "roe_4q": 18.38,
            "gross_profit": 664981,
            "gross_margin": 23.33,
            "gross_margin_4q_avg": 22.71,
            "net_income": 184485,
            "revenue": 2850684,
            "common_shares": 2509297,
            "book_valuer_per_share": 15.97,
            "book_valuer_per_share_4q_avg": 15.81,
            "equity": 4041037,
            "current_ratio": 152.23,
            "debt_ratio": 50.62,
            "inventory_turnover_ratio": 1.41,
            "account_receivable_turnover_ratio": 1.02,
            "reinvestment_rate": 21.97,
            "research_to_sale_ratio": 5.92,
            "price_fair": 70,
            "eps_avg_yearly": 2,
            "eps_latest_yearly": 2.92,
            "eps_growth_yearly": 102.36
        },
        "20174": {
            "year_quarter": 20174,
            "year": 2017,
            "quarter": 4,
            "eps": 0.55,
            "eps_growth_year": -32.29,
            "eps_4q": 2.62,
            "eps_4q_growth_year": 14.96,
            "roe": 3.41,
            "roe_4q": 16.590000000000003,
            "gross_profit": 586031,
            "gross_margin": 21.35,
            "gross_margin_4q_avg": 22.4,
            "net_income": 139929,
            "revenue": 2745065,
            "common_shares": 2509297,
            "book_valuer_per_share": 16.5,
            "book_valuer_per_share_4q_avg": 15.92,
            "equity": 4174049,
            "current_ratio": 148.98,
            "debt_ratio": 52.64,
            "inventory_turnover_ratio": 1.29,
            "account_receivable_turnover_ratio": 0.99,
            "reinvestment_rate": 23.39,
            "research_to_sale_ratio": 6.19,
            "price_fair": 71.66,
            "eps_avg_yearly": 2.05,
            "eps_latest_yearly": 2.2,
            "eps_growth_yearly": 100.74
        },
        "20181": {
            "year_quarter": 20181,
            "year": 2018,
            "quarter": 1,
            "eps": 0.27,
            "eps_growth_year": -47.06,
            "eps_4q": 2.38,
            "eps_4q_growth_year": -7.85,
            "roe": 1.61,
            "roe_4q": 15.040000000000001,
            "gross_profit": 477167,
            "gross_margin": 18.29,
            "gross_margin_4q_avg": 21.48,
            "net_income": 68074,
            "revenue": 2608766,
            "common_shares": 2509297,
            "book_valuer_per_share": 16.9,
            "book_valuer_per_share_4q_avg": 16.12,
            "equity": 4275506,
            "current_ratio": 158.01,
            "debt_ratio": 49.22,
            "inventory_turnover_ratio": 1.21,
            "account_receivable_turnover_ratio": 1,
            "reinvestment_rate": 22.49,
            "research_to_sale_ratio": 5.96,
            "price_fair": 71.84,
            "eps_avg_yearly": 2.05,
            "eps_latest_yearly": 1.08,
            "eps_growth_yearly": 95.65
        },
        "20182": {
            "year_quarter": 20182,
            "year": 2018,
            "quarter": 2,
            "eps": 0.73,
            "eps_growth_year": -12.05,
            "eps_4q": 2.28,
            "eps_4q_growth_year": -20.24,
            "roe": 4.51,
            "roe_4q": 14.220000000000002,
            "gross_profit": 615914,
            "gross_margin": 20.36,
            "gross_margin_4q_avg": 20.83,
            "net_income": 183668,
            "revenue": 3024831,
            "common_shares": 2509297,
            "book_valuer_per_share": 15.3,
            "book_valuer_per_share_4q_avg": 16.17,
            "equity": 3868451,
            "current_ratio": 133.4,
            "debt_ratio": 57.81,
            "inventory_turnover_ratio": 1.32,
            "account_receivable_turnover_ratio": 1.1,
            "reinvestment_rate": 25,
            "research_to_sale_ratio": 5.81,
            "price_fair": 73.94,
            "eps_avg_yearly": 2.11,
            "eps_latest_yearly": 2.92,
            "eps_growth_yearly": 114.24
        },
        "20183": {
            "year_quarter": 20183,
            "year": 2018,
            "quarter": 3,
            "eps": 0.85,
            "eps_growth_year": 16.44,
            "eps_4q": 2.4,
            "eps_4q_growth_year": -16.67,
            "roe": 5.48,
            "roe_4q": 15.01,
            "gross_profit": 711888,
            "gross_margin": 21.61,
            "gross_margin_4q_avg": 20.4,
            "net_income": 215110,
            "revenue": 3293940,
            "common_shares": 2509297,
            "book_valuer_per_share": 15.88,
            "book_valuer_per_share_4q_avg": 16.15,
            "equity": 3983541,
            "current_ratio": 136.66,
            "debt_ratio": 56.12,
            "inventory_turnover_ratio": 1.41,
            "account_receivable_turnover_ratio": 1.05,
            "reinvestment_rate": 23.65,
            "research_to_sale_ratio": 5.37,
            "price_fair": 77.26,
            "eps_avg_yearly": 2.21,
            "eps_latest_yearly": 3.4,
            "eps_growth_yearly": 119.37
        },
        "20184": {
            "year_quarter": 20184,
            "year": 2018,
            "quarter": 4,
            "eps": 0.56,
            "eps_growth_year": 1.56,
            "eps_4q": 2.41,
            "eps_4q_growth_year": -7.96,
            "roe": 3.47,
            "roe_4q": 15.07,
            "gross_profit": 596566,
            "gross_margin": 19.64,
            "gross_margin_4q_avg": 19.98,
            "net_income": 140831,
            "revenue": 3037761,
            "common_shares": 2509297,
            "book_valuer_per_share": 16.5,
            "book_valuer_per_share_4q_avg": 16.15,
            "equity": 4139371,
            "current_ratio": 142.47,
            "debt_ratio": 53.86,
            "inventory_turnover_ratio": 1.36,
            "account_receivable_turnover_ratio": 0.95,
            "reinvestment_rate": 22.22,
            "research_to_sale_ratio": 5.98,
            "price_fair": 79.54,
            "eps_avg_yearly": 2.27,
            "eps_latest_yearly": 2.24,
            "eps_growth_yearly": 119.89
        },
        "20191": {
            "year_quarter": 20191,
            "year": 2019,
            "quarter": 1,
            "eps": 0.2,
            "eps_growth_year": -25.93,
            "eps_4q": 2.34,
            "eps_4q_growth_year": -1.82,
            "roe": 1.17,
            "roe_4q": 14.63,
            "gross_profit": 472196,
            "gross_margin": 19.36,
            "gross_margin_4q_avg": 20.24,
            "net_income": 49034,
            "revenue": 2438424,
            "common_shares": 2509297,
            "book_valuer_per_share": 16.88,
            "book_valuer_per_share_4q_avg": 16.14,
            "equity": 4235153,
            "current_ratio": 147.89,
            "debt_ratio": 51.63,
            "inventory_turnover_ratio": 1.15,
            "account_receivable_turnover_ratio": 0.86,
            "reinvestment_rate": 24.3,
            "research_to_sale_ratio": 6.96,
            "price_fair": 80.33,
            "eps_avg_yearly": 2.3,
            "eps_latest_yearly": 0.8,
            "eps_growth_yearly": 119.65
        },
        "20192": {
            "year_quarter": 20192,
            "year": 2019,
            "quarter": 2,
            "eps": 0.62,
            "eps_growth_year": -15.07,
            "eps_4q": 2.23,
            "eps_4q_growth_year": -2,
            "roe": 3.88,
            "roe_4q": 14,
            "gross_profit": 583380,
            "gross_margin": 21.59,
            "gross_margin_4q_avg": 20.55,
            "net_income": 157072,
            "revenue": 2702412,
            "common_shares": 2509297,
            "book_valuer_per_share": 15.4,
            "book_valuer_per_share_4q_avg": 16.17,
            "equity": 3864380,
            "current_ratio": 137.12,
            "debt_ratio": 55.12,
            "inventory_turnover_ratio": 1.35,
            "account_receivable_turnover_ratio": 1.05,
            "reinvestment_rate": 22.47,
            "research_to_sale_ratio": 6.54,
            "price_fair": 83.21,
            "eps_avg_yearly": 2.38,
            "eps_latest_yearly": 2.48,
            "eps_growth_yearly": 131.24
        },
        "20193": {
            "year_quarter": 20193,
            "year": 2019,
            "quarter": 3,
            "eps": 1.03,
            "eps_growth_year": 21.18,
            "eps_4q": 2.41,
            "eps_4q_growth_year": 0.25,
            "roe": 6.5,
            "roe_4q": 15.02,
            "gross_profit": 759363,
            "gross_margin": 23.31,
            "gross_margin_4q_avg": 20.98,
            "net_income": 257551,
            "revenue": 3257556,
            "common_shares": 2509297,
            "book_valuer_per_share": 16.17,
            "book_valuer_per_share_4q_avg": 16.24,
            "equity": 4056324,
            "current_ratio": 144.09,
            "debt_ratio": 53.66,
            "inventory_turnover_ratio": 1.7,
            "account_receivable_turnover_ratio": 1.13,
            "reinvestment_rate": 18.87,
            "research_to_sale_ratio": 5.68,
            "price_fair": 86.1,
            "eps_avg_yearly": 2.46,
            "eps_latest_yearly": 4.12,
            "eps_growth_yearly": 112.43
        },
        "20194": {
            "year_quarter": 20194,
            "year": 2019,
            "quarter": 4,
            "eps": 0.87,
            "eps_growth_year": 54.19,
            "eps_4q": 2.71,
            "eps_4q_growth_year": 12.51,
            "roe": 5.24,
            "roe_4q": 16.79,
            "gross_profit": 763674,
            "gross_margin": 23.41,
            "gross_margin_4q_avg": 21.92,
            "net_income": 217144,
            "revenue": 3261523,
            "common_shares": 2509297,
            "book_valuer_per_share": 16.85,
            "book_valuer_per_share_4q_avg": 16.33,
            "equity": 4228778,
            "current_ratio": 142.72,
            "debt_ratio": 55.2,
            "inventory_turnover_ratio": 1.7,
            "account_receivable_turnover_ratio": 1,
            "reinvestment_rate": 17.5,
            "research_to_sale_ratio": 6.46,
            "price_fair": 87.85,
            "eps_avg_yearly": 2.51,
            "eps_latest_yearly": 3.48,
            "eps_growth_yearly": 109.61
        },
        "20201": {
            "year_quarter": 20201,
            "year": 2020,
            "quarter": 1,
            "eps": 0.39,
            "eps_growth_year": 95,
            "eps_4q": 2.9,
            "eps_4q_growth_year": 24.13,
            "roe": 2.27,
            "roe_4q": 17.89,
            "gross_profit": 480872,
            "gross_margin": 21.39,
            "gross_margin_4q_avg": 22.43,
            "net_income": 96706,
            "revenue": 2247967,
            "common_shares": 2509297,
            "book_valuer_per_share": 17.17,
            "book_valuer_per_share_4q_avg": 16.4,
            "equity": 4308546,
            "current_ratio": 155.37,
            "debt_ratio": 50.68,
            "inventory_turnover_ratio": 1.21,
            "account_receivable_turnover_ratio": 0.76,
            "reinvestment_rate": 16.39,
            "research_to_sale_ratio": 7.45,
            "price_fair": 89.51,
            "eps_avg_yearly": 2.56,
            "eps_latest_yearly": 1.56,
            "eps_growth_yearly": 113.36
        },
        "20202": {
            "year_quarter": 20202,
            "year": 2020,
            "quarter": 2,
            "eps": 1.47,
            "eps_growth_year": 137.1,
            "eps_4q": 3.75,
            "eps_4q_growth_year": 68.03,
            "roe": 8.79,
            "roe_4q": 22.799999999999997,
            "gross_profit": 925367,
            "gross_margin": 25.69,
            "gross_margin_4q_avg": 23.45,
            "net_income": 370746,
            "revenue": 3602374,
            "common_shares": 2509297,
            "book_valuer_per_share": 16.46,
            "book_valuer_per_share_4q_avg": 16.66,
            "equity": 4130340,
            "current_ratio": 143.11,
            "debt_ratio": 56.52,
            "inventory_turnover_ratio": 1.77,
            "account_receivable_turnover_ratio": 1.21,
            "reinvestment_rate": 9.94,
            "research_to_sale_ratio": 5.92,
            "price_fair": 97.48,
            "eps_avg_yearly": 2.79,
            "eps_latest_yearly": 5.88,
            "eps_growth_yearly": 137.59
        },
        "20203": {
            "year_quarter": 20203,
            "year": 2020,
            "quarter": 3,
            "eps": 0.93,
            "eps_growth_year": -9.71,
            "eps_4q": 3.65,
            "eps_4q_growth_year": 51.65,
            "roe": 5.44,
            "roe_4q": 21.740000000000002,
            "gross_profit": 882886,
            "gross_margin": 24.97,
            "gross_margin_4q_avg": 23.87,
            "net_income": 232098,
            "revenue": 3535557,
            "common_shares": 2509297,
            "book_valuer_per_share": 17.54,
            "book_valuer_per_share_4q_avg": 17.01,
            "equity": 4401972,
            "current_ratio": 145.32,
            "debt_ratio": 56.43,
            "inventory_turnover_ratio": 1.65,
            "account_receivable_turnover_ratio": 1.04,
            "reinvestment_rate": 10.86,
            "research_to_sale_ratio": 6.41,
            "price_fair": 99.4,
            "eps_avg_yearly": 2.84,
            "eps_latest_yearly": 3.72,
            "eps_growth_yearly": 121.71
        },
        "20204": {
            "year_quarter": 20204,
            "year": 2020,
            "quarter": 4,
            "eps": 0.61,
            "eps_growth_year": -29.95,
            "eps_4q": 3.39,
            "eps_4q_growth_year": 25.1,
            "roe": 3.38,
            "roe_4q": 19.88,
            "gross_profit": 708917,
            "gross_margin": 20.88,
            "gross_margin_4q_avg": 23.23,
            "net_income": 152100,
            "revenue": 3395383,
            "common_shares": 2509297,
            "book_valuer_per_share": 18.31,
            "book_valuer_per_share_4q_avg": 17.37,
            "equity": 4594129,
            "current_ratio": 149.84,
            "debt_ratio": 55.91,
            "inventory_turnover_ratio": 1.6,
            "account_receivable_turnover_ratio": 1.02,
            "reinvestment_rate": -4.56,
            "research_to_sale_ratio": 6.35,
            "price_fair": 97.56,
            "eps_avg_yearly": 2.79,
            "eps_latest_yearly": 2.44,
            "eps_growth_yearly": 109.23
        },
        "20211": {
            "year_quarter": 20211,
            "year": 2021,
            "quarter": 1,
            "eps": 0.37,
            "eps_growth_year": -5.13,
            "eps_4q": 3.38,
            "eps_4q_growth_year": 16.36,
            "roe": 2,
            "roe_4q": 19.61,
            "gross_profit": 529049,
            "gross_margin": 17.46,
            "gross_margin_4q_avg": 22.25,
            "net_income": 92719,
            "revenue": 3030280,
            "common_shares": 2509297,
            "book_valuer_per_share": 18.61,
            "book_valuer_per_share_4q_avg": 17.73,
            "equity": 4670045,
            "current_ratio": 150.73,
            "debt_ratio": 55.8,
            "inventory_turnover_ratio": 1.32,
            "account_receivable_turnover_ratio": 0.94,
            "reinvestment_rate": -0.19,
            "research_to_sale_ratio": 7.23,
            "price_fair": 96.34,
            "eps_avg_yearly": 2.75,
            "eps_latest_yearly": 1.48,
            "eps_growth_yearly": 108.85
        },
        "20212": {
            "year_quarter": 20212,
            "year": 2021,
            "quarter": 2,
            "eps": 0.3,
            "eps_growth_year": -79.59,
            "eps_4q": 2.2,
            "eps_4q_growth_year": -41.49,
            "roe": 1.58,
            "roe_4q": 12.4,
            "gross_profit": 629375,
            "gross_margin": 18.92,
            "gross_margin_4q_avg": 20.56,
            "net_income": 74324,
            "revenue": 3326557,
            "common_shares": 2509297,
            "book_valuer_per_share": 18.81,
            "book_valuer_per_share_4q_avg": 18.32,
            "equity": 4719183,
            "current_ratio": 144.95,
            "debt_ratio": 58.38,
            "inventory_turnover_ratio": 1.2,
            "account_receivable_turnover_ratio": 1.02,
            "reinvestment_rate": -6.47,
            "research_to_sale_ratio": 6.33,
            "price_fair": 91.7,
            "eps_avg_yearly": 2.62,
            "eps_latest_yearly": 1.2,
            "eps_growth_yearly": 88.43
        },
        "20213": {
            "year_quarter": 20213,
            "year": 2021,
            "quarter": 3,
            "eps": 0.35,
            "eps_growth_year": -62.37,
            "eps_4q": 1.63,
            "eps_4q_growth_year": -55.51,
            "roe": 1.99,
            "roe_4q": 8.95,
            "gross_profit": 651950,
            "gross_margin": 18.73,
            "gross_margin_4q_avg": 19,
            "net_income": 88700,
            "revenue": 3481143,
            "common_shares": 2509297,
            "book_valuer_per_share": 16.66,
            "book_valuer_per_share_4q_avg": 18.1,
            "equity": 4179754,
            "current_ratio": 130.49,
            "debt_ratio": 62.82,
            "inventory_turnover_ratio": 1.12,
            "account_receivable_turnover_ratio": 1.06,
            "reinvestment_rate": -7.21,
            "research_to_sale_ratio": 5.4,
            "price_fair": 88.38,
            "eps_avg_yearly": 2.53,
            "eps_latest_yearly": 1.4,
            "eps_growth_yearly": 95.61
        },
        "20214": {
            "year_quarter": 20214,
            "year": 2021,
            "quarter": 4,
            "eps": 0.69,
            "eps_growth_year": 14.08,
            "eps_4q": 1.71,
            "eps_4q_growth_year": -49.6,
            "roe": 4.06,
            "roe_4q": 9.629999999999999,
            "gross_profit": 725881,
            "gross_margin": 19.49,
            "gross_margin_4q_avg": 18.65,
            "net_income": 173510,
            "revenue": 3723824,
            "common_shares": 2509297,
            "book_valuer_per_share": 17.4,
            "book_valuer_per_share_4q_avg": 17.87,
            "equity": 4366785,
            "current_ratio": 134.48,
            "debt_ratio": 62.09,
            "inventory_turnover_ratio": 1.17,
            "account_receivable_turnover_ratio": 1.1,
            "reinvestment_rate": -11.28,
            "research_to_sale_ratio": 5.28,
            "price_fair": 89.6,
            "eps_avg_yearly": 2.56,
            "eps_latest_yearly": 2.76,
            "eps_growth_yearly": 126.06
        },
        "20221": {
            "year_quarter": 20221,
            "year": 2022,
            "quarter": 1,
            "eps": 0.61,
            "eps_growth_year": 64.86,
            "eps_4q": 1.95,
            "eps_4q_growth_year": -42.24,
            "roe": 3.42,
            "roe_4q": 11.049999999999999,
            "gross_profit": 580799,
            "gross_margin": 18.6,
            "gross_margin_4q_avg": 18.94,
            "net_income": 153096,
            "revenue": 3123248,
            "common_shares": 2509297,
            "book_valuer_per_share": 18.32,
            "book_valuer_per_share_4q_avg": 17.8,
            "equity": 4596807,
            "current_ratio": 141.04,
            "debt_ratio": 58.93,
            "inventory_turnover_ratio": 0.99,
            "account_receivable_turnover_ratio": 0.94,
            "reinvestment_rate": -5.68,
            "research_to_sale_ratio": 5.99,
            "price_fair": 92.58,
            "eps_avg_yearly": 2.65,
            "eps_latest_yearly": 2.44,
            "eps_growth_yearly": 135.89
        },
        "20222": {
            "year_quarter": 20222,
            "year": 2022,
            "quarter": 2,
            "eps": 1.2,
            "eps_growth_year": 300,
            "eps_4q": 2.85,
            "eps_4q_growth_year": 29.82,
            "roe": 6.56,
            "roe_4q": 16.029999999999998,
            "gross_profit": 786847,
            "gross_margin": 22.59,
            "gross_margin_4q_avg": 19.85,
            "net_income": 300302,
            "revenue": 3483127,
            "common_shares": 2509297,
            "book_valuer_per_share": 18.15,
            "book_valuer_per_share_4q_avg": 17.63,
            "equity": 4554124,
            "current_ratio": 139.36,
            "debt_ratio": 60.41,
            "inventory_turnover_ratio": 1,
            "account_receivable_turnover_ratio": 1.08,
            "reinvestment_rate": -6.41,
            "research_to_sale_ratio": 5.37,
            "price_fair": 96.69,
            "eps_avg_yearly": 2.76,
            "eps_latest_yearly": 4.8,
            "eps_growth_yearly": 117.48
        },
        "20223": {
            "year_quarter": 20223,
            "year": 2022,
            "quarter": 3,
            "eps": 1.42,
            "eps_growth_year": 305.71,
            "eps_4q": 3.92,
            "eps_4q_growth_year": 141,
            "roe": 7.5,
            "roe_4q": 21.539999999999996,
            "gross_profit": 879501,
            "gross_margin": 24,
            "gross_margin_4q_avg": 21.17,
            "net_income": 355984,
            "revenue": 3664104,
            "common_shares": 2509297,
            "book_valuer_per_share": 19.68,
            "book_valuer_per_share_4q_avg": 18.39,
            "equity": 4937253,
            "current_ratio": 136.95,
            "debt_ratio": 59.26,
            "inventory_turnover_ratio": 1.02,
            "account_receivable_turnover_ratio": 1.05,
            "reinvestment_rate": -2.02,
            "research_to_sale_ratio": 5.24,
            "price_fair": 101.68,
            "eps_avg_yearly": 2.91,
            "eps_latest_yearly": 5.68,
            "eps_growth_yearly": 117.95
        },
        "20224": {
            "year_quarter": 20224,
            "year": 2022,
            "quarter": 4,
            "eps": 1.11,
            "eps_growth_year": 61.21,
            "eps_4q": 4.34,
            "eps_4q_growth_year": 153.72,
            "roe": 5.52,
            "roe_4q": 23,
            "gross_profit": 923811,
            "gross_margin": 24.36,
            "gross_margin_4q_avg": 22.39,
            "net_income": 279713,
            "revenue": 3792829,
            "common_shares": 2509297,
            "book_valuer_per_share": 20.73,
            "book_valuer_per_share_4q_avg": 19.22,
            "equity": 5202477,
            "current_ratio": 142.75,
            "debt_ratio": 57.33,
            "inventory_turnover_ratio": 1.07,
            "account_receivable_turnover_ratio": 1.06,
            "reinvestment_rate": -3.23,
            "research_to_sale_ratio": 5.67,
            "price_fair": 106.49,
            "eps_avg_yearly": 3.04,
            "eps_latest_yearly": 4.44,
            "eps_growth_yearly": 121.02
        },
        "20231": {
            "year_quarter": 20231,
            "year": 2023,
            "quarter": 1,
            "eps": 1.11,
            "eps_growth_year": 81.97,
            "eps_4q": 4.84,
            "eps_4q_growth_year": 147.94,
            "roe": 5.2,
            "roe_4q": 24.779999999999998,
            "gross_profit": 813537,
            "gross_margin": 26.45,
            "gross_margin_4q_avg": 24.35,
            "net_income": 277989,
            "revenue": 3075327,
            "common_shares": 2509297,
            "book_valuer_per_share": 21.91,
            "book_valuer_per_share_4q_avg": 20.12,
            "equity": 5497812,
            "current_ratio": 160.2,
            "debt_ratio": 51.83,
            "inventory_turnover_ratio": 0.89,
            "account_receivable_turnover_ratio": 0.98,
            "reinvestment_rate": -5,
            "research_to_sale_ratio": 6.05,
            "price_fair": 114.45,
            "eps_avg_yearly": 3.27,
            "eps_latest_yearly": 4.44,
            "eps_growth_yearly": 137.09
        }
    },
    "months": {
        "2001-06": {
            "month": "2001-06",
            "price": "47.12",
            "revenue": 171507
        },
        "2001-07": {
            "month": "2001-07",
            "price": "31.49",
            "revenue": 210647
        },
        "2001-08": {
            "month": "2001-08",
            "price": "31.80",
            "revenue": 213314
        },
        "2001-09": {
            "month": "2001-09",
            "price": "25.36",
            "revenue": 201694
        },
        "2001-10": {
            "month": "2001-10",
            "price": "24.16",
            "revenue": 249708
        },
        "2001-11": {
            "month": "2001-11",
            "price": "28.36",
            "revenue": 207942
        },
        "2001-12": {
            "month": "2001-12",
            "price": "33.04",
            "revenue": 227608
        },
        "2002-01": {
            "month": "2002-01",
            "price": "34.64",
            "revenue": 232049
        },
        "2002-02": {
            "month": "2002-02",
            "price": "32.76",
            "revenue": 200720
        },
        "2002-03": {
            "month": "2002-03",
            "price": "35.18",
            "revenue": 301912
        },
        "2002-04": {
            "month": "2002-04",
            "price": "39.30",
            "revenue": 314531
        },
        "2002-05": {
            "month": "2002-05",
            "price": "34.94",
            "revenue": 284886
        },
        "2002-06": {
            "month": "2002-06",
            "price": "31.45",
            "revenue": 266874
        },
        "2002-07": {
            "month": "2002-07",
            "price": "27.19",
            "revenue": 283589
        },
        "2002-08": {
            "month": "2002-08",
            "price": "26.39",
            "revenue": 305133
        },
        "2002-09": {
            "month": "2002-09",
            "price": "21.70",
            "revenue": 360036
        },
        "2002-10": {
            "month": "2002-10",
            "price": "22.35",
            "revenue": 309941
        },
        "2002-11": {
            "month": "2002-11",
            "price": "21.98",
            "revenue": 325092
        },
        "2002-12": {
            "month": "2002-12",
            "price": "19.90",
            "revenue": 301237
        },
        "2003-01": {
            "month": "2003-01",
            "price": "19.58",
            "revenue": 250866
        },
        "2003-02": {
            "month": "2003-02",
            "price": "18.96",
            "revenue": 244719
        },
        "2003-03": {
            "month": "2003-03",
            "price": "17.43",
            "revenue": 346705
        },
        "2003-04": {
            "month": "2003-04",
            "price": "17.40",
            "revenue": 351385
        },
        "2003-05": {
            "month": "2003-05",
            "price": "16.70",
            "revenue": 303939
        },
        "2003-06": {
            "month": "2003-06",
            "price": "19.50",
            "revenue": 265155
        },
        "2003-07": {
            "month": "2003-07",
            "price": "19.14",
            "revenue": 286002
        },
        "2003-08": {
            "month": "2003-08",
            "price": "16.70",
            "revenue": 267629
        },
        "2003-09": {
            "month": "2003-09",
            "price": "15.59",
            "revenue": 340994
        },
        "2003-10": {
            "month": "2003-10",
            "price": "15.93",
            "revenue": 352866
        },
        "2003-11": {
            "month": "2003-11",
            "price": "16.55",
            "revenue": 316042
        },
        "2003-12": {
            "month": "2003-12",
            "price": "16.93",
            "revenue": 325495
        },
        "2004-01": {
            "month": "2004-01",
            "price": "18.09",
            "revenue": 291227
        },
        "2004-02": {
            "month": "2004-02",
            "price": "17.93",
            "revenue": 341633
        },
        "2004-03": {
            "month": "2004-03",
            "price": "17.53",
            "revenue": 370380
        },
        "2004-04": {
            "month": "2004-04",
            "price": "17.14",
            "revenue": 380626
        },
        "2004-05": {
            "month": "2004-05",
            "price": "16.16",
            "revenue": 365131
        },
        "2004-06": {
            "month": "2004-06",
            "price": "15.45",
            "revenue": 362505
        },
        "2004-07": {
            "month": "2004-07",
            "price": "14.30",
            "revenue": 358731
        },
        "2004-08": {
            "month": "2004-08",
            "price": "13.67",
            "revenue": 400711
        },
        "2004-09": {
            "month": "2004-09",
            "price": "15.17",
            "revenue": 385472
        },
        "2004-10": {
            "month": "2004-10",
            "price": "14.46",
            "revenue": 368943
        },
        "2004-11": {
            "month": "2004-11",
            "price": "13.95",
            "revenue": 329108
        },
        "2004-12": {
            "month": "2004-12",
            "price": "13.72",
            "revenue": 354656
        },
        "2005-01": {
            "month": "2005-01",
            "price": "13.40",
            "revenue": 314040
        },
        "2005-02": {
            "month": "2005-02",
            "price": "13.92",
            "revenue": 231955
        },
        "2005-03": {
            "month": "2005-03",
            "price": "14.04",
            "revenue": 379113
        },
        "2005-04": {
            "month": "2005-04",
            "price": "13.02",
            "revenue": 372506
        },
        "2005-05": {
            "month": "2005-05",
            "price": "12.15",
            "revenue": 360712
        },
        "2005-06": {
            "month": "2005-06",
            "price": "13.25",
            "revenue": 359032
        },
        "2005-07": {
            "month": "2005-07",
            "price": "13.92",
            "revenue": 388012
        },
        "2005-08": {
            "month": "2005-08",
            "price": "13.17",
            "revenue": 440756
        },
        "2005-09": {
            "month": "2005-09",
            "price": "12.49",
            "revenue": 469223
        },
        "2005-10": {
            "month": "2005-10",
            "price": "11.38",
            "revenue": 456827
        },
        "2005-11": {
            "month": "2005-11",
            "price": "11.75",
            "revenue": 515891
        },
        "2005-12": {
            "month": "2005-12",
            "price": "13.51",
            "revenue": 455471
        },
        "2006-01": {
            "month": "2006-01",
            "price": "14.37",
            "revenue": 471568
        },
        "2006-02": {
            "month": "2006-02",
            "price": "13.86",
            "revenue": 393519
        },
        "2006-03": {
            "month": "2006-03",
            "price": "14.88",
            "revenue": 558926
        },
        "2006-04": {
            "month": "2006-04",
            "price": "16.17",
            "revenue": 517154
        },
        "2006-05": {
            "month": "2006-05",
            "price": "14.79",
            "revenue": 504253
        },
        "2006-06": {
            "month": "2006-06",
            "price": "13.37",
            "revenue": 569025
        },
        "2006-07": {
            "month": "2006-07",
            "price": "14.00",
            "revenue": 570613
        },
        "2006-08": {
            "month": "2006-08",
            "price": "14.88",
            "revenue": 579750
        },
        "2006-09": {
            "month": "2006-09",
            "price": "14.98",
            "revenue": 601556
        },
        "2006-10": {
            "month": "2006-10",
            "price": "17.40",
            "revenue": 539133
        },
        "2006-11": {
            "month": "2006-11",
            "price": "19.09",
            "revenue": 543996
        },
        "2006-12": {
            "month": "2006-12",
            "price": "21.71",
            "revenue": 484713
        },
        "2007-01": {
            "month": "2007-01",
            "price": "24.60",
            "revenue": 489597
        },
        "2007-02": {
            "month": "2007-02",
            "price": "22.60",
            "revenue": 384661
        },
        "2007-03": {
            "month": "2007-03",
            "price": "22.73",
            "revenue": 569728
        },
        "2007-04": {
            "month": "2007-04",
            "price": "23.65",
            "revenue": 541067
        },
        "2007-05": {
            "month": "2007-05",
            "price": "22.68",
            "revenue": 485968
        },
        "2007-06": {
            "month": "2007-06",
            "price": "23.72",
            "revenue": 474861
        },
        "2007-07": {
            "month": "2007-07",
            "price": "27.51",
            "revenue": 630088
        },
        "2007-08": {
            "month": "2007-08",
            "price": "23.87",
            "revenue": 665686
        },
        "2007-09": {
            "month": "2007-09",
            "price": "21.31",
            "revenue": 701452
        },
        "2007-10": {
            "month": "2007-10",
            "price": "20.80",
            "revenue": 672234
        },
        "2007-11": {
            "month": "2007-11",
            "price": "18.43",
            "revenue": 590450
        },
        "2007-12": {
            "month": "2007-12",
            "price": "17.04",
            "revenue": 611055
        },
        "2008-01": {
            "month": "2008-01",
            "price": "17.63",
            "revenue": 658289
        },
        "2008-02": {
            "month": "2008-02",
            "price": "18.45",
            "revenue": 419335
        },
        "2008-03": {
            "month": "2008-03",
            "price": "17.95",
            "revenue": 614823
        },
        "2008-04": {
            "month": "2008-04",
            "price": "17.95",
            "revenue": 673178
        },
        "2008-05": {
            "month": "2008-05",
            "price": "17.05",
            "revenue": 651871
        },
        "2008-06": {
            "month": "2008-06",
            "price": "15.72",
            "revenue": 609522
        },
        "2008-07": {
            "month": "2008-07",
            "price": "15.40",
            "revenue": 691991
        },
        "2008-08": {
            "month": "2008-08",
            "price": "18.89",
            "revenue": 632649
        },
        "2008-09": {
            "month": "2008-09",
            "price": "18.12",
            "revenue": 766899
        },
        "2008-10": {
            "month": "2008-10",
            "price": "17.54",
            "revenue": 658409
        },
        "2008-11": {
            "month": "2008-11",
            "price": "18.52",
            "revenue": 560626
        },
        "2008-12": {
            "month": "2008-12",
            "price": "17.79",
            "revenue": 448112
        },
        "2009-01": {
            "month": "2009-01",
            "price": "17.43",
            "revenue": 314330
        },
        "2009-02": {
            "month": "2009-02",
            "price": "18.63",
            "revenue": 473651
        },
        "2009-03": {
            "month": "2009-03",
            "price": "21.93",
            "revenue": 539928
        },
        "2009-04": {
            "month": "2009-04",
            "price": "21.01",
            "revenue": 545271
        },
        "2009-05": {
            "month": "2009-05",
            "price": "18.96",
            "revenue": 461438
        },
        "2009-06": {
            "month": "2009-06",
            "price": "18.35",
            "revenue": 499084
        },
        "2009-07": {
            "month": "2009-07",
            "price": "18.08",
            "revenue": 577079
        },
        "2009-08": {
            "month": "2009-08",
            "price": "18.97",
            "revenue": 576814
        },
        "2009-09": {
            "month": "2009-09",
            "price": "18.57",
            "revenue": 671273
        },
        "2009-10": {
            "month": "2009-10",
            "price": "19.79",
            "revenue": 652043
        },
        "2009-11": {
            "month": "2009-11",
            "price": "23.78",
            "revenue": 606248
        },
        "2009-12": {
            "month": "2009-12",
            "price": "28.22",
            "revenue": 658567
        },
        "2010-01": {
            "month": "2010-01",
            "price": "27.22",
            "revenue": 699601
        },
        "2010-02": {
            "month": "2010-02",
            "price": "26.24",
            "revenue": 450708
        },
        "2010-03": {
            "month": "2010-03",
            "price": "28.07",
            "revenue": 713411
        },
        "2010-04": {
            "month": "2010-04",
            "price": "27.60",
            "revenue": 753332
        },
        "2010-05": {
            "month": "2010-05",
            "price": "28.39",
            "revenue": 719367
        },
        "2010-06": {
            "month": "2010-06",
            "price": "27.13",
            "revenue": 651495
        },
        "2010-07": {
            "month": "2010-07",
            "price": "26.52",
            "revenue": 671714
        },
        "2010-08": {
            "month": "2010-08",
            "price": "26.53",
            "revenue": 691770
        },
        "2010-09": {
            "month": "2010-09",
            "price": "26.60",
            "revenue": 758868
        },
        "2010-10": {
            "month": "2010-10",
            "price": "26.68",
            "revenue": 646479
        },
        "2010-11": {
            "month": "2010-11",
            "price": "26.31",
            "revenue": 645907
        },
        "2010-12": {
            "month": "2010-12",
            "price": "27.17",
            "revenue": 554321
        },
        "2011-01": {
            "month": "2011-01",
            "price": "27.23",
            "revenue": 633436
        },
        "2011-02": {
            "month": "2011-02",
            "price": "25.36",
            "revenue": 442139
        },
        "2011-03": {
            "month": "2011-03",
            "price": "24.47",
            "revenue": 674992
        },
        "2011-04": {
            "month": "2011-04",
            "price": "25.01",
            "revenue": 692930
        },
        "2011-05": {
            "month": "2011-05",
            "price": "24.39",
            "revenue": 691088
        },
        "2011-06": {
            "month": "2011-06",
            "price": "25.89",
            "revenue": 698193
        },
        "2011-07": {
            "month": "2011-07",
            "price": "24.72",
            "revenue": 701870
        },
        "2011-08": {
            "month": "2011-08",
            "price": "26.19",
            "revenue": 691672
        },
        "2011-09": {
            "month": "2011-09",
            "price": "26.12",
            "revenue": 664068
        },
        "2011-10": {
            "month": "2011-10",
            "price": "26.29",
            "revenue": 608177
        },
        "2011-11": {
            "month": "2011-11",
            "price": "26.47",
            "revenue": 583762
        },
        "2011-12": {
            "month": "2011-12",
            "price": "26.31",
            "revenue": 615097
        },
        "2012-01": {
            "month": "2012-01",
            "price": "25.65",
            "revenue": 493446
        },
        "2012-02": {
            "month": "2012-02",
            "price": "25.00",
            "revenue": 570446
        },
        "2012-03": {
            "month": "2012-03",
            "price": "22.99",
            "revenue": 687976
        },
        "2012-04": {
            "month": "2012-04",
            "price": "20.80",
            "revenue": 681447
        },
        "2012-05": {
            "month": "2012-05",
            "price": "20.53",
            "revenue": 677127
        },
        "2012-06": {
            "month": "2012-06",
            "price": "20.82",
            "revenue": 690964
        },
        "2012-07": {
            "month": "2012-07",
            "price": "20.23",
            "revenue": 692165
        },
        "2012-08": {
            "month": "2012-08",
            "price": "18.55",
            "revenue": 731316
        },
        "2012-09": {
            "month": "2012-09",
            "price": "18.42",
            "revenue": 697935
        },
        "2012-10": {
            "month": "2012-10",
            "price": "17.78",
            "revenue": 605375
        },
        "2012-11": {
            "month": "2012-11",
            "price": "17.41",
            "revenue": 630464
        },
        "2012-12": {
            "month": "2012-12",
            "price": "17.72",
            "revenue": 549819
        },
        "2013-01": {
            "month": "2013-01",
            "price": "17.90",
            "revenue": 673347
        },
        "2013-02": {
            "month": "2013-02",
            "price": "18.73",
            "revenue": 414761
        },
        "2013-03": {
            "month": "2013-03",
            "price": "19.25",
            "revenue": 583795
        },
        "2013-04": {
            "month": "2013-04",
            "price": "18.89",
            "revenue": 675482
        },
        "2013-05": {
            "month": "2013-05",
            "price": "18.85",
            "revenue": 760894
        },
        "2013-06": {
            "month": "2013-06",
            "price": "18.18",
            "revenue": 681020
        },
        "2013-07": {
            "month": "2013-07",
            "price": "17.25",
            "revenue": 780208
        },
        "2013-08": {
            "month": "2013-08",
            "price": "17.05",
            "revenue": 744438
        },
        "2013-09": {
            "month": "2013-09",
            "price": "17.02",
            "revenue": 705022
        },
        "2013-10": {
            "month": "2013-10",
            "price": "16.80",
            "revenue": 689004
        },
        "2013-11": {
            "month": "2013-11",
            "price": "17.07",
            "revenue": 768289
        },
        "2013-12": {
            "month": "2013-12",
            "price": "18.34",
            "revenue": 778655
        },
        "2014-01": {
            "month": "2014-01",
            "price": "20.43",
            "revenue": 766459
        },
        "2014-02": {
            "month": "2014-02",
            "price": "22.03",
            "revenue": 507691
        },
        "2014-03": {
            "month": "2014-03",
            "price": "21.69",
            "revenue": 742991
        },
        "2014-04": {
            "month": "2014-04",
            "price": "21.85",
            "revenue": 858015
        },
        "2014-05": {
            "month": "2014-05",
            "price": "22.82",
            "revenue": 827264
        },
        "2014-06": {
            "month": "2014-06",
            "price": "22.58",
            "revenue": 821648
        },
        "2014-07": {
            "month": "2014-07",
            "price": "21.48",
            "revenue": 841668
        },
        "2014-08": {
            "month": "2014-08",
            "price": "20.93",
            "revenue": 813260
        },
        "2014-09": {
            "month": "2014-09",
            "price": "20.46",
            "revenue": 866803
        },
        "2014-10": {
            "month": "2014-10",
            "price": "20.25",
            "revenue": 747219
        },
        "2014-11": {
            "month": "2014-11",
            "price": "19.19",
            "revenue": 837884
        },
        "2014-12": {
            "month": "2014-12",
            "price": "19.26",
            "revenue": 901474
        },
        "2015-01": {
            "month": "2015-01",
            "price": "20.42",
            "revenue": 877996
        },
        "2015-02": {
            "month": "2015-02",
            "price": "20.25",
            "revenue": 596017
        },
        "2015-03": {
            "month": "2015-03",
            "price": "21.40",
            "revenue": 802295
        },
        "2015-04": {
            "month": "2015-04",
            "price": "21.98",
            "revenue": 823503
        },
        "2015-05": {
            "month": "2015-05",
            "price": "20.27",
            "revenue": 772799
        },
        "2015-06": {
            "month": "2015-06",
            "price": "17.96",
            "revenue": 831103
        },
        "2015-07": {
            "month": "2015-07",
            "price": "16.09",
            "revenue": 851470
        },
        "2015-08": {
            "month": "2015-08",
            "price": "14.04",
            "revenue": 901694
        },
        "2015-09": {
            "month": "2015-09",
            "price": "15.03",
            "revenue": 1009200
        },
        "2015-10": {
            "month": "2015-10",
            "price": "16.75",
            "revenue": 861843
        },
        "2015-11": {
            "month": "2015-11",
            "price": "17.22",
            "revenue": 905890
        },
        "2015-12": {
            "month": "2015-12",
            "price": "17.55",
            "revenue": 879419
        },
        "2016-01": {
            "month": "2016-01",
            "price": "17.89",
            "revenue": 800791
        },
        "2016-02": {
            "month": "2016-02",
            "price": "22.02",
            "revenue": 578481
        },
        "2016-03": {
            "month": "2016-03",
            "price": "24.01",
            "revenue": 900372
        },
        "2016-04": {
            "month": "2016-04",
            "price": "24.30",
            "revenue": 795632
        },
        "2016-05": {
            "month": "2016-05",
            "price": "21.60",
            "revenue": 803023
        },
        "2016-06": {
            "month": "2016-06",
            "price": "20.97",
            "revenue": 903577
        },
        "2016-07": {
            "month": "2016-07",
            "price": "23.21",
            "revenue": 903014
        },
        "2016-08": {
            "month": "2016-08",
            "price": "26.60",
            "revenue": 956687
        },
        "2016-09": {
            "month": "2016-09",
            "price": "26.12",
            "revenue": 979551
        },
        "2016-10": {
            "month": "2016-10",
            "price": "24.18",
            "revenue": 866823
        },
        "2016-11": {
            "month": "2016-11",
            "price": "23.22",
            "revenue": 1085122
        },
        "2016-12": {
            "month": "2016-12",
            "price": "25.56",
            "revenue": 1117749
        },
        "2017-01": {
            "month": "2017-01",
            "price": "28.78",
            "revenue": 877785
        },
        "2017-02": {
            "month": "2017-02",
            "price": "31.78",
            "revenue": 703746
        },
        "2017-03": {
            "month": "2017-03",
            "price": "30.18",
            "revenue": 933304
        },
        "2017-04": {
            "month": "2017-04",
            "price": "31.73",
            "revenue": 821029
        },
        "2017-05": {
            "month": "2017-05",
            "price": "33.02",
            "revenue": 978868
        },
        "2017-06": {
            "month": "2017-06",
            "price": "38.40",
            "revenue": 1036247
        },
        "2017-07": {
            "month": "2017-07",
            "price": "41.36",
            "revenue": 931494
        },
        "2017-08": {
            "month": "2017-08",
            "price": "48.93",
            "revenue": 908742
        },
        "2017-09": {
            "month": "2017-09",
            "price": "51.54",
            "revenue": 1010448
        },
        "2017-10": {
            "month": "2017-10",
            "price": "61.14",
            "revenue": 833243
        },
        "2017-11": {
            "month": "2017-11",
            "price": "63.31",
            "revenue": 948170
        },
        "2017-12": {
            "month": "2017-12",
            "price": "52.77",
            "revenue": 963652
        },
        "2018-01": {
            "month": "2018-01",
            "price": "53.36",
            "revenue": 997817
        },
        "2018-02": {
            "month": "2018-02",
            "price": "52.38",
            "revenue": 674158
        },
        "2018-03": {
            "month": "2018-03",
            "price": "48.48",
            "revenue": 936791
        },
        "2018-04": {
            "month": "2018-04",
            "price": "40.97",
            "revenue": 915443
        },
        "2018-05": {
            "month": "2018-05",
            "price": "39.32",
            "revenue": 1066609
        },
        "2018-06": {
            "month": "2018-06",
            "price": "43.40",
            "revenue": 1042779
        },
        "2018-07": {
            "month": "2018-07",
            "price": "43.38",
            "revenue": 1095284
        },
        "2018-08": {
            "month": "2018-08",
            "price": "43.98",
            "revenue": 1099815
        },
        "2018-09": {
            "month": "2018-09",
            "price": "45.17",
            "revenue": 1098841
        },
        "2018-10": {
            "month": "2018-10",
            "price": "37.01",
            "revenue": 1050791
        },
        "2018-11": {
            "month": "2018-11",
            "price": "35.43",
            "revenue": 973584
        },
        "2018-12": {
            "month": "2018-12",
            "price": "38.97",
            "revenue": 1013386
        },
        "2019-01": {
            "month": "2019-01",
            "price": "37.48",
            "revenue": 1030794
        },
        "2019-02": {
            "month": "2019-02",
            "price": "39.45",
            "revenue": 559876
        },
        "2019-03": {
            "month": "2019-03",
            "price": "37.87",
            "revenue": 847754
        },
        "2019-04": {
            "month": "2019-04",
            "price": "36.98",
            "revenue": 874364
        },
        "2019-05": {
            "month": "2019-05",
            "price": "32.34",
            "revenue": 905555
        },
        "2019-06": {
            "month": "2019-06",
            "price": "32.19",
            "revenue": 922493
        },
        "2019-07": {
            "month": "2019-07",
            "price": "33.11",
            "revenue": 1124140
        },
        "2019-08": {
            "month": "2019-08",
            "price": "38.21",
            "revenue": 1050424
        },
        "2019-09": {
            "month": "2019-09",
            "price": "38.82",
            "revenue": 1082992
        },
        "2019-10": {
            "month": "2019-10",
            "price": "37.96",
            "revenue": 1022556
        },
        "2019-11": {
            "month": "2019-11",
            "price": "42.40",
            "revenue": 1091275
        },
        "2019-12": {
            "month": "2019-12",
            "price": "44.41",
            "revenue": 1147692
        },
        "2020-01": {
            "month": "2020-01",
            "price": "44.72",
            "revenue": 822116
        },
        "2020-02": {
            "month": "2020-02",
            "price": "41.50",
            "revenue": 469187
        },
        "2020-03": {
            "month": "2020-03",
            "price": "34.15",
            "revenue": 956664
        },
        "2020-04": {
            "month": "2020-04",
            "price": "36.83",
            "revenue": 1251738
        },
        "2020-05": {
            "month": "2020-05",
            "price": "49.01",
            "revenue": 1261181
        },
        "2020-06": {
            "month": "2020-06",
            "price": "50.99",
            "revenue": 1089455
        },
        "2020-07": {
            "month": "2020-07",
            "price": "51.94",
            "revenue": 1213418
        },
        "2020-08": {
            "month": "2020-08",
            "price": "61.80",
            "revenue": 1090989
        },
        "2020-09": {
            "month": "2020-09",
            "price": "61.75",
            "revenue": 1231150
        },
        "2020-10": {
            "month": "2020-10",
            "price": "62.32",
            "revenue": 1053828
        },
        "2020-11": {
            "month": "2020-11",
            "price": "54.98",
            "revenue": 1117908
        },
        "2020-12": {
            "month": "2020-12",
            "price": "53.00",
            "revenue": 1223647
        },
        "2021-01": {
            "month": "2021-01",
            "price": "52.48",
            "revenue": 1109149
        },
        "2021-02": {
            "month": "2021-02",
            "price": "54.63",
            "revenue": 708797
        },
        "2021-03": {
            "month": "2021-03",
            "price": "52.73",
            "revenue": 1212334
        },
        "2021-04": {
            "month": "2021-04",
            "price": "52.71",
            "revenue": 1122420
        },
        "2021-05": {
            "month": "2021-05",
            "price": "44.25",
            "revenue": 1118856
        },
        "2021-06": {
            "month": "2021-06",
            "price": "45.18",
            "revenue": 1085281
        },
        "2021-07": {
            "month": "2021-07",
            "price": "45.59",
            "revenue": 1101756
        },
        "2021-08": {
            "month": "2021-08",
            "price": "39.08",
            "revenue": 1265784
        },
        "2021-09": {
            "month": "2021-09",
            "price": "39.17",
            "revenue": 1113603
        },
        "2021-10": {
            "month": "2021-10",
            "price": "37.58",
            "revenue": 1085288
        },
        "2021-11": {
            "month": "2021-11",
            "price": "40.66",
            "revenue": 1325893
        },
        "2021-12": {
            "month": "2021-12",
            "price": "41.78",
            "revenue": 1312643
        },
        "2022-01": {
            "month": "2022-01",
            "price": "43.78",
            "revenue": 1202074
        },
        "2022-02": {
            "month": "2022-02",
            "price": "46.32",
            "revenue": 837193
        },
        "2022-03": {
            "month": "2022-03",
            "price": "43.08",
            "revenue": 1083981
        },
        "2022-04": {
            "month": "2022-04",
            "price": "39.45",
            "revenue": 884979
        },
        "2022-05": {
            "month": "2022-05",
            "price": "37.01",
            "revenue": 1135903
        },
        "2022-06": {
            "month": "2022-06",
            "price": "36.89",
            "revenue": 1462245
        },
        "2022-07": {
            "month": "2022-07",
            "price": "34.96",
            "revenue": 1209716
        },
        "2022-08": {
            "month": "2022-08",
            "price": "42.58",
            "revenue": 1098401
        },
        "2022-09": {
            "month": "2022-09",
            "price": "39.50",
            "revenue": 1355987
        },
        "2022-10": {
            "month": "2022-10",
            "price": "39.76",
            "revenue": 1353203
        },
        "2022-11": {
            "month": "2022-11",
            "price": "44.75",
            "revenue": 1316966
        },
        "2022-12": {
            "month": "2022-12",
            "price": "45.50",
            "revenue": 1122660
        },
        "2023-01": {
            "month": "2023-01",
            "price": "42.27",
            "revenue": 835453
        },
        "2023-02": {
            "month": "2023-02",
            "price": "42.82",
            "revenue": 1027403
        },
        "2023-03": {
            "month": "2023-03",
            "price": "47.93",
            "revenue": 1212471
        },
        "2023-04": {
            "month": "2023-04",
            "price": "52.85",
            "revenue": 1103502
        }
    }
}
