{
    "summary": {
        "stock_name": "固緯",
        "stock_id": "2423",
        "category": "其他電子",
        "main_business": "儀器<br>通訊<br>其他",
        "website_url": "http://www.gwinstek.com",
        "ceo": "張朝明",
        "pe_ratio": 13,
        "report_year_from": 2001,
        "report_year_to": 2023,
        "age": 22,
        "eps_negative_percentage": 0,
        "eps_growth_avg": {
            "last_all": 7.82,
            "last_2y": 16.08,
            "last_4y": 11.95,
            "last_8y": 14.97,
            "last_12y": 12.76,
            "last_16y": 9.2,
            "last_20y": 7.82,
            "at_2006_last_3y": 18.82,
            "at_2007_last_3y": 11.53,
            "at_2008_last_3y": -3.38,
            "at_2009_last_3y": -2.38,
            "at_2010_last_3y": 0.93,
            "at_2011_last_3y": 6.85,
            "at_2012_last_3y": 2.63,
            "at_2013_last_3y": 7.81,
            "at_2014_last_3y": 2.18,
            "at_2015_last_3y": 0.84,
            "at_2016_last_3y": 16.61,
            "at_2017_last_3y": 18.73,
            "at_2018_last_3y": 14.43,
            "at_2019_last_3y": 6.27,
            "at_2020_last_3y": -3.82,
            "at_2021_last_3y": 5.49,
            "at_2022_last_3y": 9.84,
            "at_2023_last_3y": 9.84,
            "at_2006_last_all": 10.96,
            "at_2007_last_all": 10.03,
            "at_2008_last_all": 2.58,
            "at_2009_last_all": -0.21,
            "at_2010_last_all": 6.5,
            "at_2011_last_all": 8.76,
            "at_2012_last_all": 2.6,
            "at_2013_last_all": 2.47,
            "at_2014_last_all": 5.17,
            "at_2015_last_all": 6.5,
            "at_2016_last_all": 6.34,
            "at_2017_last_all": 6.53,
            "at_2018_last_all": 7.35,
            "at_2019_last_all": 6.45,
            "at_2020_last_all": 4.2,
            "at_2021_last_all": 6.32,
            "at_2022_last_all": 7.82,
            "at_2023_last_all": 7.82
        },
        "latest_eps": 2.72,
        "latest_price": 35.15,
        "latest_roe": 16.15,
        "latest_gross_margin": 51.73,
        "latest_equity": 2497969,
        "latest_revenue": 721347,
        "latest_gross_profit": 373142,
        "latest_net_income": 88600,
        "latest_debt_ratio": 33.25,
        "latest_current_ratio": 223.83,
        "latest_account_receivable_turnover_ratio": 0.99,
        "latest_inventory_turnover_ratio": 0.3,
        "latest_reinvestment_rate": 5.89,
        "latest_research_to_sale_ratio": 8.75
    },
    "eps_dividends": {
        "1998": {
            "cash": 0,
            "stock": 2,
            "eps": 0
        },
        "2000": {
            "cash": 0.5,
            "stock": 1.5,
            "eps": 0
        },
        "2001": {
            "cash": 1,
            "stock": 1,
            "eps": 1.71
        },
        "2002": {
            "cash": 0.75,
            "stock": 0.75,
            "eps": 1.36
        },
        "2003": {
            "cash": 1,
            "stock": 0,
            "eps": 1.83
        },
        "2004": {
            "cash": 1.01,
            "stock": 0.51,
            "eps": 2.15
        },
        "2005": {
            "cash": 1.5,
            "stock": 0,
            "eps": 1.64
        },
        "2006": {
            "cash": 1.5,
            "stock": 0,
            "eps": 2.41
        },
        "2007": {
            "cash": 2,
            "stock": 0.5,
            "eps": 2.54
        },
        "2008": {
            "cash": 1.5,
            "stock": 0.5,
            "eps": 1.47
        },
        "2009": {
            "cash": 1,
            "stock": 0,
            "eps": 1.18
        },
        "2010": {
            "cash": 0.5,
            "stock": 0.5,
            "eps": 1.89
        },
        "2011": {
            "cash": 1.75,
            "stock": 1,
            "eps": 2.44
        },
        "2012": {
            "cash": 0,
            "stock": 0,
            "eps": 1
        },
        "2013": {
            "cash": 0.5,
            "stock": 0.5,
            "eps": 1.01
        },
        "2014": {
            "cash": 0.25,
            "stock": 0.75,
            "eps": 1.39
        },
        "2015": {
            "cash": 0.5,
            "stock": 0.5,
            "eps": 1.72
        },
        "2016": {
            "cash": 0.7,
            "stock": 0.5,
            "eps": 1.79
        },
        "2017": {
            "cash": 1.2,
            "stock": 0,
            "eps": 1.96
        },
        "2018": {
            "cash": 1.5,
            "stock": 0,
            "eps": 2.36
        },
        "2019": {
            "cash": 1.8,
            "stock": 0,
            "eps": 2.15
        },
        "2020": {
            "cash": 1.5,
            "stock": 0,
            "eps": 1.37
        },
        "2021": {
            "cash": 1.2,
            "stock": 0,
            "eps": 2.01
        },
        "2022": {
            "cash": 1.5,
            "stock": 0,
            "eps": 2.77
        },
        "2023": {
            "cash": 2,
            "stock": 0,
            "eps": 1.17
        }
    },
    "dividends": {
        "1998-05-02": {
            "cash": 0,
            "stock": 2
        },
        "2000-05-06": {
            "cash": 0.5,
            "stock": 1.5
        },
        "2001-05-07": {
            "cash": 1,
            "stock": 1
        },
        "2002-05-06": {
            "cash": 0.75,
            "stock": 0.75
        },
        "2003-06-16": {
            "cash": 1,
            "stock": 0
        },
        "2004-03-26": {
            "cash": 1.01,
            "stock": 0.51
        },
        "2005-04-11": {
            "cash": 1.5,
            "stock": 0
        },
        "2006-04-26": {
            "cash": 1.5,
            "stock": 0
        },
        "2007-04-20": {
            "cash": 2,
            "stock": 0.5
        },
        "2008-03-25": {
            "cash": 1.5,
            "stock": 0.5
        },
        "2009-03-23": {
            "cash": 1,
            "stock": 0
        },
        "2010-03-26": {
            "cash": 0.5,
            "stock": 0.5
        },
        "2011-01-01": {
            "cash": 1,
            "stock": 0.5
        },
        "2011-03-21": {
            "cash": 0.75,
            "stock": 0.5
        },
        "2013-03-28": {
            "cash": 0.5,
            "stock": 0.5
        },
        "2014-09-02": {
            "cash": 0.25,
            "stock": 0.75
        },
        "2015-08-28": {
            "cash": 0.5,
            "stock": 0.5
        },
        "2016-09-27": {
            "cash": 0.7,
            "stock": 0.5
        },
        "2017-08-08": {
            "cash": 1.2,
            "stock": 0
        },
        "2018-08-03": {
            "cash": 1.5,
            "stock": 0
        },
        "2019-07-26": {
            "cash": 1.8,
            "stock": 0
        },
        "2020-07-28": {
            "cash": 1.5,
            "stock": 0
        },
        "2021-08-18": {
            "cash": 1.2,
            "stock": 0
        },
        "2022-07-19": {
            "cash": 1.5,
            "stock": 0
        },
        "2023-07-19": {
            "cash": 2,
            "stock": 0
        }
    },
    "prices": {
        "200101": "15.34",
        "200102": "18.75",
        "200103": "24.20",
        "200104": "32.55",
        "200105": "31.78",
        "200106": "31.06",
        "200107": "25.49",
        "200108": "22.63",
        "200109": "17.28",
        "200110": "16.37",
        "200111": "19.60",
        "200112": "25.00",
        "200201": "26.36",
        "200202": "25.20",
        "200203": "27.23",
        "200204": "26.73",
        "200205": "21.31",
        "200206": "19.69",
        "200207": "16.53",
        "200208": "16.38",
        "200209": "16.56",
        "200210": "16.55",
        "200211": "16.54",
        "200212": "17.00",
        "200301": "16.56",
        "200302": "16.24",
        "200303": "15.10",
        "200304": "15.02",
        "200305": "15.47",
        "200306": "17.63",
        "200307": "20.70",
        "200308": "20.66",
        "200309": "19.08",
        "200310": "18.93",
        "200311": "20.66",
        "200312": "21.09",
        "200401": "21.45",
        "200402": "22.64",
        "200403": "22.54",
        "200404": "23.17",
        "200405": "22.16",
        "200406": "20.94",
        "200407": "18.31",
        "200408": "17.10",
        "200409": "18.85",
        "200410": "18.22",
        "200411": "17.76",
        "200412": "17.28",
        "200501": "16.94",
        "200502": "17.50",
        "200503": "18.31",
        "200504": "17.73",
        "200505": "16.84",
        "200506": "17.31",
        "200507": "16.91",
        "200508": "15.68",
        "200509": "15.09",
        "200510": "14.23",
        "200511": "14.40",
        "200512": "15.85",
        "200601": "17.14",
        "200602": "16.76",
        "200603": "15.84",
        "200604": "16.11",
        "200605": "17.63",
        "200606": "16.69",
        "200607": "15.18",
        "200608": "16.40",
        "200609": "16.64",
        "200610": "16.92",
        "200611": "18.53",
        "200612": "19.45",
        "200701": "20.83",
        "200702": "22.03",
        "200703": "29.21",
        "200704": "38.35",
        "200705": "36.80",
        "200706": "38.19",
        "200707": "39.18",
        "200708": "30.41",
        "200709": "29.90",
        "200710": "28.45",
        "200711": "24.39",
        "200712": "23.18",
        "200801": "22.52",
        "200802": "22.35",
        "200803": "25.16",
        "200804": "27.42",
        "200805": "27.89",
        "200806": "24.31",
        "200807": "20.68",
        "200808": "19.06",
        "200809": "17.24",
        "200810": "15.04",
        "200811": "12.67",
        "200812": "12.34",
        "200901": "12.57",
        "200902": "12.28",
        "200903": "13.84",
        "200904": "15.29",
        "200905": "15.39",
        "200906": "15.25",
        "200907": "15.42",
        "200908": "17.23",
        "200909": "17.94",
        "200910": "19.37",
        "200911": "19.06",
        "200912": "22.78",
        "201001": "25.89",
        "201002": "24.35",
        "201003": "24.92",
        "201004": "25.76",
        "201005": "23.06",
        "201006": "21.91",
        "201007": "23.16",
        "201008": "24.13",
        "201009": "23.10",
        "201010": "23.03",
        "201011": "22.41",
        "201012": "23.62",
        "201101": "23.91",
        "201102": "23.50",
        "201103": "23.07",
        "201104": "23.40",
        "201105": "25.34",
        "201106": "23.76",
        "201107": "22.74",
        "201108": "20.28",
        "201109": "21.11",
        "201110": "21.30",
        "201111": "20.61",
        "201112": "19.07",
        "201201": "19.55",
        "201202": "21.18",
        "201203": "22.13",
        "201204": "20.51",
        "201205": "19.28",
        "201206": "19.40",
        "201207": "18.80",
        "201208": "18.08",
        "201209": "18.72",
        "201210": "18.48",
        "201211": "17.24",
        "201212": "17.41",
        "201301": "17.45",
        "201302": "17.83",
        "201303": "17.83",
        "201304": "17.52",
        "201305": "17.76",
        "201306": "17.76",
        "201307": "17.39",
        "201308": "17.27",
        "201309": "17.45",
        "201310": "17.75",
        "201311": "17.72",
        "201312": "17.72",
        "201401": "18.51",
        "201402": "19.43",
        "201403": "21.12",
        "201404": "21.16",
        "201405": "19.92",
        "201406": "20.11",
        "201407": "20.33",
        "201408": "18.49",
        "201409": "18.45",
        "201410": "21.15",
        "201411": "20.93",
        "201412": "20.68",
        "201501": "21.81",
        "201502": "21.54",
        "201503": "21.13",
        "201504": "20.38",
        "201505": "20.10",
        "201506": "18.71",
        "201507": "17.65",
        "201508": "15.33",
        "201509": "15.86",
        "201510": "16.68",
        "201511": "16.65",
        "201512": "16.90",
        "201601": "16.97",
        "201602": "16.97",
        "201603": "18.12",
        "201604": "18.54",
        "201605": "17.75",
        "201606": "17.88",
        "201607": "18.55",
        "201608": "19.18",
        "201609": "18.36",
        "201610": "19.25",
        "201611": "19.27",
        "201612": "19.38",
        "201701": "19.65",
        "201702": "20.09",
        "201703": "20.11",
        "201704": "20.95",
        "201705": "21.93",
        "201706": "23.48",
        "201707": "23.11",
        "201708": "24.25",
        "201709": "25.87",
        "201710": "25.51",
        "201711": "24.47",
        "201712": "23.26",
        "201801": "23.31",
        "201802": "22.62",
        "201803": "23.42",
        "201804": "23.48",
        "201805": "23.44",
        "201806": "23.94",
        "201807": "23.12",
        "201808": "23.46",
        "201809": "23.52",
        "201810": "22.13",
        "201811": "21.79",
        "201812": "22.93",
        "201901": "25.69",
        "201902": "26.51",
        "201903": "27.19",
        "201904": "28.84",
        "201905": "28.21",
        "201906": "27.68",
        "201907": "26.38",
        "201908": "26.10",
        "201909": "26.00",
        "201910": "26.58",
        "201911": "26.76",
        "201912": "27.05",
        "202001": "26.38",
        "202002": "25.13",
        "202003": "22.54",
        "202004": "22.54",
        "202005": "23.72",
        "202006": "24.44",
        "202007": "23.11",
        "202008": "22.41",
        "202009": "22.34",
        "202010": "22.09",
        "202011": "23.06",
        "202012": "23.84",
        "202101": "23.77",
        "202102": "23.73",
        "202103": "24.14",
        "202104": "25.10",
        "202105": "23.99",
        "202106": "24.10",
        "202107": "24.74",
        "202108": "25.07",
        "202109": "26.19",
        "202110": "26.07",
        "202111": "29.33",
        "202112": "28.29",
        "202201": "27.31",
        "202202": "27.08",
        "202203": "28.24",
        "202204": "28.66",
        "202205": "28.55",
        "202206": "27.65",
        "202207": "25.20",
        "202208": "26.27",
        "202209": "25.67",
        "202210": "25.32",
        "202211": "27.03",
        "202212": "27.04",
        "202301": "27.84",
        "202302": "28.26",
        "202303": "30.50",
        "202304": "34.80",
        "202305": "35.50",
        "202306": "37.76",
        "202307": "35.55",
        "202308": "33.67",
        "202309": "34.64"
    },
    "quarters": {
        "20011": {
            "year_quarter": 20011,
            "year": 2001,
            "quarter": 1,
            "eps": 0.5,
            "eps_growth_year": 66.67,
            "eps_4q": 1.82,
            "eps_4q_growth_year": 21.68,
            "roe": 3.34,
            "roe_4q": 3.34,
            "gross_profit": 79981,
            "gross_margin": 33.79,
            "gross_margin_4q_avg": 33.79,
            "net_income": 34291,
            "revenue": 236671,
            "common_shares": 691255,
            "book_valuer_per_share": 15.1,
            "book_valuer_per_share_4q_avg": 15.1,
            "equity": 1043779,
            "current_ratio": 220.77,
            "debt_ratio": 23.15,
            "inventory_turnover_ratio": 0.7,
            "account_receivable_turnover_ratio": null,
            "reinvestment_rate": null,
            "research_to_sale_ratio": null,
            "price_fair": 0,
            "eps_avg_yearly": 0,
            "eps_latest_yearly": 0,
            "eps_growth_yearly": 0
        },
        "20012": {
            "year_quarter": 20012,
            "year": 2001,
            "quarter": 2,
            "eps": 0.54,
            "eps_growth_year": 14.89,
            "eps_4q": 1.75,
            "eps_4q_growth_year": 24.81,
            "roe": 3.98,
            "roe_4q": 7.32,
            "gross_profit": 83093,
            "gross_margin": 29.92,
            "gross_margin_4q_avg": 31.86,
            "net_income": 41113,
            "revenue": 277750,
            "common_shares": 767881,
            "book_valuer_per_share": 13.34,
            "book_valuer_per_share_4q_avg": 14.22,
            "equity": 1024089,
            "current_ratio": 193.31,
            "debt_ratio": 27.22,
            "inventory_turnover_ratio": 1,
            "account_receivable_turnover_ratio": null,
            "reinvestment_rate": null,
            "research_to_sale_ratio": null,
            "price_fair": 0,
            "eps_avg_yearly": 0,
            "eps_latest_yearly": 0,
            "eps_growth_yearly": 0
        },
        "20013": {
            "year_quarter": 20013,
            "year": 2001,
            "quarter": 3,
            "eps": 0.33,
            "eps_growth_year": -23.26,
            "eps_4q": 1.7,
            "eps_4q_growth_year": 7.36,
            "roe": 2.42,
            "roe_4q": 9.74,
            "gross_profit": 79104,
            "gross_margin": 30.44,
            "gross_margin_4q_avg": 31.38,
            "net_income": 25060,
            "revenue": 259827,
            "common_shares": 767881,
            "book_valuer_per_share": 13.66,
            "book_valuer_per_share_4q_avg": 14.03,
            "equity": 1049149,
            "current_ratio": 207.45,
            "debt_ratio": 23.56,
            "inventory_turnover_ratio": 0.89,
            "account_receivable_turnover_ratio": null,
            "reinvestment_rate": null,
            "research_to_sale_ratio": null,
            "price_fair": 0,
            "eps_avg_yearly": 0,
            "eps_latest_yearly": 0,
            "eps_growth_yearly": 0
        },
        "20014": {
            "year_quarter": 20014,
            "year": 2001,
            "quarter": 4,
            "eps": 0.34,
            "eps_growth_year": -17.07,
            "eps_4q": 1.67,
            "eps_4q_growth_year": 6.19,
            "roe": 2.41,
            "roe_4q": 12.15,
            "gross_profit": 76674,
            "gross_margin": 31.16,
            "gross_margin_4q_avg": 31.33,
            "net_income": 25752,
            "revenue": 246041,
            "common_shares": 767881,
            "book_valuer_per_share": 14.12,
            "book_valuer_per_share_4q_avg": 14.06,
            "equity": 1084159,
            "current_ratio": 310.06,
            "debt_ratio": 19.74,
            "inventory_turnover_ratio": 0.64,
            "account_receivable_turnover_ratio": null,
            "reinvestment_rate": null,
            "research_to_sale_ratio": null,
            "price_fair": 0,
            "eps_avg_yearly": 0,
            "eps_latest_yearly": 0,
            "eps_growth_yearly": 0
        },
        "20021": {
            "year_quarter": 20021,
            "year": 2002,
            "quarter": 1,
            "eps": 0.23,
            "eps_growth_year": -54,
            "eps_4q": 1.42,
            "eps_4q_growth_year": -21.61,
            "roe": 1.62,
            "roe_4q": 10.43,
            "gross_profit": 63623,
            "gross_margin": 29.79,
            "gross_margin_4q_avg": 30.33,
            "net_income": 17713,
            "revenue": 213572,
            "common_shares": 767881,
            "book_valuer_per_share": 14.35,
            "book_valuer_per_share_4q_avg": 13.87,
            "equity": 1101872,
            "current_ratio": 207.39,
            "debt_ratio": 21.64,
            "inventory_turnover_ratio": 0.57,
            "account_receivable_turnover_ratio": null,
            "reinvestment_rate": null,
            "research_to_sale_ratio": null,
            "price_fair": 2.76,
            "eps_avg_yearly": 0.92,
            "eps_latest_yearly": 0.92,
            "eps_growth_yearly": -129.41
        },
        "20022": {
            "year_quarter": 20022,
            "year": 2002,
            "quarter": 2,
            "eps": 0.31,
            "eps_growth_year": -42.59,
            "eps_4q": 1.21,
            "eps_4q_growth_year": -30.88,
            "roe": 2.17,
            "roe_4q": 8.620000000000001,
            "gross_profit": 78394,
            "gross_margin": 30.08,
            "gross_margin_4q_avg": 30.37,
            "net_income": 23645,
            "revenue": 260660,
            "common_shares": 767881,
            "book_valuer_per_share": 13.97,
            "book_valuer_per_share_4q_avg": 14.03,
            "equity": 1073004,
            "current_ratio": 180.45,
            "debt_ratio": 24.05,
            "inventory_turnover_ratio": 0.97,
            "account_receivable_turnover_ratio": null,
            "reinvestment_rate": null,
            "research_to_sale_ratio": null,
            "price_fair": 16.05,
            "eps_avg_yearly": 1.08,
            "eps_latest_yearly": 1.24,
            "eps_growth_yearly": 4.86
        },
        "20023": {
            "year_quarter": 20023,
            "year": 2002,
            "quarter": 3,
            "eps": 0.38,
            "eps_growth_year": 15.15,
            "eps_4q": 1.18,
            "eps_4q_growth_year": -30.21,
            "roe": 2.9,
            "roe_4q": 9.100000000000001,
            "gross_profit": 85304,
            "gross_margin": 32.67,
            "gross_margin_4q_avg": 30.93,
            "net_income": 31760,
            "revenue": 261113,
            "common_shares": 834272,
            "book_valuer_per_share": 13.36,
            "book_valuer_per_share_4q_avg": 13.95,
            "equity": 1114443,
            "current_ratio": 181.13,
            "debt_ratio": 23.94,
            "inventory_turnover_ratio": 0.99,
            "account_receivable_turnover_ratio": null,
            "reinvestment_rate": null,
            "research_to_sale_ratio": null,
            "price_fair": 42.93,
            "eps_avg_yearly": 1.23,
            "eps_latest_yearly": 1.52,
            "eps_growth_yearly": 33.35
        },
        "20024": {
            "year_quarter": 20024,
            "year": 2002,
            "quarter": 4,
            "eps": 0.44,
            "eps_growth_year": 29.41,
            "eps_4q": 1.32,
            "eps_4q_growth_year": -20.87,
            "roe": 3.26,
            "roe_4q": 9.95,
            "gross_profit": 105508,
            "gross_margin": 36.33,
            "gross_margin_4q_avg": 32.22,
            "net_income": 36613,
            "revenue": 290396,
            "common_shares": 834272,
            "book_valuer_per_share": 13.57,
            "book_valuer_per_share_4q_avg": 13.81,
            "equity": 1132171,
            "current_ratio": 226.5,
            "debt_ratio": 26.22,
            "inventory_turnover_ratio": 0.68,
            "account_receivable_turnover_ratio": null,
            "reinvestment_rate": 47.65,
            "research_to_sale_ratio": null,
            "price_fair": 47.6,
            "eps_avg_yearly": 1.36,
            "eps_latest_yearly": 1.76,
            "eps_growth_yearly": 40.8
        },
        "20031": {
            "year_quarter": 20031,
            "year": 2003,
            "quarter": 1,
            "eps": 0.26,
            "eps_growth_year": 13.04,
            "eps_4q": 1.35,
            "eps_4q_growth_year": -5.18,
            "roe": 1.92,
            "roe_4q": 10.25,
            "gross_profit": 75853,
            "gross_margin": 36.69,
            "gross_margin_4q_avg": 33.94,
            "net_income": 21953,
            "revenue": 206746,
            "common_shares": 834272,
            "book_valuer_per_share": 13.83,
            "book_valuer_per_share_4q_avg": 13.68,
            "equity": 1154124,
            "current_ratio": 234.04,
            "debt_ratio": 20.39,
            "inventory_turnover_ratio": 0.46,
            "account_receivable_turnover_ratio": null,
            "reinvestment_rate": -6.73,
            "research_to_sale_ratio": null,
            "price_fair": 3.89,
            "eps_avg_yearly": 1.3,
            "eps_latest_yearly": 1.04,
            "eps_growth_yearly": -0.09
        },
        "20032": {
            "year_quarter": 20032,
            "year": 2003,
            "quarter": 2,
            "eps": 0.46,
            "eps_growth_year": 48.39,
            "eps_4q": 1.54,
            "eps_4q_growth_year": 27.55,
            "roe": 3.42,
            "roe_4q": 11.5,
            "gross_profit": 104932,
            "gross_margin": 35.91,
            "gross_margin_4q_avg": 35.4,
            "net_income": 38427,
            "revenue": 292229,
            "common_shares": 834272,
            "book_valuer_per_share": 13.07,
            "book_valuer_per_share_4q_avg": 13.46,
            "equity": 1090611,
            "current_ratio": 178.74,
            "debt_ratio": 27.39,
            "inventory_turnover_ratio": 0.86,
            "account_receivable_turnover_ratio": null,
            "reinvestment_rate": -6.67,
            "research_to_sale_ratio": null,
            "price_fair": 48.53,
            "eps_avg_yearly": 1.39,
            "eps_latest_yearly": 1.84,
            "eps_growth_yearly": 51.21
        },
        "20033": {
            "year_quarter": 20033,
            "year": 2003,
            "quarter": 3,
            "eps": 0.56,
            "eps_growth_year": 47.37,
            "eps_4q": 1.73,
            "eps_4q_growth_year": 46.11,
            "roe": 4.19,
            "roe_4q": 12.790000000000001,
            "gross_profit": 120448,
            "gross_margin": 38.81,
            "gross_margin_4q_avg": 36.94,
            "net_income": 46487,
            "revenue": 310378,
            "common_shares": 834272,
            "book_valuer_per_share": 13.55,
            "book_valuer_per_share_4q_avg": 13.51,
            "equity": 1130846,
            "current_ratio": 218.19,
            "debt_ratio": 23.34,
            "inventory_turnover_ratio": 0.85,
            "account_receivable_turnover_ratio": null,
            "reinvestment_rate": -6.08,
            "research_to_sale_ratio": null,
            "price_fair": 52.8,
            "eps_avg_yearly": 1.51,
            "eps_latest_yearly": 2.24,
            "eps_growth_yearly": 56.32
        },
        "20034": {
            "year_quarter": 20034,
            "year": 2003,
            "quarter": 4,
            "eps": 0.55,
            "eps_growth_year": 25,
            "eps_4q": 1.83,
            "eps_4q_growth_year": 38.95,
            "roe": 3.97,
            "roe_4q": 13.5,
            "gross_profit": 134989,
            "gross_margin": 36.81,
            "gross_margin_4q_avg": 37.06,
            "net_income": 45835,
            "revenue": 366764,
            "common_shares": 834272,
            "book_valuer_per_share": 14.12,
            "book_valuer_per_share_4q_avg": 13.64,
            "equity": 1177622,
            "current_ratio": 255.39,
            "debt_ratio": 24.77,
            "inventory_turnover_ratio": 0.81,
            "account_receivable_turnover_ratio": null,
            "reinvestment_rate": 21.24,
            "research_to_sale_ratio": null,
            "price_fair": 55.83,
            "eps_avg_yearly": 1.6,
            "eps_latest_yearly": 2.2,
            "eps_growth_yearly": 48.38
        },
        "20041": {
            "year_quarter": 20041,
            "year": 2004,
            "quarter": 1,
            "eps": 0.62,
            "eps_growth_year": 138.46,
            "eps_4q": 2.19,
            "eps_4q_growth_year": 61.88,
            "roe": 4.31,
            "roe_4q": 15.889999999999999,
            "gross_profit": 128746,
            "gross_margin": 40.41,
            "gross_margin_4q_avg": 37.99,
            "net_income": 51795,
            "revenue": 318634,
            "common_shares": 834272,
            "book_valuer_per_share": 14.73,
            "book_valuer_per_share_4q_avg": 13.87,
            "equity": 1228492,
            "current_ratio": 266.36,
            "debt_ratio": 22.09,
            "inventory_turnover_ratio": 0.65,
            "account_receivable_turnover_ratio": null,
            "reinvestment_rate": -41.18,
            "research_to_sale_ratio": null,
            "price_fair": 59.27,
            "eps_avg_yearly": 1.69,
            "eps_latest_yearly": 2.48,
            "eps_growth_yearly": 48.66
        },
        "20042": {
            "year_quarter": 20042,
            "year": 2004,
            "quarter": 2,
            "eps": 0.71,
            "eps_growth_year": 54.35,
            "eps_4q": 2.44,
            "eps_4q_growth_year": 58.52,
            "roe": 4.9,
            "roe_4q": 17.37,
            "gross_profit": 148108,
            "gross_margin": 39.75,
            "gross_margin_4q_avg": 38.95,
            "net_income": 59038,
            "revenue": 372581,
            "common_shares": 834272,
            "book_valuer_per_share": 14.13,
            "book_valuer_per_share_4q_avg": 14.13,
            "equity": 1178914,
            "current_ratio": 171.57,
            "debt_ratio": 30.12,
            "inventory_turnover_ratio": 0.91,
            "account_receivable_turnover_ratio": null,
            "reinvestment_rate": -20.97,
            "research_to_sale_ratio": null,
            "price_fair": 63.28,
            "eps_avg_yearly": 1.81,
            "eps_latest_yearly": 2.84,
            "eps_growth_yearly": 49.6
        },
        "20043": {
            "year_quarter": 20043,
            "year": 2004,
            "quarter": 3,
            "eps": 0.59,
            "eps_growth_year": 5.36,
            "eps_4q": 2.38,
            "eps_4q_growth_year": 37.58,
            "roe": 4.29,
            "roe_4q": 17.47,
            "gross_profit": 128559,
            "gross_margin": 37.47,
            "gross_margin_4q_avg": 38.61,
            "net_income": 51696,
            "revenue": 343127,
            "common_shares": 886685,
            "book_valuer_per_share": 13.88,
            "book_valuer_per_share_4q_avg": 14.22,
            "equity": 1230610,
            "current_ratio": 215.25,
            "debt_ratio": 24.74,
            "inventory_turnover_ratio": 0.81,
            "account_receivable_turnover_ratio": null,
            "reinvestment_rate": -17.75,
            "research_to_sale_ratio": null,
            "price_fair": 65.04,
            "eps_avg_yearly": 1.86,
            "eps_latest_yearly": 2.36,
            "eps_growth_yearly": 38.95
        },
        "20044": {
            "year_quarter": 20044,
            "year": 2004,
            "quarter": 4,
            "eps": 0.23,
            "eps_growth_year": -58.18,
            "eps_4q": 2.06,
            "eps_4q_growth_year": 12.68,
            "roe": 1.66,
            "roe_4q": 15.16,
            "gross_profit": 124919,
            "gross_margin": 39.98,
            "gross_margin_4q_avg": 39.4,
            "net_income": 20375,
            "revenue": 312428,
            "common_shares": 886685,
            "book_valuer_per_share": 13.8,
            "book_valuer_per_share_4q_avg": 14.14,
            "equity": 1223946,
            "current_ratio": 157.24,
            "debt_ratio": 40.46,
            "inventory_turnover_ratio": 0.57,
            "account_receivable_turnover_ratio": null,
            "reinvestment_rate": 72.45,
            "research_to_sale_ratio": null,
            "price_fair": 45.15,
            "eps_avg_yearly": 1.78,
            "eps_latest_yearly": 0.92,
            "eps_growth_yearly": 15.36
        },
        "20051": {
            "year_quarter": 20051,
            "year": 2005,
            "quarter": 1,
            "eps": 0.03,
            "eps_growth_year": -95.16,
            "eps_4q": 1.7,
            "eps_4q_growth_year": -22.13,
            "roe": 0.19,
            "roe_4q": 11.04,
            "gross_profit": 104232,
            "gross_margin": 37.36,
            "gross_margin_4q_avg": 38.64,
            "net_income": 2353,
            "revenue": 278994,
            "common_shares": 886685,
            "book_valuer_per_share": 13.83,
            "book_valuer_per_share_4q_avg": 13.91,
            "equity": 1226299,
            "current_ratio": 184.36,
            "debt_ratio": 35.38,
            "inventory_turnover_ratio": 0.55,
            "account_receivable_turnover_ratio": null,
            "reinvestment_rate": 65.85,
            "research_to_sale_ratio": null,
            "price_fair": 4.96,
            "eps_avg_yearly": 1.65,
            "eps_latest_yearly": 0.12,
            "eps_growth_yearly": -12.57
        },
        "20052": {
            "year_quarter": 20052,
            "year": 2005,
            "quarter": 2,
            "eps": 0.21,
            "eps_growth_year": -70.42,
            "eps_4q": 1.05,
            "eps_4q_growth_year": -57.08,
            "roe": 1.6,
            "roe_4q": 7.74,
            "gross_profit": 115739,
            "gross_margin": 35.05,
            "gross_margin_4q_avg": 37.47,
            "net_income": 18635,
            "revenue": 330244,
            "common_shares": 886685,
            "book_valuer_per_share": 12.41,
            "book_valuer_per_share_4q_avg": 13.48,
            "equity": 1100479,
            "current_ratio": 125.25,
            "debt_ratio": 42.98,
            "inventory_turnover_ratio": 0.85,
            "account_receivable_turnover_ratio": null,
            "reinvestment_rate": 76.5,
            "research_to_sale_ratio": null,
            "price_fair": 55.8,
            "eps_avg_yearly": 1.59,
            "eps_latest_yearly": 0.84,
            "eps_growth_yearly": 159.75
        },
        "20053": {
            "year_quarter": 20053,
            "year": 2005,
            "quarter": 3,
            "eps": 0.77,
            "eps_growth_year": 30.51,
            "eps_4q": 1.25,
            "eps_4q_growth_year": -47.64,
            "roe": 5.88,
            "roe_4q": 9.33,
            "gross_profit": 127984,
            "gross_margin": 38.97,
            "gross_margin_4q_avg": 37.84,
            "net_income": 67032,
            "revenue": 328399,
            "common_shares": 886685,
            "book_valuer_per_share": 13.3,
            "book_valuer_per_share_4q_avg": 13.34,
            "equity": 1179023,
            "current_ratio": 125.7,
            "debt_ratio": 42.58,
            "inventory_turnover_ratio": 0.78,
            "account_receivable_turnover_ratio": null,
            "reinvestment_rate": 77.17,
            "research_to_sale_ratio": null,
            "price_fair": 59.27,
            "eps_avg_yearly": 1.69,
            "eps_latest_yearly": 3.08,
            "eps_growth_yearly": 220.21
        },
        "20054": {
            "year_quarter": 20054,
            "year": 2005,
            "quarter": 4,
            "eps": 0.63,
            "eps_growth_year": 173.91,
            "eps_4q": 1.63,
            "eps_4q_growth_year": -21.02,
            "roe": 4.57,
            "roe_4q": 12.239999999999998,
            "gross_profit": 153492,
            "gross_margin": 35.74,
            "gross_margin_4q_avg": 36.78,
            "net_income": 55411,
            "revenue": 429473,
            "common_shares": 886685,
            "book_valuer_per_share": 13.93,
            "book_valuer_per_share_4q_avg": 13.37,
            "equity": 1247270,
            "current_ratio": 164.35,
            "debt_ratio": 43.16,
            "inventory_turnover_ratio": 0.87,
            "account_receivable_turnover_ratio": null,
            "reinvestment_rate": 87.03,
            "research_to_sale_ratio": null,
            "price_fair": 61.08,
            "eps_avg_yearly": 1.75,
            "eps_latest_yearly": 2.52,
            "eps_growth_yearly": 201.91
        },
        "20061": {
            "year_quarter": 20061,
            "year": 2006,
            "quarter": 1,
            "eps": 0.56,
            "eps_growth_year": 1766.67,
            "eps_4q": 2.16,
            "eps_4q_growth_year": 26.85,
            "roe": 3.91,
            "roe_4q": 15.959999999999999,
            "gross_profit": 113639,
            "gross_margin": 36.77,
            "gross_margin_4q_avg": 36.63,
            "net_income": 49424,
            "revenue": 309083,
            "common_shares": 886685,
            "book_valuer_per_share": 14.47,
            "book_valuer_per_share_4q_avg": 13.53,
            "equity": 1282942,
            "current_ratio": 151.17,
            "debt_ratio": 38.57,
            "inventory_turnover_ratio": 0.59,
            "account_receivable_turnover_ratio": null,
            "reinvestment_rate": 71.2,
            "research_to_sale_ratio": null,
            "price_fair": 63.96,
            "eps_avg_yearly": 1.83,
            "eps_latest_yearly": 2.24,
            "eps_growth_yearly": 207.22
        },
        "20062": {
            "year_quarter": 20062,
            "year": 2006,
            "quarter": 2,
            "eps": 0.47,
            "eps_growth_year": 123.81,
            "eps_4q": 2.42,
            "eps_4q_growth_year": 131.12,
            "roe": 3.36,
            "roe_4q": 17.72,
            "gross_profit": 122581,
            "gross_margin": 39.07,
            "gross_margin_4q_avg": 37.64,
            "net_income": 41345,
            "revenue": 313723,
            "common_shares": 886685,
            "book_valuer_per_share": 13.28,
            "book_valuer_per_share_4q_avg": 13.75,
            "equity": 1177754,
            "current_ratio": 120.94,
            "debt_ratio": 43.49,
            "inventory_turnover_ratio": 0.68,
            "account_receivable_turnover_ratio": null,
            "reinvestment_rate": 68.31,
            "research_to_sale_ratio": null,
            "price_fair": 65.36,
            "eps_avg_yearly": 1.87,
            "eps_latest_yearly": 1.88,
            "eps_growth_yearly": 194.5
        },
        "20063": {
            "year_quarter": 20063,
            "year": 2006,
            "quarter": 3,
            "eps": 0.73,
            "eps_growth_year": -5.19,
            "eps_4q": 2.39,
            "eps_4q_growth_year": 91.82,
            "roe": 5.31,
            "roe_4q": 17.15,
            "gross_profit": 138385,
            "gross_margin": 41.73,
            "gross_margin_4q_avg": 38.33,
            "net_income": 64345,
            "revenue": 331651,
            "common_shares": 886685,
            "book_valuer_per_share": 14.06,
            "book_valuer_per_share_4q_avg": 13.94,
            "equity": 1247051,
            "current_ratio": 129.82,
            "debt_ratio": 39.63,
            "inventory_turnover_ratio": 0.69,
            "account_receivable_turnover_ratio": null,
            "reinvestment_rate": 63.33,
            "research_to_sale_ratio": null,
            "price_fair": 68.43,
            "eps_avg_yearly": 1.96,
            "eps_latest_yearly": 2.92,
            "eps_growth_yearly": 202.69
        },
        "20064": {
            "year_quarter": 20064,
            "year": 2006,
            "quarter": 4,
            "eps": 0.65,
            "eps_growth_year": 3.17,
            "eps_4q": 2.42,
            "eps_4q_growth_year": 48.27,
            "roe": 4.45,
            "roe_4q": 17.03,
            "gross_profit": 164276,
            "gross_margin": 40.52,
            "gross_margin_4q_avg": 39.52,
            "net_income": 57028,
            "revenue": 405466,
            "common_shares": 886685,
            "book_valuer_per_share": 14.81,
            "book_valuer_per_share_4q_avg": 14.16,
            "equity": 1317527,
            "current_ratio": 226.77,
            "debt_ratio": 34.98,
            "inventory_turnover_ratio": 0.76,
            "account_receivable_turnover_ratio": null,
            "reinvestment_rate": 60.45,
            "research_to_sale_ratio": null,
            "price_fair": 70.26,
            "eps_avg_yearly": 2.01,
            "eps_latest_yearly": 2.6,
            "eps_growth_yearly": 196
        },
        "20071": {
            "year_quarter": 20071,
            "year": 2007,
            "quarter": 1,
            "eps": 0.45,
            "eps_growth_year": -19.64,
            "eps_4q": 2.33,
            "eps_4q_growth_year": 7.85,
            "roe": 2.92,
            "roe_4q": 16.04,
            "gross_profit": 122854,
            "gross_margin": 41.53,
            "gross_margin_4q_avg": 40.71,
            "net_income": 38990,
            "revenue": 295841,
            "common_shares": 886685,
            "book_valuer_per_share": 15.21,
            "book_valuer_per_share_4q_avg": 14.34,
            "equity": 1348940,
            "current_ratio": 156.91,
            "debt_ratio": 34.15,
            "inventory_turnover_ratio": 0.56,
            "account_receivable_turnover_ratio": null,
            "reinvestment_rate": 59.4,
            "research_to_sale_ratio": null,
            "price_fair": 71.93,
            "eps_avg_yearly": 2.06,
            "eps_latest_yearly": 1.8,
            "eps_growth_yearly": 198.53
        },
        "20072": {
            "year_quarter": 20072,
            "year": 2007,
            "quarter": 2,
            "eps": 0.76,
            "eps_growth_year": 61.7,
            "eps_4q": 2.47,
            "eps_4q_growth_year": 2.09,
            "roe": 5.45,
            "roe_4q": 18.13,
            "gross_profit": 154587,
            "gross_margin": 42.94,
            "gross_margin_4q_avg": 41.68,
            "net_income": 71091,
            "revenue": 360004,
            "common_shares": 886685,
            "book_valuer_per_share": 14.21,
            "book_valuer_per_share_4q_avg": 14.57,
            "equity": 1260222,
            "current_ratio": 118.58,
            "debt_ratio": 40.96,
            "inventory_turnover_ratio": 0.8,
            "account_receivable_turnover_ratio": null,
            "reinvestment_rate": 56.59,
            "research_to_sale_ratio": null,
            "price_fair": 74.55,
            "eps_avg_yearly": 2.13,
            "eps_latest_yearly": 3.04,
            "eps_growth_yearly": 196.53
        },
        "20073": {
            "year_quarter": 20073,
            "year": 2007,
            "quarter": 3,
            "eps": 0.69,
            "eps_growth_year": -5.48,
            "eps_4q": 2.46,
            "eps_4q_growth_year": 2.99,
            "roe": 5.04,
            "roe_4q": 17.86,
            "gross_profit": 146763,
            "gross_margin": 40.43,
            "gross_margin_4q_avg": 41.36,
            "net_income": 65147,
            "revenue": 362989,
            "common_shares": 944529,
            "book_valuer_per_share": 14.03,
            "book_valuer_per_share_4q_avg": 14.57,
            "equity": 1325368,
            "current_ratio": 139.48,
            "debt_ratio": 36.29,
            "inventory_turnover_ratio": 0.81,
            "account_receivable_turnover_ratio": null,
            "reinvestment_rate": 55.04,
            "research_to_sale_ratio": null,
            "price_fair": 75.69,
            "eps_avg_yearly": 2.16,
            "eps_latest_yearly": 2.76,
            "eps_growth_yearly": 188.79
        },
        "20074": {
            "year_quarter": 20074,
            "year": 2007,
            "quarter": 4,
            "eps": 0.64,
            "eps_growth_year": -1.54,
            "eps_4q": 2.51,
            "eps_4q_growth_year": 3.79,
            "roe": 4.35,
            "roe_4q": 17.759999999999998,
            "gross_profit": 177792,
            "gross_margin": 40.67,
            "gross_margin_4q_avg": 41.39,
            "net_income": 59984,
            "revenue": 437114,
            "common_shares": 944529,
            "book_valuer_per_share": 15.07,
            "book_valuer_per_share_4q_avg": 14.63,
            "equity": 1434400,
            "current_ratio": 217.91,
            "debt_ratio": 35.32,
            "inventory_turnover_ratio": 0.68,
            "account_receivable_turnover_ratio": null,
            "reinvestment_rate": 46.37,
            "research_to_sale_ratio": null,
            "price_fair": 76.48,
            "eps_avg_yearly": 2.19,
            "eps_latest_yearly": 2.56,
            "eps_growth_yearly": 187.42
        },
        "20081": {
            "year_quarter": 20081,
            "year": 2008,
            "quarter": 1,
            "eps": 0.48,
            "eps_growth_year": 6.67,
            "eps_4q": 2.77,
            "eps_4q_growth_year": 18.94,
            "roe": 2.89,
            "roe_4q": 17.73,
            "gross_profit": 207632,
            "gross_margin": 45.67,
            "gross_margin_4q_avg": 42.43,
            "net_income": 41870,
            "revenue": 454622,
            "common_shares": 944529,
            "book_valuer_per_share": 15.36,
            "book_valuer_per_share_4q_avg": 14.67,
            "equity": 1459392,
            "current_ratio": 215.21,
            "debt_ratio": 35.9,
            "inventory_turnover_ratio": 0.49,
            "account_receivable_turnover_ratio": null,
            "reinvestment_rate": 96.65,
            "research_to_sale_ratio": null,
            "price_fair": 75.25,
            "eps_avg_yearly": 2.15,
            "eps_latest_yearly": 1.92,
            "eps_growth_yearly": 177.99
        },
        "20082": {
            "year_quarter": 20082,
            "year": 2008,
            "quarter": 2,
            "eps": 0.46,
            "eps_growth_year": -39.47,
            "eps_4q": 2.31,
            "eps_4q_growth_year": -6.57,
            "roe": 3.07,
            "roe_4q": 15.349999999999998,
            "gross_profit": 191775,
            "gross_margin": 45.19,
            "gross_margin_4q_avg": 42.99,
            "net_income": 43230,
            "revenue": 424393,
            "common_shares": 944529,
            "book_valuer_per_share": 14.36,
            "book_valuer_per_share_4q_avg": 14.71,
            "equity": 1360659,
            "current_ratio": 195.17,
            "debt_ratio": 37.71,
            "inventory_turnover_ratio": 0.45,
            "account_receivable_turnover_ratio": null,
            "reinvestment_rate": 84.86,
            "research_to_sale_ratio": null,
            "price_fair": 73.06,
            "eps_avg_yearly": 2.09,
            "eps_latest_yearly": 1.84,
            "eps_growth_yearly": 173.32
        },
        "20083": {
            "year_quarter": 20083,
            "year": 2008,
            "quarter": 3,
            "eps": 0.33,
            "eps_growth_year": -52.17,
            "eps_4q": 2.02,
            "eps_4q_growth_year": -17.99,
            "roe": 2.18,
            "roe_4q": 12.49,
            "gross_profit": 168356,
            "gross_margin": 46.26,
            "gross_margin_4q_avg": 44.45,
            "net_income": 30395,
            "revenue": 363926,
            "common_shares": 1008076,
            "book_valuer_per_share": 14.1,
            "book_valuer_per_share_4q_avg": 14.72,
            "equity": 1421986,
            "current_ratio": 222.16,
            "debt_ratio": 34.76,
            "inventory_turnover_ratio": 0.38,
            "account_receivable_turnover_ratio": null,
            "reinvestment_rate": 85.54,
            "research_to_sale_ratio": null,
            "price_fair": 70.79,
            "eps_avg_yearly": 2.02,
            "eps_latest_yearly": 1.32,
            "eps_growth_yearly": 170.48
        },
        "20084": {
            "year_quarter": 20084,
            "year": 2008,
            "quarter": 4,
            "eps": 0.2,
            "eps_growth_year": -68.75,
            "eps_4q": 1.78,
            "eps_4q_growth_year": -29.19,
            "roe": 1.15,
            "roe_4q": 9.290000000000001,
            "gross_profit": 182001,
            "gross_margin": 39.83,
            "gross_margin_4q_avg": 44.24,
            "net_income": 16413,
            "revenue": 456913,
            "common_shares": 1008075,
            "book_valuer_per_share": 14.28,
            "book_valuer_per_share_4q_avg": 14.53,
            "equity": 1444357,
            "current_ratio": 207.32,
            "debt_ratio": 36.35,
            "inventory_turnover_ratio": 0.55,
            "account_receivable_turnover_ratio": 3.94,
            "reinvestment_rate": 10.78,
            "research_to_sale_ratio": null,
            "price_fair": 70.53,
            "eps_avg_yearly": 2.02,
            "eps_latest_yearly": 0.8,
            "eps_growth_yearly": 175.89
        },
        "20091": {
            "year_quarter": 20091,
            "year": 2009,
            "quarter": 1,
            "eps": 0.2,
            "eps_growth_year": -58.33,
            "eps_4q": 1.28,
            "eps_4q_growth_year": -53.63,
            "roe": 1.29,
            "roe_4q": 7.6899999999999995,
            "gross_profit": 143707,
            "gross_margin": 48.37,
            "gross_margin_4q_avg": 44.91,
            "net_income": 18847,
            "revenue": 297118,
            "common_shares": 1008075,
            "book_valuer_per_share": 14.62,
            "book_valuer_per_share_4q_avg": 14.34,
            "equity": 1477010,
            "current_ratio": 244.66,
            "debt_ratio": 31.99,
            "inventory_turnover_ratio": 0.32,
            "account_receivable_turnover_ratio": 1.51,
            "reinvestment_rate": 32.53,
            "research_to_sale_ratio": null,
            "price_fair": 72.01,
            "eps_avg_yearly": 2.06,
            "eps_latest_yearly": 0.8,
            "eps_growth_yearly": 197.63
        },
        "20092": {
            "year_quarter": 20092,
            "year": 2009,
            "quarter": 2,
            "eps": 0.07,
            "eps_growth_year": -84.78,
            "eps_4q": 1.05,
            "eps_4q_growth_year": -54.69,
            "roe": 0.38,
            "roe_4q": 5,
            "gross_profit": 138842,
            "gross_margin": 44.25,
            "gross_margin_4q_avg": 44.68,
            "net_income": 5432,
            "revenue": 313802,
            "common_shares": 1008075,
            "book_valuer_per_share": 13.54,
            "book_valuer_per_share_4q_avg": 14.14,
            "equity": 1366530,
            "current_ratio": 188.71,
            "debt_ratio": 36.65,
            "inventory_turnover_ratio": 0.37,
            "account_receivable_turnover_ratio": 1.8,
            "reinvestment_rate": 27.53,
            "research_to_sale_ratio": null,
            "price_fair": 70.79,
            "eps_avg_yearly": 2.02,
            "eps_latest_yearly": 0.28,
            "eps_growth_yearly": 31.38
        },
        "20093": {
            "year_quarter": 20093,
            "year": 2009,
            "quarter": 3,
            "eps": 0.61,
            "eps_growth_year": 84.85,
            "eps_4q": 1.11,
            "eps_4q_growth_year": -45.14,
            "roe": 4.33,
            "roe_4q": 7.15,
            "gross_profit": 181140,
            "gross_margin": 44.51,
            "gross_margin_4q_avg": 44.24,
            "net_income": 60382,
            "revenue": 406943,
            "common_shares": 1008076,
            "book_valuer_per_share": 14.02,
            "book_valuer_per_share_4q_avg": 14.12,
            "equity": 1422021,
            "current_ratio": 209.2,
            "debt_ratio": 35.12,
            "inventory_turnover_ratio": 0.51,
            "account_receivable_turnover_ratio": 2.17,
            "reinvestment_rate": 21.52,
            "research_to_sale_ratio": null,
            "price_fair": 69.39,
            "eps_avg_yearly": 1.98,
            "eps_latest_yearly": 2.44,
            "eps_growth_yearly": 157.57
        },
        "20094": {
            "year_quarter": 20094,
            "year": 2009,
            "quarter": 4,
            "eps": 0.3,
            "eps_growth_year": 50,
            "eps_4q": 1.18,
            "eps_4q_growth_year": -33.34,
            "roe": 2.16,
            "roe_4q": 8.16,
            "gross_profit": 205212,
            "gross_margin": 44.41,
            "gross_margin_4q_avg": 45.39,
            "net_income": 30959,
            "revenue": 462109,
            "common_shares": 1008075,
            "book_valuer_per_share": 14.29,
            "book_valuer_per_share_4q_avg": 14.12,
            "equity": 1449722,
            "current_ratio": 216.46,
            "debt_ratio": 33.6,
            "inventory_turnover_ratio": 0.64,
            "account_receivable_turnover_ratio": 4.15,
            "reinvestment_rate": 112.82,
            "research_to_sale_ratio": null,
            "price_fair": 66.5,
            "eps_avg_yearly": 1.9,
            "eps_latest_yearly": 1.2,
            "eps_growth_yearly": 149.41
        },
        "20101": {
            "year_quarter": 20101,
            "year": 2010,
            "quarter": 1,
            "eps": 0.59,
            "eps_growth_year": 195,
            "eps_4q": 1.6,
            "eps_4q_growth_year": 24.77,
            "roe": 4.03,
            "roe_4q": 10.9,
            "gross_profit": 198420,
            "gross_margin": 48.62,
            "gross_margin_4q_avg": 45.45,
            "net_income": 59717,
            "revenue": 408093,
            "common_shares": 1008075,
            "book_valuer_per_share": 14.94,
            "book_valuer_per_share_4q_avg": 14.2,
            "equity": 1513025,
            "current_ratio": 244.26,
            "debt_ratio": 31.62,
            "inventory_turnover_ratio": 0.56,
            "account_receivable_turnover_ratio": 1.8,
            "reinvestment_rate": 140.78,
            "research_to_sale_ratio": 8.68,
            "price_fair": 66.76,
            "eps_avg_yearly": 1.91,
            "eps_latest_yearly": 2.36,
            "eps_growth_yearly": 176.35
        },
        "20102": {
            "year_quarter": 20102,
            "year": 2010,
            "quarter": 2,
            "eps": 0.52,
            "eps_growth_year": 642.2,
            "eps_4q": 1.98,
            "eps_4q_growth_year": 88.87,
            "roe": 3.52,
            "roe_4q": 14.040000000000001,
            "gross_profit": 215435,
            "gross_margin": 48.83,
            "gross_margin_4q_avg": 46.59,
            "net_income": 53494,
            "revenue": 441226,
            "common_shares": 1008075,
            "book_valuer_per_share": 15.08,
            "book_valuer_per_share_4q_avg": 14.58,
            "equity": 1525104,
            "current_ratio": 214.22,
            "debt_ratio": 34.61,
            "inventory_turnover_ratio": 0.58,
            "account_receivable_turnover_ratio": 1.66,
            "reinvestment_rate": 34.98,
            "research_to_sale_ratio": 8.74,
            "price_fair": 67.2,
            "eps_avg_yearly": 1.92,
            "eps_latest_yearly": 2.08,
            "eps_growth_yearly": 177.4
        },
        "20103": {
            "year_quarter": 20103,
            "year": 2010,
            "quarter": 3,
            "eps": 0.56,
            "eps_growth_year": -8.15,
            "eps_4q": 1.95,
            "eps_4q_growth_year": 76.44,
            "roe": 3.77,
            "roe_4q": 13.48,
            "gross_profit": 240817,
            "gross_margin": 46.04,
            "gross_margin_4q_avg": 46.98,
            "net_income": 58505,
            "revenue": 523109,
            "common_shares": 1058479,
            "book_valuer_per_share": 14.85,
            "book_valuer_per_share_4q_avg": 14.79,
            "equity": 1576922,
            "current_ratio": 211.67,
            "debt_ratio": 35.26,
            "inventory_turnover_ratio": 0.64,
            "account_receivable_turnover_ratio": 1.78,
            "reinvestment_rate": 36.35,
            "research_to_sale_ratio": 9.16,
            "price_fair": 65.71,
            "eps_avg_yearly": 1.88,
            "eps_latest_yearly": 2.24,
            "eps_growth_yearly": 165.5
        },
        "20104": {
            "year_quarter": 20104,
            "year": 2010,
            "quarter": 4,
            "eps": 0.22,
            "eps_growth_year": -26.82,
            "eps_4q": 1.89,
            "eps_4q_growth_year": 59.58,
            "roe": 1.36,
            "roe_4q": 12.68,
            "gross_profit": 238224,
            "gross_margin": 47.28,
            "gross_margin_4q_avg": 47.69,
            "net_income": 21242,
            "revenue": 503889,
            "common_shares": 1058479,
            "book_valuer_per_share": 14.47,
            "book_valuer_per_share_4q_avg": 14.84,
            "equity": 1536112,
            "current_ratio": 223.83,
            "debt_ratio": 34.8,
            "inventory_turnover_ratio": 0.57,
            "account_receivable_turnover_ratio": 1.66,
            "reinvestment_rate": 113.81,
            "research_to_sale_ratio": 8.13,
            "price_fair": 61.95,
            "eps_avg_yearly": 1.77,
            "eps_latest_yearly": 0.88,
            "eps_growth_yearly": 153.06
        },
        "20111": {
            "year_quarter": 20111,
            "year": 2011,
            "quarter": 1,
            "eps": 0.63,
            "eps_growth_year": 6.78,
            "eps_4q": 1.93,
            "eps_4q_growth_year": 20.31,
            "roe": 4.2,
            "roe_4q": 12.85,
            "gross_profit": 214714,
            "gross_margin": 43.26,
            "gross_margin_4q_avg": 46.35,
            "net_income": 66220,
            "revenue": 496339,
            "common_shares": 1058479,
            "book_valuer_per_share": 15.22,
            "book_valuer_per_share_4q_avg": 14.91,
            "equity": 1614634,
            "current_ratio": 240.62,
            "debt_ratio": 33.49,
            "inventory_turnover_ratio": 0.6,
            "account_receivable_turnover_ratio": 1.53,
            "reinvestment_rate": 141.26,
            "research_to_sale_ratio": 8.31,
            "price_fair": 63.53,
            "eps_avg_yearly": 1.82,
            "eps_latest_yearly": 2.52,
            "eps_growth_yearly": 207.34
        },
        "20112": {
            "year_quarter": 20112,
            "year": 2011,
            "quarter": 2,
            "eps": 1.13,
            "eps_growth_year": 117.1,
            "eps_4q": 2.47,
            "eps_4q_growth_year": 24.88,
            "roe": 7.49,
            "roe_4q": 16.82,
            "gross_profit": 202349,
            "gross_margin": 51.39,
            "gross_margin_4q_avg": 46.99,
            "net_income": 122064,
            "revenue": 393767,
            "common_shares": 1058479,
            "book_valuer_per_share": 15.56,
            "book_valuer_per_share_4q_avg": 15.03,
            "equity": 1645703,
            "current_ratio": 236.12,
            "debt_ratio": 29.78,
            "inventory_turnover_ratio": 0.37,
            "account_receivable_turnover_ratio": 1.24,
            "reinvestment_rate": 129.98,
            "research_to_sale_ratio": 11.86,
            "price_fair": 66.76,
            "eps_avg_yearly": 1.91,
            "eps_latest_yearly": 4.52,
            "eps_growth_yearly": 209.96
        },
        "20113": {
            "year_quarter": 20113,
            "year": 2011,
            "quarter": 3,
            "eps": 0.62,
            "eps_growth_year": 9.77,
            "eps_4q": 2.55,
            "eps_4q_growth_year": 30.64,
            "roe": 4.28,
            "roe_4q": 17.33,
            "gross_profit": 229517,
            "gross_margin": 46.03,
            "gross_margin_4q_avg": 46.99,
            "net_income": 72847,
            "revenue": 498579,
            "common_shares": 1111403,
            "book_valuer_per_share": 15.75,
            "book_valuer_per_share_4q_avg": 15.25,
            "equity": 1760202,
            "current_ratio": 272.52,
            "debt_ratio": 26.85,
            "inventory_turnover_ratio": 0.46,
            "account_receivable_turnover_ratio": 1.45,
            "reinvestment_rate": 35.35,
            "research_to_sale_ratio": 8.48,
            "price_fair": 66.15,
            "eps_avg_yearly": 1.89,
            "eps_latest_yearly": 2.48,
            "eps_growth_yearly": 200.98
        },
        "20114": {
            "year_quarter": 20114,
            "year": 2011,
            "quarter": 4,
            "eps": 0.06,
            "eps_growth_year": -71.74,
            "eps_4q": 2.4,
            "eps_4q_growth_year": 27.16,
            "roe": 0.35,
            "roe_4q": 16.32,
            "gross_profit": 230151,
            "gross_margin": 41.24,
            "gross_margin_4q_avg": 45.48,
            "net_income": 6092,
            "revenue": 558108,
            "common_shares": 1111403,
            "book_valuer_per_share": 15.7,
            "book_valuer_per_share_4q_avg": 15.56,
            "equity": 1754011,
            "current_ratio": 279.6,
            "debt_ratio": 26.48,
            "inventory_turnover_ratio": 0.56,
            "account_receivable_turnover_ratio": 1.49,
            "reinvestment_rate": 20.83,
            "research_to_sale_ratio": 9.3,
            "price_fair": 61.08,
            "eps_avg_yearly": 1.75,
            "eps_latest_yearly": 0.24,
            "eps_growth_yearly": 180.21
        },
        "20121": {
            "year_quarter": 20121,
            "year": 2012,
            "quarter": 1,
            "eps": 0.17,
            "eps_growth_year": -73.02,
            "eps_4q": 1.97,
            "eps_4q_growth_year": 2.33,
            "roe": 1.1,
            "roe_4q": 13.22,
            "gross_profit": 186866,
            "gross_margin": 47.11,
            "gross_margin_4q_avg": 46.44,
            "net_income": 19284,
            "revenue": 396652,
            "common_shares": 1111403,
            "book_valuer_per_share": 15.66,
            "book_valuer_per_share_4q_avg": 15.67,
            "equity": 1749196,
            "current_ratio": 285,
            "debt_ratio": 26.17,
            "inventory_turnover_ratio": 0.37,
            "account_receivable_turnover_ratio": 1.15,
            "reinvestment_rate": 23.4,
            "research_to_sale_ratio": 11.79,
            "price_fair": 58.36,
            "eps_avg_yearly": 1.67,
            "eps_latest_yearly": 0.68,
            "eps_growth_yearly": 232.29
        },
        "20122": {
            "year_quarter": 20122,
            "year": 2012,
            "quarter": 2,
            "eps": 0.64,
            "eps_growth_year": -43.63,
            "eps_4q": 1.44,
            "eps_4q_growth_year": -41.71,
            "roe": 4.17,
            "roe_4q": 9.899999999999999,
            "gross_profit": 221293,
            "gross_margin": 44.2,
            "gross_margin_4q_avg": 44.65,
            "net_income": 72176,
            "revenue": 500655,
            "common_shares": 1111403,
            "book_valuer_per_share": 15.36,
            "book_valuer_per_share_4q_avg": 15.62,
            "equity": 1714084,
            "current_ratio": 248.12,
            "debt_ratio": 28.9,
            "inventory_turnover_ratio": 0.48,
            "account_receivable_turnover_ratio": 1.32,
            "reinvestment_rate": 143.07,
            "research_to_sale_ratio": 9.48,
            "price_fair": 59.94,
            "eps_avg_yearly": 1.71,
            "eps_latest_yearly": 2.56,
            "eps_growth_yearly": 302.45
        },
        "20123": {
            "year_quarter": 20123,
            "year": 2012,
            "quarter": 3,
            "eps": 0.29,
            "eps_growth_year": -53.09,
            "eps_4q": 1.14,
            "eps_4q_growth_year": -55.21,
            "roe": 1.93,
            "roe_4q": 7.549999999999999,
            "gross_profit": 224026,
            "gross_margin": 49.25,
            "gross_margin_4q_avg": 45.45,
            "net_income": 33199,
            "revenue": 454864,
            "common_shares": 1166906,
            "book_valuer_per_share": 14.78,
            "book_valuer_per_share_4q_avg": 15.38,
            "equity": 1731823,
            "current_ratio": 239.04,
            "debt_ratio": 29.42,
            "inventory_turnover_ratio": 0.39,
            "account_receivable_turnover_ratio": 1.1,
            "reinvestment_rate": 27.28,
            "research_to_sale_ratio": 11.01,
            "price_fair": 59.59,
            "eps_avg_yearly": 1.7,
            "eps_latest_yearly": 1.16,
            "eps_growth_yearly": 295.85
        },
        "20124": {
            "year_quarter": 20124,
            "year": 2012,
            "quarter": 4,
            "eps": -0.1,
            "eps_growth_year": -267.45,
            "eps_4q": 0.98,
            "eps_4q_growth_year": -59.25,
            "roe": -0.6,
            "roe_4q": 6.6,
            "gross_profit": 242077,
            "gross_margin": 45.08,
            "gross_margin_4q_avg": 46.41,
            "net_income": -10481,
            "revenue": 536959,
            "common_shares": 1166906,
            "book_valuer_per_share": 14.83,
            "book_valuer_per_share_4q_avg": 15.16,
            "equity": 1738888,
            "current_ratio": 202,
            "debt_ratio": 34.09,
            "inventory_turnover_ratio": 0.46,
            "account_receivable_turnover_ratio": 1.16,
            "reinvestment_rate": 27.76,
            "research_to_sale_ratio": 9.75,
            "price_fair": 61.69,
            "eps_avg_yearly": 1.76,
            "eps_latest_yearly": 1.16,
            "eps_growth_yearly": 326.07
        },
        "20131": {
            "year_quarter": 20131,
            "year": 2013,
            "quarter": 1,
            "eps": 0.32,
            "eps_growth_year": 88.24,
            "eps_4q": 1.14,
            "eps_4q_growth_year": -42.13,
            "roe": 2.13,
            "roe_4q": 7.63,
            "gross_profit": 218917,
            "gross_margin": 47.42,
            "gross_margin_4q_avg": 46.49,
            "net_income": 36911,
            "revenue": 461669,
            "common_shares": 1166906,
            "book_valuer_per_share": 14.74,
            "book_valuer_per_share_4q_avg": 14.93,
            "equity": 1728254,
            "current_ratio": 209.34,
            "debt_ratio": 37.65,
            "inventory_turnover_ratio": 0.34,
            "account_receivable_turnover_ratio": 0.93,
            "reinvestment_rate": 5.3,
            "research_to_sale_ratio": 9.88,
            "price_fair": 64.1,
            "eps_avg_yearly": 1.83,
            "eps_latest_yearly": 1.16,
            "eps_growth_yearly": 349.37
        },
        "20132": {
            "year_quarter": 20132,
            "year": 2013,
            "quarter": 2,
            "eps": 0.48,
            "eps_growth_year": -24.5,
            "eps_4q": 0.96,
            "eps_4q_growth_year": -33.29,
            "roe": 3.31,
            "roe_4q": 6.77,
            "gross_profit": 232806,
            "gross_margin": 43.86,
            "gross_margin_4q_avg": 46.4,
            "net_income": 57439,
            "revenue": 530761,
            "common_shares": 1166906,
            "book_valuer_per_share": 14.85,
            "book_valuer_per_share_4q_avg": 14.8,
            "equity": 1747215,
            "current_ratio": 200.89,
            "debt_ratio": 38.8,
            "inventory_turnover_ratio": 0.42,
            "account_receivable_turnover_ratio": 1.12,
            "reinvestment_rate": 7.22,
            "research_to_sale_ratio": 9.64,
            "price_fair": 68.2,
            "eps_avg_yearly": 1.95,
            "eps_latest_yearly": 1.92,
            "eps_growth_yearly": 382.22
        },
        "20133": {
            "year_quarter": 20133,
            "year": 2013,
            "quarter": 3,
            "eps": 0.18,
            "eps_growth_year": -37.62,
            "eps_4q": 0.87,
            "eps_4q_growth_year": -23.85,
            "roe": 1.16,
            "roe_4q": 6,
            "gross_profit": 233431,
            "gross_margin": 44.96,
            "gross_margin_4q_avg": 45.33,
            "net_income": 20725,
            "revenue": 519162,
            "common_shares": 1225184,
            "book_valuer_per_share": 14.81,
            "book_valuer_per_share_4q_avg": 14.81,
            "equity": 1820302,
            "current_ratio": 202.91,
            "debt_ratio": 37,
            "inventory_turnover_ratio": 0.42,
            "account_receivable_turnover_ratio": 1.12,
            "reinvestment_rate": 21.07,
            "research_to_sale_ratio": 9.32,
            "price_fair": 63.9,
            "eps_avg_yearly": 1.83,
            "eps_latest_yearly": 0.72,
            "eps_growth_yearly": 143.96
        },
        "20134": {
            "year_quarter": 20134,
            "year": 2013,
            "quarter": 4,
            "eps": 0.03,
            "eps_growth_year": null,
            "eps_4q": 1,
            "eps_4q_growth_year": 1.79,
            "roe": 0.15,
            "roe_4q": 6.75,
            "gross_profit": 246207,
            "gross_margin": 42.13,
            "gross_margin_4q_avg": 44.59,
            "net_income": 2820,
            "revenue": 584386,
            "common_shares": 1225184,
            "book_valuer_per_share": 15.13,
            "book_valuer_per_share_4q_avg": 14.88,
            "equity": 1858095,
            "current_ratio": 215.48,
            "debt_ratio": 35.7,
            "inventory_turnover_ratio": 0.53,
            "account_receivable_turnover_ratio": 1.24,
            "reinvestment_rate": -91.61,
            "research_to_sale_ratio": 8.65,
            "price_fair": 61.2,
            "eps_avg_yearly": 1.75,
            "eps_latest_yearly": 0.12,
            "eps_growth_yearly": 134.67
        },
        "20141": {
            "year_quarter": 20141,
            "year": 2014,
            "quarter": 1,
            "eps": 0.32,
            "eps_growth_year": 0,
            "eps_4q": 1.01,
            "eps_4q_growth_year": -11.4,
            "roe": 2.06,
            "roe_4q": 6.68,
            "gross_profit": 226725,
            "gross_margin": 47.81,
            "gross_margin_4q_avg": 44.69,
            "net_income": 38657,
            "revenue": 474240,
            "common_shares": 1225184,
            "book_valuer_per_share": 15.47,
            "book_valuer_per_share_4q_avg": 15.07,
            "equity": 1898626,
            "current_ratio": 235.83,
            "debt_ratio": 33.14,
            "inventory_turnover_ratio": 0.39,
            "account_receivable_turnover_ratio": 0.98,
            "reinvestment_rate": -97.24,
            "research_to_sale_ratio": 8.94,
            "price_fair": 58.5,
            "eps_avg_yearly": 1.67,
            "eps_latest_yearly": 1.28,
            "eps_growth_yearly": 383.24
        },
        "20142": {
            "year_quarter": 20142,
            "year": 2014,
            "quarter": 2,
            "eps": 0.38,
            "eps_growth_year": -20.83,
            "eps_4q": 0.85,
            "eps_4q_growth_year": -11.16,
            "roe": 2.46,
            "roe_4q": 5.83,
            "gross_profit": 253479,
            "gross_margin": 46.21,
            "gross_margin_4q_avg": 45.28,
            "net_income": 46527,
            "revenue": 548586,
            "common_shares": 1223834,
            "book_valuer_per_share": 15.35,
            "book_valuer_per_share_4q_avg": 15.19,
            "equity": 1888817,
            "current_ratio": 226.69,
            "debt_ratio": 34.02,
            "inventory_turnover_ratio": 0.44,
            "account_receivable_turnover_ratio": 1.08,
            "reinvestment_rate": 15.79,
            "research_to_sale_ratio": 8.73,
            "price_fair": 57.1,
            "eps_avg_yearly": 1.63,
            "eps_latest_yearly": 1.52,
            "eps_growth_yearly": 391.99
        },
        "20143": {
            "year_quarter": 20143,
            "year": 2014,
            "quarter": 3,
            "eps": 0.45,
            "eps_growth_year": 150,
            "eps_4q": 1.13,
            "eps_4q_growth_year": 30.27,
            "roe": 3.09,
            "roe_4q": 7.76,
            "gross_profit": 262157,
            "gross_margin": 48.03,
            "gross_margin_4q_avg": 46.05,
            "net_income": 59356,
            "revenue": 545813,
            "common_shares": 1315621,
            "book_valuer_per_share": 14.72,
            "book_valuer_per_share_4q_avg": 15.17,
            "equity": 1946865,
            "current_ratio": 232.62,
            "debt_ratio": 33.56,
            "inventory_turnover_ratio": 0.42,
            "account_receivable_turnover_ratio": 0.98,
            "reinvestment_rate": 14.31,
            "research_to_sale_ratio": 7.77,
            "price_fair": 56,
            "eps_avg_yearly": 1.6,
            "eps_latest_yearly": 1.8,
            "eps_growth_yearly": 395.05
        },
        "20144": {
            "year_quarter": 20144,
            "year": 2014,
            "quarter": 4,
            "eps": 0.24,
            "eps_growth_year": 750.5,
            "eps_4q": 1.35,
            "eps_4q_growth_year": 35.05,
            "roe": 1.56,
            "roe_4q": 9.17,
            "gross_profit": 266121,
            "gross_margin": 44.49,
            "gross_margin_4q_avg": 46.64,
            "net_income": 30594,
            "revenue": 598151,
            "common_shares": 1315621,
            "book_valuer_per_share": 14.93,
            "book_valuer_per_share_4q_avg": 15.12,
            "equity": 1973829,
            "current_ratio": 231.54,
            "debt_ratio": 34.25,
            "inventory_turnover_ratio": 0.48,
            "account_receivable_turnover_ratio": 0.96,
            "reinvestment_rate": -91.31,
            "research_to_sale_ratio": 7.67,
            "price_fair": 56.2,
            "eps_avg_yearly": 1.61,
            "eps_latest_yearly": 0.96,
            "eps_growth_yearly": 399.07
        },
        "20151": {
            "year_quarter": 20151,
            "year": 2015,
            "quarter": 1,
            "eps": 0.36,
            "eps_growth_year": 12.5,
            "eps_4q": 1.4,
            "eps_4q_growth_year": 38.9,
            "roe": 2.32,
            "roe_4q": 9.43,
            "gross_profit": 242133,
            "gross_margin": 51.73,
            "gross_margin_4q_avg": 47.62,
            "net_income": 46307,
            "revenue": 468113,
            "common_shares": 1315621,
            "book_valuer_per_share": 15.23,
            "book_valuer_per_share_4q_avg": 15.06,
            "equity": 2012209,
            "current_ratio": 251.84,
            "debt_ratio": 32.45,
            "inventory_turnover_ratio": 0.32,
            "account_receivable_turnover_ratio": 0.77,
            "reinvestment_rate": -100.98,
            "research_to_sale_ratio": 10.04,
            "price_fair": 53.5,
            "eps_avg_yearly": 1.53,
            "eps_latest_yearly": 1.44,
            "eps_growth_yearly": 360.1
        },
        "20152": {
            "year_quarter": 20152,
            "year": 2015,
            "quarter": 2,
            "eps": 0.31,
            "eps_growth_year": -18.42,
            "eps_4q": 1.29,
            "eps_4q_growth_year": 51.15,
            "roe": 2.01,
            "roe_4q": 8.98,
            "gross_profit": 245797,
            "gross_margin": 48.66,
            "gross_margin_4q_avg": 48.23,
            "net_income": 40117,
            "revenue": 505099,
            "common_shares": 1315621,
            "book_valuer_per_share": 14.93,
            "book_valuer_per_share_4q_avg": 14.95,
            "equity": 1972883,
            "current_ratio": 255.88,
            "debt_ratio": 32.27,
            "inventory_turnover_ratio": 0.36,
            "account_receivable_turnover_ratio": 0.9,
            "reinvestment_rate": -114.69,
            "research_to_sale_ratio": 9.16,
            "price_fair": 45.3,
            "eps_avg_yearly": 1.29,
            "eps_latest_yearly": 1.24,
            "eps_growth_yearly": 333.46
        },
        "20153": {
            "year_quarter": 20153,
            "year": 2015,
            "quarter": 3,
            "eps": 0.5,
            "eps_growth_year": 11.11,
            "eps_4q": 1.36,
            "eps_4q_growth_year": 19.71,
            "roe": 3.44,
            "roe_4q": 9.33,
            "gross_profit": 249212,
            "gross_margin": 47.68,
            "gross_margin_4q_avg": 48.14,
            "net_income": 68666,
            "revenue": 522651,
            "common_shares": 1381402,
            "book_valuer_per_share": 14.55,
            "book_valuer_per_share_4q_avg": 14.91,
            "equity": 2018236,
            "current_ratio": 283.48,
            "debt_ratio": 31.03,
            "inventory_turnover_ratio": 0.37,
            "account_receivable_turnover_ratio": 0.89,
            "reinvestment_rate": 2.03,
            "research_to_sale_ratio": 8.92,
            "price_fair": 44.1,
            "eps_avg_yearly": 1.26,
            "eps_latest_yearly": 2,
            "eps_growth_yearly": 363.87
        },
        "20154": {
            "year_quarter": 20154,
            "year": 2015,
            "quarter": 4,
            "eps": 0.55,
            "eps_growth_year": 131.05,
            "eps_4q": 1.68,
            "eps_4q_growth_year": 24.9,
            "roe": 3.7,
            "roe_4q": 11.47,
            "gross_profit": 328393,
            "gross_margin": 49.67,
            "gross_margin_4q_avg": 49.44,
            "net_income": 76111,
            "revenue": 661162,
            "common_shares": 1381402,
            "book_valuer_per_share": 15.11,
            "book_valuer_per_share_4q_avg": 14.96,
            "equity": 2095497,
            "current_ratio": 287.36,
            "debt_ratio": 30.01,
            "inventory_turnover_ratio": 0.45,
            "account_receivable_turnover_ratio": 1.04,
            "reinvestment_rate": 9.79,
            "research_to_sale_ratio": 7.1,
            "price_fair": 49,
            "eps_avg_yearly": 1.4,
            "eps_latest_yearly": 2.2,
            "eps_growth_yearly": 392.53
        },
        "20161": {
            "year_quarter": 20161,
            "year": 2016,
            "quarter": 1,
            "eps": 0.42,
            "eps_growth_year": 16.67,
            "eps_4q": 1.76,
            "eps_4q_growth_year": 25.52,
            "roe": 2.71,
            "roe_4q": 11.86,
            "gross_profit": 249002,
            "gross_margin": 50.16,
            "gross_margin_4q_avg": 49.04,
            "net_income": 57528,
            "revenue": 496435,
            "common_shares": 1381402,
            "book_valuer_per_share": 15.51,
            "book_valuer_per_share_4q_avg": 15.03,
            "equity": 2149796,
            "current_ratio": 309.09,
            "debt_ratio": 28.87,
            "inventory_turnover_ratio": 0.32,
            "account_receivable_turnover_ratio": 0.77,
            "reinvestment_rate": 6.36,
            "research_to_sale_ratio": 9.59,
            "price_fair": 51.5,
            "eps_avg_yearly": 1.47,
            "eps_latest_yearly": 1.68,
            "eps_growth_yearly": 333.4
        },
        "20162": {
            "year_quarter": 20162,
            "year": 2016,
            "quarter": 2,
            "eps": 0.5,
            "eps_growth_year": 61.29,
            "eps_4q": 1.88,
            "eps_4q_growth_year": 45.81,
            "roe": 3.27,
            "roe_4q": 13.12,
            "gross_profit": 259410,
            "gross_margin": 51.71,
            "gross_margin_4q_avg": 49.81,
            "net_income": 69416,
            "revenue": 501702,
            "common_shares": 1381402,
            "book_valuer_per_share": 15.09,
            "book_valuer_per_share_4q_avg": 15.07,
            "equity": 2091913,
            "current_ratio": 279.54,
            "debt_ratio": 31.34,
            "inventory_turnover_ratio": 0.3,
            "account_receivable_turnover_ratio": 0.82,
            "reinvestment_rate": -125.53,
            "research_to_sale_ratio": 8.95,
            "price_fair": 50.1,
            "eps_avg_yearly": 1.43,
            "eps_latest_yearly": 2,
            "eps_growth_yearly": 259.85
        },
        "20163": {
            "year_quarter": 20163,
            "year": 2016,
            "quarter": 3,
            "eps": 0.4,
            "eps_growth_year": -20,
            "eps_4q": 1.81,
            "eps_4q_growth_year": 33.45,
            "roe": 2.79,
            "roe_4q": 12.469999999999999,
            "gross_profit": 265893,
            "gross_margin": 49.56,
            "gross_margin_4q_avg": 50.28,
            "net_income": 58772,
            "revenue": 536543,
            "common_shares": 1450472,
            "book_valuer_per_share": 14.55,
            "book_valuer_per_share_4q_avg": 15.07,
            "equity": 2117346,
            "current_ratio": 325.11,
            "debt_ratio": 27.8,
            "inventory_turnover_ratio": 0.33,
            "account_receivable_turnover_ratio": 0.89,
            "reinvestment_rate": -4.87,
            "research_to_sale_ratio": 9.18,
            "price_fair": 51.2,
            "eps_avg_yearly": 1.46,
            "eps_latest_yearly": 1.6,
            "eps_growth_yearly": 269.76
        },
        "20164": {
            "year_quarter": 20164,
            "year": 2016,
            "quarter": 4,
            "eps": 0.47,
            "eps_growth_year": -14.25,
            "eps_4q": 1.76,
            "eps_4q_growth_year": 4.52,
            "roe": 3.2,
            "roe_4q": 11.969999999999999,
            "gross_profit": 321156,
            "gross_margin": 47.86,
            "gross_margin_4q_avg": 49.82,
            "net_income": 68674,
            "revenue": 670995,
            "common_shares": 1450472,
            "book_valuer_per_share": 14.98,
            "book_valuer_per_share_4q_avg": 15.03,
            "equity": 2179533,
            "current_ratio": 305.37,
            "debt_ratio": 28.23,
            "inventory_turnover_ratio": 0.48,
            "account_receivable_turnover_ratio": 1,
            "reinvestment_rate": -8.22,
            "research_to_sale_ratio": 7.09,
            "price_fair": 52.17,
            "eps_avg_yearly": 1.49,
            "eps_latest_yearly": 1.88,
            "eps_growth_yearly": 256.44
        },
        "20171": {
            "year_quarter": 20171,
            "year": 2017,
            "quarter": 1,
            "eps": 0.51,
            "eps_growth_year": 21.43,
            "eps_4q": 1.87,
            "eps_4q_growth_year": 5.92,
            "roe": 3.35,
            "roe_4q": 12.61,
            "gross_profit": 275685,
            "gross_margin": 48.9,
            "gross_margin_4q_avg": 49.51,
            "net_income": 73584,
            "revenue": 563736,
            "common_shares": 1450472,
            "book_valuer_per_share": 15.2,
            "book_valuer_per_share_4q_avg": 14.96,
            "equity": 2211019,
            "current_ratio": 341.38,
            "debt_ratio": 25.71,
            "inventory_turnover_ratio": 0.44,
            "account_receivable_turnover_ratio": 0.78,
            "reinvestment_rate": 4.96,
            "research_to_sale_ratio": 8.01,
            "price_fair": 53.38,
            "eps_avg_yearly": 1.53,
            "eps_latest_yearly": 2.04,
            "eps_growth_yearly": 242.54
        },
        "20172": {
            "year_quarter": 20172,
            "year": 2017,
            "quarter": 2,
            "eps": 0.73,
            "eps_growth_year": 46,
            "eps_4q": 2.12,
            "eps_4q_growth_year": 12.82,
            "roe": 4.94,
            "roe_4q": 14.280000000000001,
            "gross_profit": 277653,
            "gross_margin": 48.18,
            "gross_margin_4q_avg": 48.63,
            "net_income": 106552,
            "revenue": 576309,
            "common_shares": 1450472,
            "book_valuer_per_share": 14.43,
            "book_valuer_per_share_4q_avg": 14.79,
            "equity": 2100028,
            "current_ratio": 258.81,
            "debt_ratio": 31.96,
            "inventory_turnover_ratio": 0.47,
            "account_receivable_turnover_ratio": 0.79,
            "reinvestment_rate": -13.1,
            "research_to_sale_ratio": 7.58,
            "price_fair": 55.56,
            "eps_avg_yearly": 1.59,
            "eps_latest_yearly": 2.92,
            "eps_growth_yearly": 240.82
        },
        "20173": {
            "year_quarter": 20173,
            "year": 2017,
            "quarter": 3,
            "eps": 0.4,
            "eps_growth_year": 0,
            "eps_4q": 2.12,
            "eps_4q_growth_year": 16.96,
            "roe": 2.71,
            "roe_4q": 14.2,
            "gross_profit": 280300,
            "gross_margin": 50.56,
            "gross_margin_4q_avg": 48.88,
            "net_income": 57874,
            "revenue": 554366,
            "common_shares": 1450472,
            "book_valuer_per_share": 14.93,
            "book_valuer_per_share_4q_avg": 14.89,
            "equity": 2171422,
            "current_ratio": 323.12,
            "debt_ratio": 25.88,
            "inventory_turnover_ratio": 0.42,
            "account_receivable_turnover_ratio": 0.76,
            "reinvestment_rate": -23.12,
            "research_to_sale_ratio": 8.18,
            "price_fair": 57.49,
            "eps_avg_yearly": 1.64,
            "eps_latest_yearly": 1.6,
            "eps_growth_yearly": 245.15
        },
        "20174": {
            "year_quarter": 20174,
            "year": 2017,
            "quarter": 4,
            "eps": 0.32,
            "eps_growth_year": -33.58,
            "eps_4q": 1.96,
            "eps_4q_growth_year": 11.4,
            "roe": 2.08,
            "roe_4q": 13.08,
            "gross_profit": 308305,
            "gross_margin": 50.43,
            "gross_margin_4q_avg": 49.52,
            "net_income": 45632,
            "revenue": 611372,
            "common_shares": 1450472,
            "book_valuer_per_share": 15.22,
            "book_valuer_per_share_4q_avg": 14.95,
            "equity": 2213650,
            "current_ratio": 303.97,
            "debt_ratio": 26.99,
            "inventory_turnover_ratio": 0.45,
            "account_receivable_turnover_ratio": 0.9,
            "reinvestment_rate": -26.09,
            "research_to_sale_ratio": 8.12,
            "price_fair": 60.03,
            "eps_avg_yearly": 1.72,
            "eps_latest_yearly": 1.28,
            "eps_growth_yearly": 260.98
        },
        "20181": {
            "year_quarter": 20181,
            "year": 2018,
            "quarter": 1,
            "eps": 0.45,
            "eps_growth_year": -11.76,
            "eps_4q": 1.9,
            "eps_4q_growth_year": 1.8,
            "roe": 2.9,
            "roe_4q": 12.63,
            "gross_profit": 280209,
            "gross_margin": 52.37,
            "gross_margin_4q_avg": 50.39,
            "net_income": 65440,
            "revenue": 535038,
            "common_shares": 1450472,
            "book_valuer_per_share": 15.77,
            "book_valuer_per_share_4q_avg": 15.09,
            "equity": 2293929,
            "current_ratio": 373.17,
            "debt_ratio": 22.86,
            "inventory_turnover_ratio": 0.37,
            "account_receivable_turnover_ratio": 0.82,
            "reinvestment_rate": -24.77,
            "research_to_sale_ratio": 8.25,
            "price_fair": 61.16,
            "eps_avg_yearly": 1.75,
            "eps_latest_yearly": 1.8,
            "eps_growth_yearly": 29.47
        },
        "20182": {
            "year_quarter": 20182,
            "year": 2018,
            "quarter": 2,
            "eps": 0.71,
            "eps_growth_year": -2.74,
            "eps_4q": 1.88,
            "eps_4q_growth_year": -11.32,
            "roe": 4.63,
            "roe_4q": 12.32,
            "gross_profit": 332956,
            "gross_margin": 49.81,
            "gross_margin_4q_avg": 50.79,
            "net_income": 103512,
            "revenue": 668455,
            "common_shares": 1450472,
            "book_valuer_per_share": 14.96,
            "book_valuer_per_share_4q_avg": 15.22,
            "equity": 2176269,
            "current_ratio": 241.02,
            "debt_ratio": 32.54,
            "inventory_turnover_ratio": 0.45,
            "account_receivable_turnover_ratio": 0.93,
            "reinvestment_rate": -23.41,
            "research_to_sale_ratio": 6.56,
            "price_fair": 64.05,
            "eps_avg_yearly": 1.83,
            "eps_latest_yearly": 2.84,
            "eps_growth_yearly": 39.23
        },
        "20183": {
            "year_quarter": 20183,
            "year": 2018,
            "quarter": 3,
            "eps": 0.57,
            "eps_growth_year": 42.5,
            "eps_4q": 2.05,
            "eps_4q_growth_year": -3.13,
            "roe": 3.76,
            "roe_4q": 13.370000000000001,
            "gross_profit": 322903,
            "gross_margin": 51.82,
            "gross_margin_4q_avg": 51.11,
            "net_income": 82779,
            "revenue": 623098,
            "common_shares": 1450472,
            "book_valuer_per_share": 15.33,
            "book_valuer_per_share_4q_avg": 15.32,
            "equity": 2229242,
            "current_ratio": 285.25,
            "debt_ratio": 27.98,
            "inventory_turnover_ratio": 0.37,
            "account_receivable_turnover_ratio": 0.82,
            "reinvestment_rate": -23.17,
            "research_to_sale_ratio": 7.21,
            "price_fair": 65.1,
            "eps_avg_yearly": 1.86,
            "eps_latest_yearly": 2.28,
            "eps_growth_yearly": 29.69
        },
        "20184": {
            "year_quarter": 20184,
            "year": 2018,
            "quarter": 4,
            "eps": 0.63,
            "eps_growth_year": 100.57,
            "eps_4q": 2.37,
            "eps_4q_growth_year": 20.94,
            "roe": 4.01,
            "roe_4q": 15.299999999999999,
            "gross_profit": 361539,
            "gross_margin": 48.29,
            "gross_margin_4q_avg": 50.57,
            "net_income": 91313,
            "revenue": 748732,
            "common_shares": 1450472,
            "book_valuer_per_share": 16,
            "book_valuer_per_share_4q_avg": 15.52,
            "equity": 2326420,
            "current_ratio": 282.07,
            "debt_ratio": 28.35,
            "inventory_turnover_ratio": 0.48,
            "account_receivable_turnover_ratio": 0.97,
            "reinvestment_rate": -18.42,
            "research_to_sale_ratio": 7.4,
            "price_fair": 68.51,
            "eps_avg_yearly": 1.96,
            "eps_latest_yearly": 2.52,
            "eps_growth_yearly": 43.99
        },
        "20191": {
            "year_quarter": 20191,
            "year": 2019,
            "quarter": 1,
            "eps": 0.49,
            "eps_growth_year": 8.89,
            "eps_4q": 2.4,
            "eps_4q_growth_year": 26.47,
            "roe": 2.98,
            "roe_4q": 15.379999999999999,
            "gross_profit": 305166,
            "gross_margin": 51.39,
            "gross_margin_4q_avg": 50.33,
            "net_income": 70604,
            "revenue": 593797,
            "common_shares": 1450472,
            "book_valuer_per_share": 16.61,
            "book_valuer_per_share_4q_avg": 15.73,
            "equity": 2414131,
            "current_ratio": 307.35,
            "debt_ratio": 26.41,
            "inventory_turnover_ratio": 0.36,
            "account_receivable_turnover_ratio": 0.78,
            "reinvestment_rate": -17.5,
            "research_to_sale_ratio": 9.22,
            "price_fair": 69.65,
            "eps_avg_yearly": 1.99,
            "eps_latest_yearly": 1.96,
            "eps_growth_yearly": 25.94
        },
        "20192": {
            "year_quarter": 20192,
            "year": 2019,
            "quarter": 2,
            "eps": 0.54,
            "eps_growth_year": -23.94,
            "eps_4q": 2.23,
            "eps_4q_growth_year": 18.71,
            "roe": 3.4,
            "roe_4q": 14.15,
            "gross_profit": 302367,
            "gross_margin": 52.21,
            "gross_margin_4q_avg": 50.93,
            "net_income": 78783,
            "revenue": 579191,
            "common_shares": 1450472,
            "book_valuer_per_share": 15.3,
            "book_valuer_per_share_4q_avg": 15.81,
            "equity": 2223976,
            "current_ratio": 238.72,
            "debt_ratio": 32.9,
            "inventory_turnover_ratio": 0.34,
            "account_receivable_turnover_ratio": 0.78,
            "reinvestment_rate": -16.53,
            "research_to_sale_ratio": 8.44,
            "price_fair": 71.66,
            "eps_avg_yearly": 2.05,
            "eps_latest_yearly": 2.16,
            "eps_growth_yearly": 31.96
        },
        "20193": {
            "year_quarter": 20193,
            "year": 2019,
            "quarter": 3,
            "eps": 0.6,
            "eps_growth_year": 5.26,
            "eps_4q": 2.26,
            "eps_4q_growth_year": 10.4,
            "roe": 3.88,
            "roe_4q": 14.27,
            "gross_profit": 332805,
            "gross_margin": 48.18,
            "gross_margin_4q_avg": 50.02,
            "net_income": 87449,
            "revenue": 690797,
            "common_shares": 1450472,
            "book_valuer_per_share": 15.68,
            "book_valuer_per_share_4q_avg": 15.9,
            "equity": 2279259,
            "current_ratio": 319.55,
            "debt_ratio": 25.17,
            "inventory_turnover_ratio": 0.45,
            "account_receivable_turnover_ratio": 0.95,
            "reinvestment_rate": -12.2,
            "research_to_sale_ratio": 7.18,
            "price_fair": 60.96,
            "eps_avg_yearly": 2.07,
            "eps_latest_yearly": 2.4,
            "eps_growth_yearly": 19.41
        },
        "20194": {
            "year_quarter": 20194,
            "year": 2019,
            "quarter": 4,
            "eps": 0.52,
            "eps_growth_year": -17.87,
            "eps_4q": 2.15,
            "eps_4q_growth_year": -9.15,
            "roe": 3.24,
            "roe_4q": 13.5,
            "gross_profit": 335949,
            "gross_margin": 48.75,
            "gross_margin_4q_avg": 50.13,
            "net_income": 74921,
            "revenue": 689191,
            "common_shares": 1450472,
            "book_valuer_per_share": 16.13,
            "book_valuer_per_share_4q_avg": 15.93,
            "equity": 2344619,
            "current_ratio": 325.75,
            "debt_ratio": 25.06,
            "inventory_turnover_ratio": 0.49,
            "account_receivable_turnover_ratio": 0.93,
            "reinvestment_rate": -17.98,
            "research_to_sale_ratio": 7.51,
            "price_fair": 48.69,
            "eps_avg_yearly": 2.07,
            "eps_latest_yearly": 2.08,
            "eps_growth_yearly": 13.58
        },
        "20201": {
            "year_quarter": 20201,
            "year": 2020,
            "quarter": 1,
            "eps": 0.43,
            "eps_growth_year": -12.24,
            "eps_4q": 2.09,
            "eps_4q_growth_year": -12.97,
            "roe": 2.74,
            "roe_4q": 13.26,
            "gross_profit": 280339,
            "gross_margin": 52.17,
            "gross_margin_4q_avg": 50.33,
            "net_income": 62001,
            "revenue": 537355,
            "common_shares": 1450472,
            "book_valuer_per_share": 14.97,
            "book_valuer_per_share_4q_avg": 15.52,
            "equity": 2175951,
            "current_ratio": 251.03,
            "debt_ratio": 29.54,
            "inventory_turnover_ratio": 0.36,
            "account_receivable_turnover_ratio": 0.72,
            "reinvestment_rate": -17.77,
            "research_to_sale_ratio": 8.87,
            "price_fair": 52.02,
            "eps_avg_yearly": 2.07,
            "eps_latest_yearly": 1.72,
            "eps_growth_yearly": 15.16
        },
        "20202": {
            "year_quarter": 20202,
            "year": 2020,
            "quarter": 2,
            "eps": 0.14,
            "eps_growth_year": -74.07,
            "eps_4q": 1.69,
            "eps_4q_growth_year": -24.46,
            "roe": 0.94,
            "roe_4q": 10.8,
            "gross_profit": 242269,
            "gross_margin": 49.53,
            "gross_margin_4q_avg": 49.66,
            "net_income": 20409,
            "revenue": 489110,
            "common_shares": 1450472,
            "book_valuer_per_share": 15.03,
            "book_valuer_per_share_4q_avg": 15.45,
            "equity": 2179743,
            "current_ratio": 262.65,
            "debt_ratio": 28.65,
            "inventory_turnover_ratio": 0.35,
            "account_receivable_turnover_ratio": 0.7,
            "reinvestment_rate": -8.47,
            "research_to_sale_ratio": 9.88,
            "price_fair": 5.93,
            "eps_avg_yearly": 1.98,
            "eps_latest_yearly": 0.56,
            "eps_growth_yearly": -6.46
        },
        "20203": {
            "year_quarter": 20203,
            "year": 2020,
            "quarter": 3,
            "eps": 0.43,
            "eps_growth_year": -28.33,
            "eps_4q": 1.52,
            "eps_4q_growth_year": -32.82,
            "roe": 2.84,
            "roe_4q": 9.76,
            "gross_profit": 283279,
            "gross_margin": 48.11,
            "gross_margin_4q_avg": 49.64,
            "net_income": 62952,
            "revenue": 588760,
            "common_shares": 1450472,
            "book_valuer_per_share": 15.54,
            "book_valuer_per_share_4q_avg": 15.42,
            "equity": 2253639,
            "current_ratio": 314.55,
            "debt_ratio": 24.75,
            "inventory_turnover_ratio": 0.47,
            "account_receivable_turnover_ratio": 0.9,
            "reinvestment_rate": -7.2,
            "research_to_sale_ratio": 7.46,
            "price_fair": 69.48,
            "eps_avg_yearly": 1.99,
            "eps_latest_yearly": 1.72,
            "eps_growth_yearly": 50.33
        },
        "20204": {
            "year_quarter": 20204,
            "year": 2020,
            "quarter": 4,
            "eps": 0.37,
            "eps_growth_year": -28.68,
            "eps_4q": 1.37,
            "eps_4q_growth_year": -36.22,
            "roe": 2.35,
            "roe_4q": 8.87,
            "gross_profit": 309109,
            "gross_margin": 44.74,
            "gross_margin_4q_avg": 48.64,
            "net_income": 53708,
            "revenue": 690915,
            "common_shares": 1450472,
            "book_valuer_per_share": 16.04,
            "book_valuer_per_share_4q_avg": 15.4,
            "equity": 2326668,
            "current_ratio": 232.47,
            "debt_ratio": 36.92,
            "inventory_turnover_ratio": 0.61,
            "account_receivable_turnover_ratio": 0.97,
            "reinvestment_rate": 9.02,
            "research_to_sale_ratio": 7.9,
            "price_fair": 68.6,
            "eps_avg_yearly": 1.96,
            "eps_latest_yearly": 1.48,
            "eps_growth_yearly": 42.46
        },
        "20211": {
            "year_quarter": 20211,
            "year": 2021,
            "quarter": 1,
            "eps": 0.46,
            "eps_growth_year": 6.98,
            "eps_4q": 1.4,
            "eps_4q_growth_year": -33.11,
            "roe": 2.92,
            "roe_4q": 9.049999999999999,
            "gross_profit": 308282,
            "gross_margin": 52.61,
            "gross_margin_4q_avg": 48.75,
            "net_income": 66296,
            "revenue": 586001,
            "common_shares": 1450472,
            "book_valuer_per_share": 15.22,
            "book_valuer_per_share_4q_avg": 15.46,
            "equity": 2207941,
            "current_ratio": 204.8,
            "debt_ratio": 38.91,
            "inventory_turnover_ratio": 0.43,
            "account_receivable_turnover_ratio": 0.79,
            "reinvestment_rate": 9.47,
            "research_to_sale_ratio": 9.2,
            "price_fair": 68.16,
            "eps_avg_yearly": 1.95,
            "eps_latest_yearly": 1.84,
            "eps_growth_yearly": 46.42
        },
        "20212": {
            "year_quarter": 20212,
            "year": 2021,
            "quarter": 2,
            "eps": 0.29,
            "eps_growth_year": 107.14,
            "eps_4q": 1.55,
            "eps_4q_growth_year": -8.32,
            "roe": 1.86,
            "roe_4q": 9.97,
            "gross_profit": 312642,
            "gross_margin": 50.73,
            "gross_margin_4q_avg": 49.05,
            "net_income": 41425,
            "revenue": 616280,
            "common_shares": 1450472,
            "book_valuer_per_share": 15.47,
            "book_valuer_per_share_4q_avg": 15.57,
            "equity": 2243715,
            "current_ratio": 208.61,
            "debt_ratio": 38.54,
            "inventory_turnover_ratio": 0.44,
            "account_receivable_turnover_ratio": 0.89,
            "reinvestment_rate": 22.41,
            "research_to_sale_ratio": 8.73,
            "price_fair": 64.31,
            "eps_avg_yearly": 1.84,
            "eps_latest_yearly": 1.16,
            "eps_growth_yearly": 26.39
        },
        "20213": {
            "year_quarter": 20213,
            "year": 2021,
            "quarter": 3,
            "eps": 0.63,
            "eps_growth_year": 46.51,
            "eps_4q": 1.74,
            "eps_4q_growth_year": 14.36,
            "roe": 3.99,
            "roe_4q": 11.12,
            "gross_profit": 353776,
            "gross_margin": 49.84,
            "gross_margin_4q_avg": 49.48,
            "net_income": 90922,
            "revenue": 709811,
            "common_shares": 1450472,
            "book_valuer_per_share": 15.92,
            "book_valuer_per_share_4q_avg": 15.66,
            "equity": 2309519,
            "current_ratio": 225,
            "debt_ratio": 33.47,
            "inventory_turnover_ratio": 0.47,
            "account_receivable_turnover_ratio": 1.01,
            "reinvestment_rate": 10.08,
            "research_to_sale_ratio": 7.71,
            "price_fair": 66.33,
            "eps_avg_yearly": 1.9,
            "eps_latest_yearly": 2.52,
            "eps_growth_yearly": 67
        },
        "20214": {
            "year_quarter": 20214,
            "year": 2021,
            "quarter": 4,
            "eps": 0.63,
            "eps_growth_year": 69.24,
            "eps_4q": 2,
            "eps_4q_growth_year": 45.44,
            "roe": 3.83,
            "roe_4q": 12.6,
            "gross_profit": 353710,
            "gross_margin": 50.74,
            "gross_margin_4q_avg": 50.98,
            "net_income": 90894,
            "revenue": 697070,
            "common_shares": 1450472,
            "book_valuer_per_share": 16.77,
            "book_valuer_per_share_4q_avg": 15.85,
            "equity": 2431804,
            "current_ratio": 236.87,
            "debt_ratio": 30.39,
            "inventory_turnover_ratio": 0.43,
            "account_receivable_turnover_ratio": 0.98,
            "reinvestment_rate": 9.38,
            "research_to_sale_ratio": 8.49,
            "price_fair": 69.04,
            "eps_avg_yearly": 1.97,
            "eps_latest_yearly": 2.52,
            "eps_growth_yearly": 72
        },
        "20221": {
            "year_quarter": 20221,
            "year": 2022,
            "quarter": 1,
            "eps": 0.64,
            "eps_growth_year": 39.13,
            "eps_4q": 2.18,
            "eps_4q_growth_year": 55.9,
            "roe": 3.93,
            "roe_4q": 13.61,
            "gross_profit": 345570,
            "gross_margin": 49.54,
            "gross_margin_4q_avg": 50.21,
            "net_income": 93308,
            "revenue": 697555,
            "common_shares": 1450472,
            "book_valuer_per_share": 15.98,
            "book_valuer_per_share_4q_avg": 16.04,
            "equity": 2317711,
            "current_ratio": 198.83,
            "debt_ratio": 36.3,
            "inventory_turnover_ratio": 0.39,
            "account_receivable_turnover_ratio": 0.99,
            "reinvestment_rate": 8.51,
            "research_to_sale_ratio": 7.87,
            "price_fair": 70.7,
            "eps_avg_yearly": 2.02,
            "eps_latest_yearly": 2.56,
            "eps_growth_yearly": 62.25
        },
        "20222": {
            "year_quarter": 20222,
            "year": 2022,
            "quarter": 2,
            "eps": 0.59,
            "eps_growth_year": 103.45,
            "eps_4q": 2.49,
            "eps_4q_growth_year": 60.96,
            "roe": 3.66,
            "roe_4q": 15.41,
            "gross_profit": 358112,
            "gross_margin": 53.13,
            "gross_margin_4q_avg": 50.81,
            "net_income": 86045,
            "revenue": 674059,
            "common_shares": 1450472,
            "book_valuer_per_share": 16.47,
            "book_valuer_per_share_4q_avg": 16.29,
            "equity": 2389085,
            "current_ratio": 204.37,
            "debt_ratio": 36.21,
            "inventory_turnover_ratio": 0.3,
            "account_receivable_turnover_ratio": 0.96,
            "reinvestment_rate": 6.73,
            "research_to_sale_ratio": 9.12,
            "price_fair": 69.65,
            "eps_avg_yearly": 1.99,
            "eps_latest_yearly": 2.36,
            "eps_growth_yearly": 45.85
        },
        "20223": {
            "year_quarter": 20223,
            "year": 2022,
            "quarter": 3,
            "eps": 0.82,
            "eps_growth_year": 30.16,
            "eps_4q": 2.69,
            "eps_4q_growth_year": 54.5,
            "roe": 4.88,
            "roe_4q": 16.299999999999997,
            "gross_profit": 373663,
            "gross_margin": 49.15,
            "gross_margin_4q_avg": 50.64,
            "net_income": 119628,
            "revenue": 760265,
            "common_shares": 1450472,
            "book_valuer_per_share": 17.34,
            "book_valuer_per_share_4q_avg": 16.64,
            "equity": 2514632,
            "current_ratio": 223.39,
            "debt_ratio": 34.54,
            "inventory_turnover_ratio": 0.34,
            "account_receivable_turnover_ratio": 1.03,
            "reinvestment_rate": 7.29,
            "research_to_sale_ratio": 7.79,
            "price_fair": 71.84,
            "eps_avg_yearly": 2.05,
            "eps_latest_yearly": 3.28,
            "eps_growth_yearly": 60.52
        },
        "20224": {
            "year_quarter": 20224,
            "year": 2022,
            "quarter": 4,
            "eps": 0.72,
            "eps_growth_year": 15.24,
            "eps_4q": 2.78,
            "eps_4q_growth_year": 39.44,
            "roe": 4.07,
            "roe_4q": 16.54,
            "gross_profit": 368217,
            "gross_margin": 48.85,
            "gross_margin_4q_avg": 50.17,
            "net_income": 104743,
            "revenue": 753706,
            "common_shares": 1450472,
            "book_valuer_per_share": 18.16,
            "book_valuer_per_share_4q_avg": 16.99,
            "equity": 2633811,
            "current_ratio": 221,
            "debt_ratio": 34,
            "inventory_turnover_ratio": 0.33,
            "account_receivable_turnover_ratio": 0.95,
            "reinvestment_rate": 6.24,
            "research_to_sale_ratio": 8.64,
            "price_fair": 72.63,
            "eps_avg_yearly": 2.08,
            "eps_latest_yearly": 2.88,
            "eps_growth_yearly": 54.84
        },
        "20231": {
            "year_quarter": 20231,
            "year": 2023,
            "quarter": 1,
            "eps": 0.56,
            "eps_growth_year": -12.5,
            "eps_4q": 2.7,
            "eps_4q_growth_year": 23.86,
            "roe": 3.22,
            "roe_4q": 15.830000000000002,
            "gross_profit": 352250,
            "gross_margin": 49.23,
            "gross_margin_4q_avg": 50.09,
            "net_income": 81667,
            "revenue": 715558,
            "common_shares": 1450472,
            "book_valuer_per_share": 16.76,
            "book_valuer_per_share_4q_avg": 17.18,
            "equity": 2430802,
            "current_ratio": 209.4,
            "debt_ratio": 35.19,
            "inventory_turnover_ratio": 0.31,
            "account_receivable_turnover_ratio": 0.93,
            "reinvestment_rate": 5.94,
            "research_to_sale_ratio": 8.01,
            "price_fair": 73.24,
            "eps_avg_yearly": 2.09,
            "eps_latest_yearly": 2.24,
            "eps_growth_yearly": 54.84
        },
        "20232": {
            "year_quarter": 20232,
            "year": 2023,
            "quarter": 2,
            "eps": 0.61,
            "eps_growth_year": 3.39,
            "eps_4q": 2.72,
            "eps_4q_growth_year": 9.27,
            "roe": 3.6,
            "roe_4q": 15.77,
            "gross_profit": 373142,
            "gross_margin": 51.73,
            "gross_margin_4q_avg": 49.74,
            "net_income": 88600,
            "revenue": 721347,
            "common_shares": 1450472,
            "book_valuer_per_share": 17.22,
            "book_valuer_per_share_4q_avg": 17.37,
            "equity": 2497969,
            "current_ratio": 223.83,
            "debt_ratio": 33.25,
            "inventory_turnover_ratio": 0.3,
            "account_receivable_turnover_ratio": 0.99,
            "reinvestment_rate": 5.89,
            "research_to_sale_ratio": 8.75,
            "price_fair": 73.85,
            "eps_avg_yearly": 2.11,
            "eps_latest_yearly": 2.44,
            "eps_growth_yearly": 54.52
        }
    },
    "months": {
        "2001-06": {
            "month": "2001-06",
            "price": "31.06",
            "revenue": 101530
        },
        "2001-07": {
            "month": "2001-07",
            "price": "25.49",
            "revenue": 77504
        },
        "2001-08": {
            "month": "2001-08",
            "price": "22.63",
            "revenue": 89493
        },
        "2001-09": {
            "month": "2001-09",
            "price": "17.28",
            "revenue": 91083
        },
        "2001-10": {
            "month": "2001-10",
            "price": "16.37",
            "revenue": 74161
        },
        "2001-11": {
            "month": "2001-11",
            "price": "19.60",
            "revenue": 84347
        },
        "2001-12": {
            "month": "2001-12",
            "price": "25.00",
            "revenue": 87881
        },
        "2002-01": {
            "month": "2002-01",
            "price": "26.36",
            "revenue": 70080
        },
        "2002-02": {
            "month": "2002-02",
            "price": "25.20",
            "revenue": 55777
        },
        "2002-03": {
            "month": "2002-03",
            "price": "27.23",
            "revenue": 87716
        },
        "2002-04": {
            "month": "2002-04",
            "price": "26.73",
            "revenue": 78077
        },
        "2002-05": {
            "month": "2002-05",
            "price": "21.31",
            "revenue": 91048
        },
        "2002-06": {
            "month": "2002-06",
            "price": "19.69",
            "revenue": 91536
        },
        "2002-07": {
            "month": "2002-07",
            "price": "16.53",
            "revenue": 77995
        },
        "2002-08": {
            "month": "2002-08",
            "price": "16.38",
            "revenue": 85844
        },
        "2002-09": {
            "month": "2002-09",
            "price": "16.56",
            "revenue": 97274
        },
        "2002-10": {
            "month": "2002-10",
            "price": "16.55",
            "revenue": 91426
        },
        "2002-11": {
            "month": "2002-11",
            "price": "16.54",
            "revenue": 101813
        },
        "2002-12": {
            "month": "2002-12",
            "price": "17.00",
            "revenue": 97156
        },
        "2003-01": {
            "month": "2003-01",
            "price": "16.56",
            "revenue": 58050
        },
        "2003-02": {
            "month": "2003-02",
            "price": "16.24",
            "revenue": 57121
        },
        "2003-03": {
            "month": "2003-03",
            "price": "15.10",
            "revenue": 91575
        },
        "2003-04": {
            "month": "2003-04",
            "price": "15.02",
            "revenue": 74104
        },
        "2003-05": {
            "month": "2003-05",
            "price": "15.47",
            "revenue": 108676
        },
        "2003-06": {
            "month": "2003-06",
            "price": "17.63",
            "revenue": 109448
        },
        "2003-07": {
            "month": "2003-07",
            "price": "20.70",
            "revenue": 104805
        },
        "2003-08": {
            "month": "2003-08",
            "price": "20.66",
            "revenue": 111163
        },
        "2003-09": {
            "month": "2003-09",
            "price": "19.08",
            "revenue": 94410
        },
        "2003-10": {
            "month": "2003-10",
            "price": "18.93",
            "revenue": 121059
        },
        "2003-11": {
            "month": "2003-11",
            "price": "20.66",
            "revenue": 107351
        },
        "2003-12": {
            "month": "2003-12",
            "price": "21.09",
            "revenue": 138354
        },
        "2004-01": {
            "month": "2004-01",
            "price": "21.45",
            "revenue": 67712
        },
        "2004-02": {
            "month": "2004-02",
            "price": "22.64",
            "revenue": 101570
        },
        "2004-03": {
            "month": "2004-03",
            "price": "22.54",
            "revenue": 149353
        },
        "2004-04": {
            "month": "2004-04",
            "price": "23.17",
            "revenue": 149883
        },
        "2004-05": {
            "month": "2004-05",
            "price": "22.16",
            "revenue": 107940
        },
        "2004-06": {
            "month": "2004-06",
            "price": "20.94",
            "revenue": 114758
        },
        "2004-07": {
            "month": "2004-07",
            "price": "18.31",
            "revenue": 107530
        },
        "2004-08": {
            "month": "2004-08",
            "price": "17.10",
            "revenue": 111097
        },
        "2004-09": {
            "month": "2004-09",
            "price": "18.85",
            "revenue": 124500
        },
        "2004-10": {
            "month": "2004-10",
            "price": "18.22",
            "revenue": 111793
        },
        "2004-11": {
            "month": "2004-11",
            "price": "17.76",
            "revenue": 91850
        },
        "2004-12": {
            "month": "2004-12",
            "price": "17.28",
            "revenue": 108786
        },
        "2005-01": {
            "month": "2005-01",
            "price": "16.94",
            "revenue": 102957
        },
        "2005-02": {
            "month": "2005-02",
            "price": "17.50",
            "revenue": 80545
        },
        "2005-03": {
            "month": "2005-03",
            "price": "18.31",
            "revenue": 95492
        },
        "2005-04": {
            "month": "2005-04",
            "price": "17.73",
            "revenue": 104870
        },
        "2005-05": {
            "month": "2005-05",
            "price": "16.84",
            "revenue": 105130
        },
        "2005-06": {
            "month": "2005-06",
            "price": "17.31",
            "revenue": 120244
        },
        "2005-07": {
            "month": "2005-07",
            "price": "16.91",
            "revenue": 96494
        },
        "2005-08": {
            "month": "2005-08",
            "price": "15.68",
            "revenue": 125778
        },
        "2005-09": {
            "month": "2005-09",
            "price": "15.09",
            "revenue": 106127
        },
        "2005-10": {
            "month": "2005-10",
            "price": "14.23",
            "revenue": 113346
        },
        "2005-11": {
            "month": "2005-11",
            "price": "14.40",
            "revenue": 144863
        },
        "2005-12": {
            "month": "2005-12",
            "price": "15.85",
            "revenue": 171264
        },
        "2006-01": {
            "month": "2006-01",
            "price": "17.14",
            "revenue": 80811
        },
        "2006-02": {
            "month": "2006-02",
            "price": "16.76",
            "revenue": 89846
        },
        "2006-03": {
            "month": "2006-03",
            "price": "15.84",
            "revenue": 138425
        },
        "2006-04": {
            "month": "2006-04",
            "price": "16.11",
            "revenue": 120516
        },
        "2006-05": {
            "month": "2006-05",
            "price": "17.63",
            "revenue": 92501
        },
        "2006-06": {
            "month": "2006-06",
            "price": "16.69",
            "revenue": 100706
        },
        "2006-07": {
            "month": "2006-07",
            "price": "15.18",
            "revenue": 100910
        },
        "2006-08": {
            "month": "2006-08",
            "price": "16.40",
            "revenue": 112148
        },
        "2006-09": {
            "month": "2006-09",
            "price": "16.64",
            "revenue": 118593
        },
        "2006-10": {
            "month": "2006-10",
            "price": "16.92",
            "revenue": 121465
        },
        "2006-11": {
            "month": "2006-11",
            "price": "18.53",
            "revenue": 142595
        },
        "2006-12": {
            "month": "2006-12",
            "price": "19.45",
            "revenue": 141405
        },
        "2007-01": {
            "month": "2007-01",
            "price": "20.83",
            "revenue": 89637
        },
        "2007-02": {
            "month": "2007-02",
            "price": "22.03",
            "revenue": 73311
        },
        "2007-03": {
            "month": "2007-03",
            "price": "29.21",
            "revenue": 132893
        },
        "2007-04": {
            "month": "2007-04",
            "price": "38.35",
            "revenue": 118365
        },
        "2007-05": {
            "month": "2007-05",
            "price": "36.80",
            "revenue": 125223
        },
        "2007-06": {
            "month": "2007-06",
            "price": "38.19",
            "revenue": 116415
        },
        "2007-07": {
            "month": "2007-07",
            "price": "39.18",
            "revenue": 118338
        },
        "2007-08": {
            "month": "2007-08",
            "price": "30.41",
            "revenue": 132562
        },
        "2007-09": {
            "month": "2007-09",
            "price": "29.90",
            "revenue": 112089
        },
        "2007-10": {
            "month": "2007-10",
            "price": "28.45",
            "revenue": 114810
        },
        "2007-11": {
            "month": "2007-11",
            "price": "24.39",
            "revenue": 177148
        },
        "2007-12": {
            "month": "2007-12",
            "price": "23.18",
            "revenue": 145157
        },
        "2008-01": {
            "month": "2008-01",
            "price": "22.52",
            "revenue": 126926
        },
        "2008-02": {
            "month": "2008-02",
            "price": "22.35",
            "revenue": 105063
        },
        "2008-03": {
            "month": "2008-03",
            "price": "25.16",
            "revenue": 150165
        },
        "2008-04": {
            "month": "2008-04",
            "price": "27.42",
            "revenue": 116650
        },
        "2008-05": {
            "month": "2008-05",
            "price": "27.89",
            "revenue": 125546
        },
        "2008-06": {
            "month": "2008-06",
            "price": "24.31",
            "revenue": 112677
        },
        "2008-07": {
            "month": "2008-07",
            "price": "20.68",
            "revenue": 104236
        },
        "2008-08": {
            "month": "2008-08",
            "price": "19.06",
            "revenue": 112876
        },
        "2008-09": {
            "month": "2008-09",
            "price": "17.24",
            "revenue": 113019
        },
        "2008-10": {
            "month": "2008-10",
            "price": "15.04",
            "revenue": 112942
        },
        "2008-11": {
            "month": "2008-11",
            "price": "12.67",
            "revenue": 132992
        },
        "2008-12": {
            "month": "2008-12",
            "price": "12.34",
            "revenue": 144336
        },
        "2009-01": {
            "month": "2009-01",
            "price": "12.57",
            "revenue": 67976
        },
        "2009-02": {
            "month": "2009-02",
            "price": "12.28",
            "revenue": 85765
        },
        "2009-03": {
            "month": "2009-03",
            "price": "13.84",
            "revenue": 71624
        },
        "2009-04": {
            "month": "2009-04",
            "price": "15.29",
            "revenue": 71776
        },
        "2009-05": {
            "month": "2009-05",
            "price": "15.39",
            "revenue": 84672
        },
        "2009-06": {
            "month": "2009-06",
            "price": "15.25",
            "revenue": 93618
        },
        "2009-07": {
            "month": "2009-07",
            "price": "15.42",
            "revenue": 112970
        },
        "2009-08": {
            "month": "2009-08",
            "price": "17.23",
            "revenue": 133594
        },
        "2009-09": {
            "month": "2009-09",
            "price": "17.94",
            "revenue": 100304
        },
        "2009-10": {
            "month": "2009-10",
            "price": "19.37",
            "revenue": 106415
        },
        "2009-11": {
            "month": "2009-11",
            "price": "19.06",
            "revenue": 135008
        },
        "2009-12": {
            "month": "2009-12",
            "price": "22.78",
            "revenue": 108732
        },
        "2010-01": {
            "month": "2010-01",
            "price": "25.89",
            "revenue": 109059
        },
        "2010-02": {
            "month": "2010-02",
            "price": "24.35",
            "revenue": 78649
        },
        "2010-03": {
            "month": "2010-03",
            "price": "24.92",
            "revenue": 131576
        },
        "2010-04": {
            "month": "2010-04",
            "price": "25.76",
            "revenue": 107843
        },
        "2010-05": {
            "month": "2010-05",
            "price": "23.06",
            "revenue": 117663
        },
        "2010-06": {
            "month": "2010-06",
            "price": "21.91",
            "revenue": 125452
        },
        "2010-07": {
            "month": "2010-07",
            "price": "23.16",
            "revenue": 136990
        },
        "2010-08": {
            "month": "2010-08",
            "price": "24.13",
            "revenue": 122960
        },
        "2010-09": {
            "month": "2010-09",
            "price": "23.10",
            "revenue": 130213
        },
        "2010-10": {
            "month": "2010-10",
            "price": "23.03",
            "revenue": 130326
        },
        "2010-11": {
            "month": "2010-11",
            "price": "22.41",
            "revenue": 166407
        },
        "2010-12": {
            "month": "2010-12",
            "price": "23.62",
            "revenue": 163216
        },
        "2011-01": {
            "month": "2011-01",
            "price": "23.91",
            "revenue": 125854
        },
        "2011-02": {
            "month": "2011-02",
            "price": "23.50",
            "revenue": 105419
        },
        "2011-03": {
            "month": "2011-03",
            "price": "23.07",
            "revenue": 140623
        },
        "2011-04": {
            "month": "2011-04",
            "price": "23.40",
            "revenue": 104807
        },
        "2011-05": {
            "month": "2011-05",
            "price": "25.34",
            "revenue": 121320
        },
        "2011-06": {
            "month": "2011-06",
            "price": "23.76",
            "revenue": 108568
        },
        "2011-07": {
            "month": "2011-07",
            "price": "22.74",
            "revenue": 140585
        },
        "2011-08": {
            "month": "2011-08",
            "price": "20.28",
            "revenue": 135481
        },
        "2011-09": {
            "month": "2011-09",
            "price": "21.11",
            "revenue": 148669
        },
        "2011-10": {
            "month": "2011-10",
            "price": "21.30",
            "revenue": 108805
        },
        "2011-11": {
            "month": "2011-11",
            "price": "20.61",
            "revenue": 114694
        },
        "2011-12": {
            "month": "2011-12",
            "price": "19.07",
            "revenue": 191348
        },
        "2012-01": {
            "month": "2012-01",
            "price": "19.55",
            "revenue": 71828
        },
        "2012-02": {
            "month": "2012-02",
            "price": "21.18",
            "revenue": 105935
        },
        "2012-03": {
            "month": "2012-03",
            "price": "22.13",
            "revenue": 136413
        },
        "2012-04": {
            "month": "2012-04",
            "price": "20.51",
            "revenue": 105030
        },
        "2012-05": {
            "month": "2012-05",
            "price": "19.28",
            "revenue": 151859
        },
        "2012-06": {
            "month": "2012-06",
            "price": "19.40",
            "revenue": 127824
        },
        "2012-07": {
            "month": "2012-07",
            "price": "18.80",
            "revenue": 113439
        },
        "2012-08": {
            "month": "2012-08",
            "price": "18.08",
            "revenue": 134987
        },
        "2012-09": {
            "month": "2012-09",
            "price": "18.72",
            "revenue": 127908
        },
        "2012-10": {
            "month": "2012-10",
            "price": "18.48",
            "revenue": 112664
        },
        "2012-11": {
            "month": "2012-11",
            "price": "17.24",
            "revenue": 111113
        },
        "2012-12": {
            "month": "2012-12",
            "price": "17.41",
            "revenue": 136997
        },
        "2013-01": {
            "month": "2013-01",
            "price": "17.45",
            "revenue": 145937
        },
        "2013-02": {
            "month": "2013-02",
            "price": "17.83",
            "revenue": 111833
        },
        "2013-03": {
            "month": "2013-03",
            "price": "17.83",
            "revenue": 203899
        },
        "2013-04": {
            "month": "2013-04",
            "price": "17.52",
            "revenue": 183339
        },
        "2013-05": {
            "month": "2013-05",
            "price": "17.76",
            "revenue": 174961
        },
        "2013-06": {
            "month": "2013-06",
            "price": "17.76",
            "revenue": 192497
        },
        "2013-07": {
            "month": "2013-07",
            "price": "17.39",
            "revenue": 189816
        },
        "2013-08": {
            "month": "2013-08",
            "price": "17.27",
            "revenue": 170867
        },
        "2013-09": {
            "month": "2013-09",
            "price": "17.45",
            "revenue": 170365
        },
        "2013-10": {
            "month": "2013-10",
            "price": "17.75",
            "revenue": 178266
        },
        "2013-11": {
            "month": "2013-11",
            "price": "17.72",
            "revenue": 196099
        },
        "2013-12": {
            "month": "2013-12",
            "price": "17.72",
            "revenue": 189149
        },
        "2014-01": {
            "month": "2014-01",
            "price": "18.51",
            "revenue": 130819
        },
        "2014-02": {
            "month": "2014-02",
            "price": "19.43",
            "revenue": 113622
        },
        "2014-03": {
            "month": "2014-03",
            "price": "21.12",
            "revenue": 225871
        },
        "2014-04": {
            "month": "2014-04",
            "price": "21.16",
            "revenue": 186568
        },
        "2014-05": {
            "month": "2014-05",
            "price": "19.92",
            "revenue": 174842
        },
        "2014-06": {
            "month": "2014-06",
            "price": "20.11",
            "revenue": 187897
        },
        "2014-07": {
            "month": "2014-07",
            "price": "20.33",
            "revenue": 168803
        },
        "2014-08": {
            "month": "2014-08",
            "price": "18.49",
            "revenue": 183583
        },
        "2014-09": {
            "month": "2014-09",
            "price": "18.45",
            "revenue": 202262
        },
        "2014-10": {
            "month": "2014-10",
            "price": "21.15",
            "revenue": 168034
        },
        "2014-11": {
            "month": "2014-11",
            "price": "20.93",
            "revenue": 174818
        },
        "2014-12": {
            "month": "2014-12",
            "price": "20.68",
            "revenue": 263819
        },
        "2015-01": {
            "month": "2015-01",
            "price": "21.81",
            "revenue": 156258
        },
        "2015-02": {
            "month": "2015-02",
            "price": "21.54",
            "revenue": 117096
        },
        "2015-03": {
            "month": "2015-03",
            "price": "21.13",
            "revenue": 189473
        },
        "2015-04": {
            "month": "2015-04",
            "price": "20.38",
            "revenue": 168436
        },
        "2015-05": {
            "month": "2015-05",
            "price": "20.10",
            "revenue": 158614
        },
        "2015-06": {
            "month": "2015-06",
            "price": "18.71",
            "revenue": 172322
        },
        "2015-07": {
            "month": "2015-07",
            "price": "17.65",
            "revenue": 171405
        },
        "2015-08": {
            "month": "2015-08",
            "price": "15.33",
            "revenue": 169303
        },
        "2015-09": {
            "month": "2015-09",
            "price": "15.86",
            "revenue": 188052
        },
        "2015-10": {
            "month": "2015-10",
            "price": "16.68",
            "revenue": 186963
        },
        "2015-11": {
            "month": "2015-11",
            "price": "16.65",
            "revenue": 201410
        },
        "2015-12": {
            "month": "2015-12",
            "price": "16.90",
            "revenue": 281640
        },
        "2016-01": {
            "month": "2016-01",
            "price": "16.97",
            "revenue": 147975
        },
        "2016-02": {
            "month": "2016-02",
            "price": "16.97",
            "revenue": 138172
        },
        "2016-03": {
            "month": "2016-03",
            "price": "18.12",
            "revenue": 212635
        },
        "2016-04": {
            "month": "2016-04",
            "price": "18.54",
            "revenue": 147832
        },
        "2016-05": {
            "month": "2016-05",
            "price": "17.75",
            "revenue": 148438
        },
        "2016-06": {
            "month": "2016-06",
            "price": "17.88",
            "revenue": 193969
        },
        "2016-07": {
            "month": "2016-07",
            "price": "18.55",
            "revenue": 151590
        },
        "2016-08": {
            "month": "2016-08",
            "price": "19.18",
            "revenue": 177453
        },
        "2016-09": {
            "month": "2016-09",
            "price": "18.36",
            "revenue": 216378
        },
        "2016-10": {
            "month": "2016-10",
            "price": "19.25",
            "revenue": 184039
        },
        "2016-11": {
            "month": "2016-11",
            "price": "19.27",
            "revenue": 203501
        },
        "2016-12": {
            "month": "2016-12",
            "price": "19.38",
            "revenue": 285226
        },
        "2017-01": {
            "month": "2017-01",
            "price": "19.65",
            "revenue": 137571
        },
        "2017-02": {
            "month": "2017-02",
            "price": "20.09",
            "revenue": 174981
        },
        "2017-03": {
            "month": "2017-03",
            "price": "20.11",
            "revenue": 250645
        },
        "2017-04": {
            "month": "2017-04",
            "price": "20.95",
            "revenue": 189110
        },
        "2017-05": {
            "month": "2017-05",
            "price": "21.93",
            "revenue": 171469
        },
        "2017-06": {
            "month": "2017-06",
            "price": "23.48",
            "revenue": 218192
        },
        "2017-07": {
            "month": "2017-07",
            "price": "23.11",
            "revenue": 173706
        },
        "2017-08": {
            "month": "2017-08",
            "price": "24.25",
            "revenue": 197400
        },
        "2017-09": {
            "month": "2017-09",
            "price": "25.87",
            "revenue": 183568
        },
        "2017-10": {
            "month": "2017-10",
            "price": "25.51",
            "revenue": 199196
        },
        "2017-11": {
            "month": "2017-11",
            "price": "24.47",
            "revenue": 180497
        },
        "2017-12": {
            "month": "2017-12",
            "price": "23.26",
            "revenue": 232254
        },
        "2018-01": {
            "month": "2018-01",
            "price": "23.31",
            "revenue": 161028
        },
        "2018-02": {
            "month": "2018-02",
            "price": "22.62",
            "revenue": 154256
        },
        "2018-03": {
            "month": "2018-03",
            "price": "23.42",
            "revenue": 221744
        },
        "2018-04": {
            "month": "2018-04",
            "price": "23.48",
            "revenue": 207350
        },
        "2018-05": {
            "month": "2018-05",
            "price": "23.44",
            "revenue": 205715
        },
        "2018-06": {
            "month": "2018-06",
            "price": "23.94",
            "revenue": 255807
        },
        "2018-07": {
            "month": "2018-07",
            "price": "23.12",
            "revenue": 200529
        },
        "2018-08": {
            "month": "2018-08",
            "price": "23.46",
            "revenue": 237434
        },
        "2018-09": {
            "month": "2018-09",
            "price": "23.52",
            "revenue": 185378
        },
        "2018-10": {
            "month": "2018-10",
            "price": "22.13",
            "revenue": 224921
        },
        "2018-11": {
            "month": "2018-11",
            "price": "21.79",
            "revenue": 246390
        },
        "2018-12": {
            "month": "2018-12",
            "price": "22.93",
            "revenue": 276362
        },
        "2019-01": {
            "month": "2019-01",
            "price": "25.69",
            "revenue": 178414
        },
        "2019-02": {
            "month": "2019-02",
            "price": "26.51",
            "revenue": 161842
        },
        "2019-03": {
            "month": "2019-03",
            "price": "27.19",
            "revenue": 252546
        },
        "2019-04": {
            "month": "2019-04",
            "price": "28.84",
            "revenue": 203413
        },
        "2019-05": {
            "month": "2019-05",
            "price": "28.21",
            "revenue": 160028
        },
        "2019-06": {
            "month": "2019-06",
            "price": "27.68",
            "revenue": 218806
        },
        "2019-07": {
            "month": "2019-07",
            "price": "26.38",
            "revenue": 229254
        },
        "2019-08": {
            "month": "2019-08",
            "price": "26.10",
            "revenue": 210967
        },
        "2019-09": {
            "month": "2019-09",
            "price": "26.00",
            "revenue": 249866
        },
        "2019-10": {
            "month": "2019-10",
            "price": "26.58",
            "revenue": 223833
        },
        "2019-11": {
            "month": "2019-11",
            "price": "26.76",
            "revenue": 238669
        },
        "2019-12": {
            "month": "2019-12",
            "price": "27.05",
            "revenue": 233263
        },
        "2020-01": {
            "month": "2020-01",
            "price": "26.38",
            "revenue": 147857
        },
        "2020-02": {
            "month": "2020-02",
            "price": "25.13",
            "revenue": 200847
        },
        "2020-03": {
            "month": "2020-03",
            "price": "22.54",
            "revenue": 190737
        },
        "2020-04": {
            "month": "2020-04",
            "price": "22.54",
            "revenue": 175021
        },
        "2020-05": {
            "month": "2020-05",
            "price": "23.72",
            "revenue": 148358
        },
        "2020-06": {
            "month": "2020-06",
            "price": "24.44",
            "revenue": 161101
        },
        "2020-07": {
            "month": "2020-07",
            "price": "23.11",
            "revenue": 193534
        },
        "2020-08": {
            "month": "2020-08",
            "price": "22.41",
            "revenue": 180858
        },
        "2020-09": {
            "month": "2020-09",
            "price": "22.34",
            "revenue": 211779
        },
        "2020-10": {
            "month": "2020-10",
            "price": "22.09",
            "revenue": 199381
        },
        "2020-11": {
            "month": "2020-11",
            "price": "23.06",
            "revenue": 235425
        },
        "2020-12": {
            "month": "2020-12",
            "price": "23.84",
            "revenue": 262506
        },
        "2021-01": {
            "month": "2021-01",
            "price": "23.77",
            "revenue": 183861
        },
        "2021-02": {
            "month": "2021-02",
            "price": "23.73",
            "revenue": 158208
        },
        "2021-03": {
            "month": "2021-03",
            "price": "24.14",
            "revenue": 240773
        },
        "2021-04": {
            "month": "2021-04",
            "price": "25.10",
            "revenue": 206478
        },
        "2021-05": {
            "month": "2021-05",
            "price": "23.99",
            "revenue": 175212
        },
        "2021-06": {
            "month": "2021-06",
            "price": "24.10",
            "revenue": 230850
        },
        "2021-07": {
            "month": "2021-07",
            "price": "24.74",
            "revenue": 214893
        },
        "2021-08": {
            "month": "2021-08",
            "price": "25.07",
            "revenue": 258115
        },
        "2021-09": {
            "month": "2021-09",
            "price": "26.19",
            "revenue": 248633
        },
        "2021-10": {
            "month": "2021-10",
            "price": "26.07",
            "revenue": 229008
        },
        "2021-11": {
            "month": "2021-11",
            "price": "29.33",
            "revenue": 229708
        },
        "2021-12": {
            "month": "2021-12",
            "price": "28.29",
            "revenue": 235241
        },
        "2022-01": {
            "month": "2022-01",
            "price": "27.31",
            "revenue": 238610
        },
        "2022-02": {
            "month": "2022-02",
            "price": "27.08",
            "revenue": 207686
        },
        "2022-03": {
            "month": "2022-03",
            "price": "28.24",
            "revenue": 242840
        },
        "2022-04": {
            "month": "2022-04",
            "price": "28.66",
            "revenue": 203223
        },
        "2022-05": {
            "month": "2022-05",
            "price": "28.55",
            "revenue": 218147
        },
        "2022-06": {
            "month": "2022-06",
            "price": "27.65",
            "revenue": 261554
        },
        "2022-07": {
            "month": "2022-07",
            "price": "25.20",
            "revenue": 225319
        },
        "2022-08": {
            "month": "2022-08",
            "price": "26.27",
            "revenue": 237725
        },
        "2022-09": {
            "month": "2022-09",
            "price": "25.67",
            "revenue": 295207
        },
        "2022-10": {
            "month": "2022-10",
            "price": "25.32",
            "revenue": 228691
        },
        "2022-11": {
            "month": "2022-11",
            "price": "27.03",
            "revenue": 263606
        },
        "2022-12": {
            "month": "2022-12",
            "price": "27.04",
            "revenue": 265333
        },
        "2023-01": {
            "month": "2023-01",
            "price": "27.84",
            "revenue": 214052
        },
        "2023-02": {
            "month": "2023-02",
            "price": "28.26",
            "revenue": 230705
        },
        "2023-03": {
            "month": "2023-03",
            "price": "30.50",
            "revenue": 270776
        },
        "2023-04": {
            "month": "2023-04",
            "price": "34.80",
            "revenue": 268194
        },
        "2023-05": {
            "month": "2023-05",
            "price": "35.50",
            "revenue": 240477
        },
        "2023-06": {
            "month": "2023-06",
            "price": "37.76",
            "revenue": 212495
        },
        "2023-07": {
            "month": "2023-07",
            "price": "35.55",
            "revenue": 203639
        },
        "2023-08": {
            "month": "2023-08",
            "price": "33.67",
            "revenue": 274977
        }
    }
}
