{
    "summary": {
        "stock_name": "隴華",
        "stock_id": "2424",
        "category": "通信網路",
        "main_business": "衛星影像事業<br>衛星事業<br>其他",
        "website_url": "http://www.lunghwa.com.tw",
        "ceo": "王雅萱",
        "pe_ratio": -8,
        "report_year_from": 2001,
        "report_year_to": 2023,
        "age": 23,
        "eps_negative_percentage": 83,
        "eps_growth_avg": {
            "last_all": -100,
            "last_2y": null,
            "last_4y": null,
            "last_8y": null,
            "last_12y": -100,
            "last_16y": -100,
            "last_20y": -100,
            "at_2006_last_3y": -100,
            "at_2007_last_3y": -100,
            "at_2008_last_3y": null,
            "at_2009_last_3y": null,
            "at_2010_last_3y": null,
            "at_2011_last_3y": null,
            "at_2012_last_3y": -100,
            "at_2013_last_3y": -100,
            "at_2014_last_3y": -100,
            "at_2015_last_3y": -100,
            "at_2016_last_3y": -100,
            "at_2017_last_3y": -100,
            "at_2018_last_3y": null,
            "at_2019_last_3y": null,
            "at_2020_last_3y": null,
            "at_2021_last_3y": null,
            "at_2022_last_3y": null,
            "at_2023_last_3y": null,
            "at_2024_last_3y": null,
            "at_2006_last_all": -100,
            "at_2007_last_all": -100,
            "at_2008_last_all": -100,
            "at_2009_last_all": -100,
            "at_2010_last_all": -100,
            "at_2011_last_all": -100,
            "at_2012_last_all": -100,
            "at_2013_last_all": -100,
            "at_2014_last_all": -100,
            "at_2015_last_all": -100,
            "at_2016_last_all": -100,
            "at_2017_last_all": -100,
            "at_2018_last_all": -100,
            "at_2019_last_all": -100,
            "at_2020_last_all": -100,
            "at_2021_last_all": -100,
            "at_2022_last_all": -100,
            "at_2023_last_all": -100,
            "at_2024_last_all": -100
        },
        "latest_eps": -3.65,
        "latest_price": 30.3,
        "latest_roe": -75.95,
        "latest_gross_margin": -127.21,
        "latest_equity": 271134,
        "latest_revenue": 17157,
        "latest_gross_profit": -21826,
        "latest_net_income": -62912,
        "latest_debt_ratio": 57.55,
        "latest_current_ratio": 119.78,
        "latest_account_receivable_turnover_ratio": 1.11,
        "latest_inventory_turnover_ratio": 1.36,
        "latest_reinvestment_rate": null,
        "latest_research_to_sale_ratio": 42.91
    },
    "eps_dividends": {
        "1998": {
            "cash": 1,
            "stock": 1,
            "eps": 0
        },
        "1999": {
            "cash": 1,
            "stock": 0.6,
            "eps": 0
        },
        "2000": {
            "cash": 0.6,
            "stock": 0.6,
            "eps": 0
        },
        "2001": {
            "cash": 1,
            "stock": 1,
            "eps": 0.67
        },
        "2002": {
            "cash": 0.5,
            "stock": 0.5,
            "eps": -0.78
        },
        "2003": {
            "cash": 0,
            "stock": 0,
            "eps": 0.7
        },
        "2004": {
            "cash": 0,
            "stock": 0.11,
            "eps": -2.5
        },
        "2005": {
            "cash": 0,
            "stock": 0,
            "eps": -1.12
        },
        "2006": {
            "cash": 0,
            "stock": 0,
            "eps": -1.67
        },
        "2007": {
            "cash": 0,
            "stock": 0,
            "eps": -3.31
        },
        "2008": {
            "cash": 0,
            "stock": 0,
            "eps": -0.9
        },
        "2009": {
            "cash": 0,
            "stock": 0,
            "eps": -1.68
        },
        "2010": {
            "cash": 0,
            "stock": 0,
            "eps": -0.05
        },
        "2011": {
            "cash": 0,
            "stock": 0,
            "eps": 1.97
        },
        "2012": {
            "cash": 0,
            "stock": 0,
            "eps": -1
        },
        "2013": {
            "cash": 0,
            "stock": 0,
            "eps": 7.08
        },
        "2014": {
            "cash": 0,
            "stock": 0,
            "eps": -0.21
        },
        "2015": {
            "cash": 0,
            "stock": 0,
            "eps": -0.9
        },
        "2016": {
            "cash": 0,
            "stock": 0,
            "eps": -1.51
        },
        "2017": {
            "cash": 0,
            "stock": 0,
            "eps": -1.64
        },
        "2018": {
            "cash": 0,
            "stock": 0,
            "eps": -1.38
        },
        "2019": {
            "cash": 0,
            "stock": 0,
            "eps": -3.64
        },
        "2020": {
            "cash": 0,
            "stock": 0,
            "eps": -5.97
        },
        "2021": {
            "cash": 0,
            "stock": 0,
            "eps": -8.83
        },
        "2022": {
            "cash": 0,
            "stock": 0,
            "eps": -4.55
        },
        "2023": {
            "cash": 0,
            "stock": 0,
            "eps": -3.08
        }
    },
    "dividends": {
        "1998-06-15": {
            "cash": 1,
            "stock": 1
        },
        "1999-06-21": {
            "cash": 1,
            "stock": 0.6
        },
        "2000-05-09": {
            "cash": 0.6,
            "stock": 0.6
        },
        "2001-06-27": {
            "cash": 1,
            "stock": 1
        },
        "2002-05-31": {
            "cash": 0.5,
            "stock": 0.5
        },
        "2004-06-25": {
            "cash": 0,
            "stock": 0.11
        }
    },
    "prices": {
        "200101": "10.82",
        "200102": "14.76",
        "200103": "16.87",
        "200104": "19.50",
        "200105": "15.76",
        "200106": "15.17",
        "200107": "11.11",
        "200108": "11.02",
        "200109": "9.21",
        "200110": "9.39",
        "200111": "10.74",
        "200112": "14.54",
        "200201": "23.11",
        "200202": "24.05",
        "200203": "25.30",
        "200204": "26.91",
        "200205": "18.97",
        "200206": "17.68",
        "200207": "14.72",
        "200208": "13.46",
        "200209": "10.95",
        "200210": "10.24",
        "200211": "11.06",
        "200212": "10.64",
        "200301": "11.49",
        "200302": "11.15",
        "200303": "11.00",
        "200304": "12.42",
        "200305": "10.33",
        "200306": "12.83",
        "200307": "15.22",
        "200308": "13.54",
        "200309": "12.13",
        "200310": "12.28",
        "200311": "14.43",
        "200312": "17.29",
        "200401": "18.21",
        "200402": "18.66",
        "200403": "16.71",
        "200404": "16.39",
        "200405": "12.95",
        "200406": "15.28",
        "200407": "13.60",
        "200408": "12.12",
        "200409": "10.55",
        "200410": "9.40",
        "200411": "9.79",
        "200412": "9.87",
        "200501": "8.70",
        "200502": "9.19",
        "200503": "9.55",
        "200504": "8.52",
        "200505": "7.07",
        "200506": "8.47",
        "200507": "8.37",
        "200508": "7.12",
        "200509": "5.94",
        "200510": "4.99",
        "200511": "4.91",
        "200512": "6.88",
        "200601": "7.38",
        "200602": "6.32",
        "200603": "5.23",
        "200604": "5.52",
        "200605": "6.15",
        "200606": "5.64",
        "200607": "5.33",
        "200608": "4.70",
        "200609": "4.12",
        "200610": "4.26",
        "200611": "4.94",
        "200612": "6.58",
        "200701": "6.71",
        "200702": "6.09",
        "200703": "7.96",
        "200704": "8.99",
        "200705": "7.76",
        "200706": "8.16",
        "200707": "8.48",
        "200708": "6.95",
        "200709": "6.46",
        "200710": "6.17",
        "200711": "4.51",
        "200712": "4.41",
        "200801": "4.26",
        "200802": "4.00",
        "200803": "4.32",
        "200804": "4.19",
        "200805": "4.34",
        "200806": "4.17",
        "200807": "3.87",
        "200808": "3.86",
        "200809": "6.28",
        "200810": "7.54",
        "200811": "7.90",
        "200812": "9.03",
        "200901": "9.32",
        "200902": "8.82",
        "200903": "8.44",
        "200904": "10.14",
        "200905": "10.28",
        "200906": "9.37",
        "200907": "10.82",
        "200908": "10.76",
        "200909": "10.70",
        "200910": "11.10",
        "200911": "10.98",
        "200912": "11.66",
        "201001": "14.87",
        "201002": "12.22",
        "201003": "13.45",
        "201004": "15.14",
        "201005": "13.28",
        "201006": "14.10",
        "201007": "15.63",
        "201008": "20.62",
        "201009": "20.76",
        "201010": "18.91",
        "201011": "18.20",
        "201012": "17.38",
        "201101": "14.76",
        "201102": "13.86",
        "201103": "14.61",
        "201104": "19.00",
        "201105": "18.38",
        "201106": "17.83",
        "201107": "16.31",
        "201108": "14.31",
        "201109": "13.36",
        "201110": "14.10",
        "201111": "16.78",
        "201112": "16.38",
        "201201": "15.82",
        "201202": "16.49",
        "201203": "17.92",
        "201204": "16.63",
        "201205": "15.23",
        "201206": "14.82",
        "201207": "14.64",
        "201208": "14.12",
        "201209": "17.81",
        "201210": "23.39",
        "201211": "23.04",
        "201212": "25.78",
        "201301": "27.58",
        "201302": "27.37",
        "201303": "26.27",
        "201304": "26.51",
        "201305": "27.55",
        "201306": "31.25",
        "201307": "30.45",
        "201308": "31.56",
        "201309": "35.58",
        "201310": "39.52",
        "201311": "41.42",
        "201312": "41.10",
        "201401": "42.25",
        "201402": "44.20",
        "201403": "41.34",
        "201404": "42.06",
        "201405": "39.61",
        "201406": "39.46",
        "201407": "37.99",
        "201408": "38.26",
        "201409": "38.95",
        "201410": "38.70",
        "201411": "40.05",
        "201412": "42.23",
        "201501": "41.02",
        "201502": "39.69",
        "201503": "39.44",
        "201504": "38.53",
        "201505": "37.89",
        "201506": "34.63",
        "201507": "33.20",
        "201508": "29.55",
        "201509": "31.19",
        "201510": "31.49",
        "201511": "31.42",
        "201512": "30.30",
        "201601": "30.28",
        "201602": "29.25",
        "201603": "28.62",
        "201604": "29.06",
        "201605": "29.69",
        "201606": "27.63",
        "201607": "24.64",
        "201608": "22.78",
        "201609": "23.84",
        "201610": "22.82",
        "201611": "20.24",
        "201612": "21.62",
        "201701": "22.62",
        "201702": "24.60",
        "201703": "28.14",
        "201704": "32.48",
        "201705": "34.19",
        "201706": "31.47",
        "201707": "28.62",
        "201708": "28.56",
        "201709": "27.26",
        "201710": "28.07",
        "201711": "26.79",
        "201712": "31.18",
        "201801": "35.30",
        "201802": "33.31",
        "201803": "26.14",
        "201804": "23.86",
        "201805": "23.03",
        "201806": "38.01",
        "201807": "35.19",
        "201808": "31.24",
        "201809": "29.90",
        "201810": "28.06",
        "201811": "31.59",
        "201812": "37.87",
        "201901": "36.03",
        "201902": "31.22",
        "201903": "29.67",
        "201904": "30.16",
        "201905": "30.46",
        "201906": "29.85",
        "201907": "30.73",
        "201908": "30.43",
        "201909": "29.41",
        "201910": "28.95",
        "201911": "27.98",
        "201912": "28.34",
        "202001": "28.95",
        "202002": "29.78",
        "202003": "23.21",
        "202004": "20.04",
        "202005": "18.03",
        "202006": "20.88",
        "202007": "19.18",
        "202008": "16.88",
        "202009": "15.23",
        "202010": "18.49",
        "202011": "20.30",
        "202012": "24.68",
        "202101": "26.55",
        "202102": "24.74",
        "202103": "25.65",
        "202104": "28.43",
        "202105": "25.70",
        "202106": "26.01",
        "202107": "22.91",
        "202108": "23.14",
        "202109": "24.14",
        "202110": "23.72",
        "202111": "22.57",
        "202112": "21.22",
        "202201": "19.71",
        "202202": "18.94",
        "202203": "19.44",
        "202204": "21.61",
        "202205": "22.29",
        "202206": "21.09",
        "202207": "21.14",
        "202208": "19.64",
        "202209": "20.16",
        "202210": "19.58",
        "202211": "19.97",
        "202212": "20.79",
        "202301": "20.17",
        "202302": "20.78",
        "202303": "22.58",
        "202304": "22.38",
        "202305": "31.38",
        "202306": "39.17",
        "202307": "48.81",
        "202308": "37.75",
        "202309": "33.16",
        "202310": "30.23",
        "202311": "32.12",
        "202312": "30.26"
    },
    "quarters": {
        "20011": {
            "year_quarter": 20011,
            "year": 2001,
            "quarter": 1,
            "eps": 0.1,
            "eps_growth_year": -78.26,
            "eps_4q": 0.81,
            "eps_4q_growth_year": -25.33,
            "roe": 0.87,
            "roe_4q": 0.87,
            "gross_profit": 27200,
            "gross_margin": 9.28,
            "gross_margin_4q_avg": 9.28,
            "net_income": 7984,
            "net_income_4q": null,
            "revenue": 293105,
            "revenue_4q": null,
            "common_shares": 801681,
            "book_valuer_per_share": 11.65,
            "book_valuer_per_share_4q_avg": 11.65,
            "equity": 933705,
            "current_ratio": 139.39,
            "debt_ratio": 35.99,
            "inventory_turnover_ratio": 1.82,
            "account_receivable_turnover_ratio": null,
            "reinvestment_rate": null,
            "research_to_sale_ratio": null,
            "price_fair": 0,
            "eps_avg_yearly": 0,
            "eps_latest_yearly": 0,
            "eps_growth_yearly": 0
        },
        "20012": {
            "year_quarter": 20012,
            "year": 2001,
            "quarter": 2,
            "eps": 0.23,
            "eps_growth_year": -48.89,
            "eps_4q": 0.62,
            "eps_4q_growth_year": -58.13,
            "roe": 1.94,
            "roe_4q": 2.81,
            "gross_profit": 24367,
            "gross_margin": 7.63,
            "gross_margin_4q_avg": 8.46,
            "net_income": 18135,
            "net_income_4q": null,
            "revenue": 319556,
            "revenue_4q": null,
            "common_shares": 801681,
            "book_valuer_per_share": 11.66,
            "book_valuer_per_share_4q_avg": 11.66,
            "equity": 935154,
            "current_ratio": 151.4,
            "debt_ratio": 33.62,
            "inventory_turnover_ratio": 2.57,
            "account_receivable_turnover_ratio": null,
            "reinvestment_rate": null,
            "research_to_sale_ratio": null,
            "price_fair": 0,
            "eps_avg_yearly": 0,
            "eps_latest_yearly": 0,
            "eps_growth_yearly": 0
        },
        "20013": {
            "year_quarter": 20013,
            "year": 2001,
            "quarter": 3,
            "eps": 0.24,
            "eps_growth_year": 50,
            "eps_4q": 0.7,
            "eps_4q_growth_year": -54.87,
            "roe": 2.07,
            "roe_4q": 4.88,
            "gross_profit": 29225,
            "gross_margin": 11.37,
            "gross_margin_4q_avg": 9.43,
            "net_income": 19301,
            "net_income_4q": null,
            "revenue": 257073,
            "revenue_4q": null,
            "common_shares": 801681,
            "book_valuer_per_share": 11.6,
            "book_valuer_per_share_4q_avg": 11.64,
            "equity": 929975,
            "current_ratio": 158.13,
            "debt_ratio": 32.62,
            "inventory_turnover_ratio": 2.02,
            "account_receivable_turnover_ratio": null,
            "reinvestment_rate": null,
            "research_to_sale_ratio": null,
            "price_fair": 0,
            "eps_avg_yearly": 0,
            "eps_latest_yearly": 0,
            "eps_growth_yearly": 0
        },
        "20014": {
            "year_quarter": 20014,
            "year": 2001,
            "quarter": 4,
            "eps": 0.1,
            "eps_growth_year": -28.57,
            "eps_4q": 0.59,
            "eps_4q_growth_year": -49.87,
            "roe": 0.96,
            "roe_4q": 5.84,
            "gross_profit": 28469,
            "gross_margin": 12.02,
            "gross_margin_4q_avg": 10.08,
            "net_income": 9214,
            "net_income_4q": null,
            "revenue": 236886,
            "revenue_4q": null,
            "common_shares": 887224,
            "book_valuer_per_share": 11.14,
            "book_valuer_per_share_4q_avg": 11.51,
            "equity": 988121,
            "current_ratio": 97.22,
            "debt_ratio": 38.27,
            "inventory_turnover_ratio": 1.72,
            "account_receivable_turnover_ratio": null,
            "reinvestment_rate": null,
            "research_to_sale_ratio": null,
            "price_fair": 0,
            "eps_avg_yearly": 0,
            "eps_latest_yearly": 0,
            "eps_growth_yearly": 0
        },
        "20021": {
            "year_quarter": 20021,
            "year": 2002,
            "quarter": 1,
            "eps": 0,
            "eps_growth_year": -100,
            "eps_4q": 0.53,
            "eps_4q_growth_year": -34.62,
            "roe": 0.04,
            "roe_4q": 5.01,
            "gross_profit": -6592,
            "gross_margin": -1.53,
            "gross_margin_4q_avg": 7.37,
            "net_income": 363,
            "net_income_4q": null,
            "revenue": 430814,
            "revenue_4q": null,
            "common_shares": 887224,
            "book_valuer_per_share": 11.08,
            "book_valuer_per_share_4q_avg": 11.37,
            "equity": 983353,
            "current_ratio": 174.75,
            "debt_ratio": 30.37,
            "inventory_turnover_ratio": 4.5,
            "account_receivable_turnover_ratio": null,
            "reinvestment_rate": null,
            "research_to_sale_ratio": null,
            "price_fair": 0,
            "eps_avg_yearly": 0,
            "eps_latest_yearly": 0,
            "eps_growth_yearly": 0
        },
        "20022": {
            "year_quarter": 20022,
            "year": 2002,
            "quarter": 2,
            "eps": -0.61,
            "eps_growth_year": -365.22,
            "eps_4q": -0.26,
            "eps_4q_growth_year": -141.39,
            "roe": -5.47,
            "roe_4q": -2.4,
            "gross_profit": 26831,
            "gross_margin": 7.54,
            "gross_margin_4q_avg": 7.35,
            "net_income": -51733,
            "net_income_4q": null,
            "revenue": 355848,
            "revenue_4q": null,
            "common_shares": 887224,
            "book_valuer_per_share": 10.25,
            "book_valuer_per_share_4q_avg": 11.02,
            "equity": 909420,
            "current_ratio": 155.3,
            "debt_ratio": 30.89,
            "inventory_turnover_ratio": 4.98,
            "account_receivable_turnover_ratio": null,
            "reinvestment_rate": null,
            "research_to_sale_ratio": null,
            "price_fair": 0,
            "eps_avg_yearly": 0,
            "eps_latest_yearly": 0,
            "eps_growth_yearly": 0
        },
        "20023": {
            "year_quarter": 20023,
            "year": 2002,
            "quarter": 3,
            "eps": -0.04,
            "eps_growth_year": -116.67,
            "eps_4q": -0.51,
            "eps_4q_growth_year": -172.87,
            "roe": -0.34,
            "roe_4q": -4.81,
            "gross_profit": 8631,
            "gross_margin": 2.91,
            "gross_margin_4q_avg": 5.24,
            "net_income": -3065,
            "net_income_4q": null,
            "revenue": 296933,
            "revenue_4q": null,
            "common_shares": 887224,
            "book_valuer_per_share": 10.29,
            "book_valuer_per_share_4q_avg": 10.69,
            "equity": 913257,
            "current_ratio": 153.09,
            "debt_ratio": 28.57,
            "inventory_turnover_ratio": 5.97,
            "account_receivable_turnover_ratio": null,
            "reinvestment_rate": null,
            "research_to_sale_ratio": null,
            "price_fair": 0,
            "eps_avg_yearly": 0,
            "eps_latest_yearly": 0,
            "eps_growth_yearly": 0
        },
        "20024": {
            "year_quarter": 20024,
            "year": 2002,
            "quarter": 4,
            "eps": -0.13,
            "eps_growth_year": -230,
            "eps_4q": -0.74,
            "eps_4q_growth_year": -224.8,
            "roe": -1.27,
            "roe_4q": -7.04,
            "gross_profit": -61861,
            "gross_margin": -23.16,
            "gross_margin_4q_avg": -3.56,
            "net_income": -11537,
            "net_income_4q": null,
            "revenue": 267062,
            "revenue_4q": null,
            "common_shares": 936626,
            "book_valuer_per_share": 9.64,
            "book_valuer_per_share_4q_avg": 10.32,
            "equity": 902521,
            "current_ratio": 92.01,
            "debt_ratio": 35.95,
            "inventory_turnover_ratio": 4.68,
            "account_receivable_turnover_ratio": null,
            "reinvestment_rate": 271.32,
            "research_to_sale_ratio": null,
            "price_fair": 0,
            "eps_avg_yearly": 0,
            "eps_latest_yearly": 0,
            "eps_growth_yearly": 0
        },
        "20031": {
            "year_quarter": 20031,
            "year": 2003,
            "quarter": 1,
            "eps": 0.14,
            "eps_growth_year": null,
            "eps_4q": -0.6,
            "eps_4q_growth_year": -212.3,
            "roe": 1.4,
            "roe_4q": -5.68,
            "gross_profit": 28150,
            "gross_margin": 7.3,
            "gross_margin_4q_avg": -1.35,
            "net_income": 12634,
            "net_income_4q": null,
            "revenue": 385721,
            "revenue_4q": null,
            "common_shares": 936626,
            "book_valuer_per_share": 9.63,
            "book_valuer_per_share_4q_avg": 9.95,
            "equity": 902328,
            "current_ratio": 130.31,
            "debt_ratio": 37.02,
            "inventory_turnover_ratio": 3.99,
            "account_receivable_turnover_ratio": null,
            "reinvestment_rate": -51.43,
            "research_to_sale_ratio": null,
            "price_fair": 0,
            "eps_avg_yearly": 0,
            "eps_latest_yearly": 0,
            "eps_growth_yearly": 0
        },
        "20032": {
            "year_quarter": 20032,
            "year": 2003,
            "quarter": 2,
            "eps": 0.08,
            "eps_growth_year": null,
            "eps_4q": 0.06,
            "eps_4q_growth_year": null,
            "roe": 0.81,
            "roe_4q": 0.5999999999999999,
            "gross_profit": 33746,
            "gross_margin": 7.54,
            "gross_margin_4q_avg": -1.35,
            "net_income": 7316,
            "net_income_4q": null,
            "revenue": 447414,
            "revenue_4q": null,
            "common_shares": 936626,
            "book_valuer_per_share": 9.77,
            "book_valuer_per_share_4q_avg": 9.83,
            "equity": 915121,
            "current_ratio": 135.45,
            "debt_ratio": 35.68,
            "inventory_turnover_ratio": 5.26,
            "account_receivable_turnover_ratio": null,
            "reinvestment_rate": -56.76,
            "research_to_sale_ratio": null,
            "price_fair": 0.96,
            "eps_avg_yearly": 0.32,
            "eps_latest_yearly": 0.32,
            "eps_growth_yearly": -171.43
        },
        "20033": {
            "year_quarter": 20033,
            "year": 2003,
            "quarter": 3,
            "eps": 0.19,
            "eps_growth_year": null,
            "eps_4q": 0.28,
            "eps_4q_growth_year": null,
            "roe": 1.85,
            "roe_4q": 2.7900000000000005,
            "gross_profit": 40969,
            "gross_margin": 8.36,
            "gross_margin_4q_avg": 0.01,
            "net_income": 17026,
            "net_income_4q": null,
            "revenue": 489843,
            "revenue_4q": null,
            "common_shares": 936626,
            "book_valuer_per_share": 9.86,
            "book_valuer_per_share_4q_avg": 9.73,
            "equity": 923320,
            "current_ratio": 146.52,
            "debt_ratio": 32.57,
            "inventory_turnover_ratio": 5.73,
            "account_receivable_turnover_ratio": null,
            "reinvestment_rate": -55.23,
            "research_to_sale_ratio": null,
            "price_fair": 18.9,
            "eps_avg_yearly": 0.54,
            "eps_latest_yearly": 0.76,
            "eps_growth_yearly": 189.29
        },
        "20034": {
            "year_quarter": 20034,
            "year": 2003,
            "quarter": 4,
            "eps": 0.29,
            "eps_growth_year": null,
            "eps_4q": 0.7,
            "eps_4q_growth_year": null,
            "roe": 2.76,
            "roe_4q": 6.82,
            "gross_profit": 58779,
            "gross_margin": 8.93,
            "gross_margin_4q_avg": 8.03,
            "net_income": 25952,
            "net_income_4q": null,
            "revenue": 658159,
            "revenue_4q": null,
            "common_shares": 936626,
            "book_valuer_per_share": 10.19,
            "book_valuer_per_share_4q_avg": 9.86,
            "equity": 954650,
            "current_ratio": 148.16,
            "debt_ratio": 42.33,
            "inventory_turnover_ratio": 3.36,
            "account_receivable_turnover_ratio": null,
            "reinvestment_rate": 192.63,
            "research_to_sale_ratio": null,
            "price_fair": 26.13,
            "eps_avg_yearly": 0.75,
            "eps_latest_yearly": 1.16,
            "eps_growth_yearly": 196.37
        },
        "20041": {
            "year_quarter": 20041,
            "year": 2004,
            "quarter": 1,
            "eps": 0.07,
            "eps_growth_year": -50,
            "eps_4q": 0.56,
            "eps_4q_growth_year": null,
            "roe": 0.68,
            "roe_4q": 6.1,
            "gross_profit": 42308,
            "gross_margin": 9.2,
            "gross_margin_4q_avg": 8.51,
            "net_income": 7218,
            "net_income_4q": null,
            "revenue": 459819,
            "revenue_4q": null,
            "common_shares": 1071899,
            "book_valuer_per_share": 10.95,
            "book_valuer_per_share_4q_avg": 10.19,
            "equity": 1173404,
            "current_ratio": 286.75,
            "debt_ratio": 15.9,
            "inventory_turnover_ratio": 2.23,
            "account_receivable_turnover_ratio": null,
            "reinvestment_rate": -106.03,
            "research_to_sale_ratio": null,
            "price_fair": 22.05,
            "eps_avg_yearly": 0.63,
            "eps_latest_yearly": 0.28,
            "eps_growth_yearly": 71.41
        },
        "20042": {
            "year_quarter": 20042,
            "year": 2004,
            "quarter": 2,
            "eps": 0.07,
            "eps_growth_year": -12.5,
            "eps_4q": 0.54,
            "eps_4q_growth_year": 822.53,
            "roe": 0.63,
            "roe_4q": 5.92,
            "gross_profit": 36615,
            "gross_margin": 8.63,
            "gross_margin_4q_avg": 8.78,
            "net_income": 7484,
            "net_income_4q": null,
            "revenue": 424048,
            "revenue_4q": null,
            "common_shares": 1072172,
            "book_valuer_per_share": 11.07,
            "book_valuer_per_share_4q_avg": 10.52,
            "equity": 1187146,
            "current_ratio": 244.58,
            "debt_ratio": 20.62,
            "inventory_turnover_ratio": 4.68,
            "account_receivable_turnover_ratio": null,
            "reinvestment_rate": -158.64,
            "research_to_sale_ratio": null,
            "price_fair": 19.6,
            "eps_avg_yearly": 0.56,
            "eps_latest_yearly": 0.28,
            "eps_growth_yearly": 57.13
        },
        "20043": {
            "year_quarter": 20043,
            "year": 2004,
            "quarter": 3,
            "eps": -0.05,
            "eps_growth_year": -126.32,
            "eps_4q": 0.33,
            "eps_4q_growth_year": 16.67,
            "roe": -0.43,
            "roe_4q": 3.6399999999999997,
            "gross_profit": 13916,
            "gross_margin": 3.33,
            "gross_margin_4q_avg": 7.52,
            "net_income": -5117,
            "net_income_4q": null,
            "revenue": 417763,
            "revenue_4q": null,
            "common_shares": 1072990,
            "book_valuer_per_share": 11.04,
            "book_valuer_per_share_4q_avg": 10.81,
            "equity": 1184417,
            "current_ratio": 283.4,
            "debt_ratio": 18.36,
            "inventory_turnover_ratio": 7.34,
            "account_receivable_turnover_ratio": null,
            "reinvestment_rate": -168.6,
            "research_to_sale_ratio": null,
            "price_fair": 19.6,
            "eps_avg_yearly": 0.56,
            "eps_latest_yearly": 0.28,
            "eps_growth_yearly": 57.13
        },
        "20044": {
            "year_quarter": 20044,
            "year": 2004,
            "quarter": 4,
            "eps": -2.59,
            "eps_growth_year": -993.1,
            "eps_4q": -2.5,
            "eps_4q_growth_year": -455.52,
            "roe": -26.64,
            "roe_4q": -25.76,
            "gross_profit": 3279,
            "gross_margin": 0.79,
            "gross_margin_4q_avg": 5.49,
            "net_income": -275685,
            "net_income_4q": null,
            "revenue": 415264,
            "revenue_4q": null,
            "common_shares": 1086120,
            "book_valuer_per_share": 8.15,
            "book_valuer_per_share_4q_avg": 10.3,
            "equity": 885371,
            "current_ratio": 151.48,
            "debt_ratio": 24.13,
            "inventory_turnover_ratio": 5.6,
            "account_receivable_turnover_ratio": null,
            "reinvestment_rate": null,
            "research_to_sale_ratio": null,
            "price_fair": 19.6,
            "eps_avg_yearly": 0.56,
            "eps_latest_yearly": 0.28,
            "eps_growth_yearly": 57.13
        },
        "20051": {
            "year_quarter": 20051,
            "year": 2005,
            "quarter": 1,
            "eps": -0.02,
            "eps_growth_year": -128.57,
            "eps_4q": -2.36,
            "eps_4q_growth_year": -523.86,
            "roe": -0.26,
            "roe_4q": -26.700000000000003,
            "gross_profit": 6317,
            "gross_margin": 2.08,
            "gross_margin_4q_avg": 3.71,
            "net_income": -2332,
            "net_income_4q": null,
            "revenue": 303695,
            "revenue_4q": null,
            "common_shares": 1086120,
            "book_valuer_per_share": 8.1,
            "book_valuer_per_share_4q_avg": 9.59,
            "equity": 879302,
            "current_ratio": 173.55,
            "debt_ratio": 32.16,
            "inventory_turnover_ratio": 4.87,
            "account_receivable_turnover_ratio": null,
            "reinvestment_rate": null,
            "research_to_sale_ratio": null,
            "price_fair": 19.6,
            "eps_avg_yearly": 0.56,
            "eps_latest_yearly": 0.28,
            "eps_growth_yearly": 57.13
        },
        "20052": {
            "year_quarter": 20052,
            "year": 2005,
            "quarter": 2,
            "eps": -0.52,
            "eps_growth_year": -842.86,
            "eps_4q": -3.13,
            "eps_4q_growth_year": -680.36,
            "roe": -6.7,
            "roe_4q": -34.03,
            "gross_profit": -15805,
            "gross_margin": -6.99,
            "gross_margin_4q_avg": -0.2,
            "net_income": -56932,
            "net_income_4q": null,
            "revenue": 226102,
            "revenue_4q": null,
            "common_shares": 1086120,
            "book_valuer_per_share": 7.55,
            "book_valuer_per_share_4q_avg": 8.71,
            "equity": 820206,
            "current_ratio": 194.38,
            "debt_ratio": 24.33,
            "inventory_turnover_ratio": 15.23,
            "account_receivable_turnover_ratio": null,
            "reinvestment_rate": null,
            "research_to_sale_ratio": null,
            "price_fair": 19.6,
            "eps_avg_yearly": 0.56,
            "eps_latest_yearly": 0.28,
            "eps_growth_yearly": 57.13
        },
        "20053": {
            "year_quarter": 20053,
            "year": 2005,
            "quarter": 3,
            "eps": -0.05,
            "eps_growth_year": null,
            "eps_4q": -3.14,
            "eps_4q_growth_year": -1046.73,
            "roe": -0.68,
            "roe_4q": -34.28,
            "gross_profit": 6450,
            "gross_margin": 2.97,
            "gross_margin_4q_avg": -0.29,
            "net_income": -5609,
            "net_income_4q": null,
            "revenue": 217174,
            "revenue_4q": null,
            "common_shares": 1086120,
            "book_valuer_per_share": 7.71,
            "book_valuer_per_share_4q_avg": 7.88,
            "equity": 836940,
            "current_ratio": 178.58,
            "debt_ratio": 27.36,
            "inventory_turnover_ratio": 14.75,
            "account_receivable_turnover_ratio": null,
            "reinvestment_rate": null,
            "research_to_sale_ratio": null,
            "price_fair": 19.6,
            "eps_avg_yearly": 0.56,
            "eps_latest_yearly": 0.28,
            "eps_growth_yearly": 57.13
        },
        "20054": {
            "year_quarter": 20054,
            "year": 2005,
            "quarter": 4,
            "eps": -0.53,
            "eps_growth_year": null,
            "eps_4q": -1.12,
            "eps_4q_growth_year": null,
            "roe": -7.03,
            "roe_4q": -14.67,
            "gross_profit": 9794,
            "gross_margin": 2,
            "gross_margin_4q_avg": 0.02,
            "net_income": -57220,
            "net_income_4q": null,
            "revenue": 489246,
            "revenue_4q": null,
            "common_shares": 1086120,
            "book_valuer_per_share": 7.13,
            "book_valuer_per_share_4q_avg": 7.62,
            "equity": 789956,
            "current_ratio": 105.4,
            "debt_ratio": 36.4,
            "inventory_turnover_ratio": 6.78,
            "account_receivable_turnover_ratio": null,
            "reinvestment_rate": null,
            "research_to_sale_ratio": null,
            "price_fair": 19.6,
            "eps_avg_yearly": 0.56,
            "eps_latest_yearly": 0.28,
            "eps_growth_yearly": 57.13
        },
        "20061": {
            "year_quarter": 20061,
            "year": 2006,
            "quarter": 1,
            "eps": -0.35,
            "eps_growth_year": null,
            "eps_4q": -1.47,
            "eps_4q_growth_year": null,
            "roe": -4.87,
            "roe_4q": -19.28,
            "gross_profit": 8229,
            "gross_margin": 3.24,
            "gross_margin_4q_avg": 0.31,
            "net_income": -37506,
            "net_income_4q": null,
            "revenue": 253862,
            "revenue_4q": null,
            "common_shares": 1086120,
            "book_valuer_per_share": 6.92,
            "book_valuer_per_share_4q_avg": 7.33,
            "equity": 751730,
            "current_ratio": 152.67,
            "debt_ratio": 34.1,
            "inventory_turnover_ratio": 3.76,
            "account_receivable_turnover_ratio": null,
            "reinvestment_rate": null,
            "research_to_sale_ratio": null,
            "price_fair": 19.6,
            "eps_avg_yearly": 0.56,
            "eps_latest_yearly": 0.28,
            "eps_growth_yearly": 57.13
        },
        "20062": {
            "year_quarter": 20062,
            "year": 2006,
            "quarter": 2,
            "eps": -0.22,
            "eps_growth_year": null,
            "eps_4q": -1.15,
            "eps_4q_growth_year": null,
            "roe": -3.3,
            "roe_4q": -15.879999999999999,
            "gross_profit": 21375,
            "gross_margin": 7.88,
            "gross_margin_4q_avg": 4.02,
            "net_income": -24257,
            "net_income_4q": null,
            "revenue": 271247,
            "revenue_4q": null,
            "common_shares": 1086120,
            "book_valuer_per_share": 6.6,
            "book_valuer_per_share_4q_avg": 7.09,
            "equity": 717221,
            "current_ratio": 112.52,
            "debt_ratio": 38.5,
            "inventory_turnover_ratio": 34.17,
            "account_receivable_turnover_ratio": null,
            "reinvestment_rate": null,
            "research_to_sale_ratio": null,
            "price_fair": 19.6,
            "eps_avg_yearly": 0.56,
            "eps_latest_yearly": 0.28,
            "eps_growth_yearly": 57.13
        },
        "20063": {
            "year_quarter": 20063,
            "year": 2006,
            "quarter": 3,
            "eps": -0.17,
            "eps_growth_year": null,
            "eps_4q": -1.27,
            "eps_4q_growth_year": null,
            "roe": -2.65,
            "roe_4q": -17.85,
            "gross_profit": 13327,
            "gross_margin": 7.19,
            "gross_margin_4q_avg": 5.08,
            "net_income": -18843,
            "net_income_4q": null,
            "revenue": 185451,
            "revenue_4q": null,
            "common_shares": 1086120,
            "book_valuer_per_share": 6.48,
            "book_valuer_per_share_4q_avg": 6.78,
            "equity": 703579,
            "current_ratio": 119.49,
            "debt_ratio": 31.02,
            "inventory_turnover_ratio": 18.41,
            "account_receivable_turnover_ratio": null,
            "reinvestment_rate": null,
            "research_to_sale_ratio": null,
            "price_fair": 19.6,
            "eps_avg_yearly": 0.56,
            "eps_latest_yearly": 0.28,
            "eps_growth_yearly": 57.13
        },
        "20064": {
            "year_quarter": 20064,
            "year": 2006,
            "quarter": 4,
            "eps": -0.93,
            "eps_growth_year": null,
            "eps_4q": -1.91,
            "eps_4q_growth_year": null,
            "roe": -11.51,
            "roe_4q": -22.330000000000002,
            "gross_profit": 1332,
            "gross_margin": 0.53,
            "gross_margin_4q_avg": 4.71,
            "net_income": -77144,
            "net_income_4q": null,
            "revenue": 251224,
            "revenue_4q": null,
            "common_shares": 1086120,
            "book_valuer_per_share": 5.73,
            "book_valuer_per_share_4q_avg": 6.43,
            "equity": 637030,
            "current_ratio": 95.7,
            "debt_ratio": 42.98,
            "inventory_turnover_ratio": 5.2,
            "account_receivable_turnover_ratio": null,
            "reinvestment_rate": null,
            "research_to_sale_ratio": null,
            "price_fair": 19.6,
            "eps_avg_yearly": 0.56,
            "eps_latest_yearly": 0.28,
            "eps_growth_yearly": 57.13
        },
        "20071": {
            "year_quarter": 20071,
            "year": 2007,
            "quarter": 1,
            "eps": -0.06,
            "eps_growth_year": null,
            "eps_4q": -1.45,
            "eps_4q_growth_year": null,
            "roe": -0.83,
            "roe_4q": -18.29,
            "gross_profit": 10215,
            "gross_margin": 6.73,
            "gross_margin_4q_avg": 5.58,
            "net_income": -5191,
            "net_income_4q": null,
            "revenue": 151691,
            "revenue_4q": null,
            "common_shares": 827511,
            "book_valuer_per_share": 7.37,
            "book_valuer_per_share_4q_avg": 6.55,
            "equity": 610088,
            "current_ratio": 99.04,
            "debt_ratio": 32.39,
            "inventory_turnover_ratio": 3.1,
            "account_receivable_turnover_ratio": null,
            "reinvestment_rate": null,
            "research_to_sale_ratio": null,
            "price_fair": 19.6,
            "eps_avg_yearly": 0.56,
            "eps_latest_yearly": 0.28,
            "eps_growth_yearly": 57.13
        },
        "20072": {
            "year_quarter": 20072,
            "year": 2007,
            "quarter": 2,
            "eps": -0.59,
            "eps_growth_year": null,
            "eps_4q": -1.81,
            "eps_4q_growth_year": null,
            "roe": -8.36,
            "roe_4q": -23.349999999999998,
            "gross_profit": 3771,
            "gross_margin": 14.5,
            "gross_margin_4q_avg": 7.24,
            "net_income": -48958,
            "net_income_4q": null,
            "revenue": 26015,
            "revenue_4q": null,
            "common_shares": 827510,
            "book_valuer_per_share": 6.78,
            "book_valuer_per_share_4q_avg": 6.59,
            "equity": 561366,
            "current_ratio": 155.14,
            "debt_ratio": 23.56,
            "inventory_turnover_ratio": 6.86,
            "account_receivable_turnover_ratio": null,
            "reinvestment_rate": null,
            "research_to_sale_ratio": null,
            "price_fair": 21.7,
            "eps_avg_yearly": 0.62,
            "eps_latest_yearly": 0.28,
            "eps_growth_yearly": 114.27
        },
        "20073": {
            "year_quarter": 20073,
            "year": 2007,
            "quarter": 3,
            "eps": -1.09,
            "eps_growth_year": null,
            "eps_4q": -2.68,
            "eps_4q_growth_year": null,
            "roe": -16.56,
            "roe_4q": -37.26,
            "gross_profit": 1544,
            "gross_margin": 16.66,
            "gross_margin_4q_avg": 9.61,
            "net_income": -90582,
            "net_income_4q": null,
            "revenue": 9269,
            "revenue_4q": null,
            "common_shares": 827510,
            "book_valuer_per_share": 6.43,
            "book_valuer_per_share_4q_avg": 6.58,
            "equity": 532337,
            "current_ratio": 107.05,
            "debt_ratio": 21.12,
            "inventory_turnover_ratio": 4.06,
            "account_receivable_turnover_ratio": null,
            "reinvestment_rate": null,
            "research_to_sale_ratio": null,
            "price_fair": 1.72,
            "eps_avg_yearly": 0.57,
            "eps_latest_yearly": 0.28,
            "eps_growth_yearly": -30.97
        },
        "20074": {
            "year_quarter": 20074,
            "year": 2007,
            "quarter": 4,
            "eps": -1.57,
            "eps_growth_year": null,
            "eps_4q": -3.32,
            "eps_4q_growth_year": null,
            "roe": -26.94,
            "roe_4q": -52.69,
            "gross_profit": 3458,
            "gross_margin": 38.42,
            "gross_margin_4q_avg": 19.08,
            "net_income": -130180,
            "net_income_4q": null,
            "revenue": 9001,
            "revenue_4q": null,
            "common_shares": 827510,
            "book_valuer_per_share": 5.25,
            "book_valuer_per_share_4q_avg": 6.46,
            "equity": 434210,
            "current_ratio": 111.97,
            "debt_ratio": 13.1,
            "inventory_turnover_ratio": 0.44,
            "account_receivable_turnover_ratio": null,
            "reinvestment_rate": null,
            "research_to_sale_ratio": null,
            "price_fair": 0.84,
            "eps_avg_yearly": 0.28,
            "eps_latest_yearly": 0.28,
            "eps_growth_yearly": -151.72
        },
        "20081": {
            "year_quarter": 20081,
            "year": 2008,
            "quarter": 1,
            "eps": -0.15,
            "eps_growth_year": null,
            "eps_4q": -3.41,
            "eps_4q_growth_year": null,
            "roe": -2.91,
            "roe_4q": -54.769999999999996,
            "gross_profit": 770,
            "gross_margin": 16.81,
            "gross_margin_4q_avg": 21.6,
            "net_income": -12403,
            "net_income_4q": null,
            "revenue": 4580,
            "revenue_4q": null,
            "common_shares": 827510,
            "book_valuer_per_share": 5.06,
            "book_valuer_per_share_4q_avg": 5.88,
            "equity": 418569,
            "current_ratio": 110.22,
            "debt_ratio": 13.24,
            "inventory_turnover_ratio": 0.16,
            "account_receivable_turnover_ratio": null,
            "reinvestment_rate": null,
            "research_to_sale_ratio": null,
            "price_fair": 2.8,
            "eps_avg_yearly": 0.28,
            "eps_latest_yearly": 0.28,
            "eps_growth_yearly": 0
        },
        "20082": {
            "year_quarter": 20082,
            "year": 2008,
            "quarter": 2,
            "eps": -0.39,
            "eps_growth_year": null,
            "eps_4q": -6.22,
            "eps_4q_growth_year": null,
            "roe": -3.81,
            "roe_4q": -50.22,
            "gross_profit": -6343,
            "gross_margin": -108.09,
            "gross_margin_4q_avg": -9.05,
            "net_income": -15736,
            "net_income_4q": null,
            "revenue": 5868,
            "revenue_4q": null,
            "common_shares": 400000,
            "book_valuer_per_share": 10.18,
            "book_valuer_per_share_4q_avg": 6.73,
            "equity": 407204,
            "current_ratio": 115.12,
            "debt_ratio": 12.98,
            "inventory_turnover_ratio": 0.56,
            "account_receivable_turnover_ratio": null,
            "reinvestment_rate": null,
            "research_to_sale_ratio": null,
            "price_fair": 0,
            "eps_avg_yearly": 0,
            "eps_latest_yearly": 0,
            "eps_growth_yearly": 0
        },
        "20083": {
            "year_quarter": 20083,
            "year": 2008,
            "quarter": 3,
            "eps": -0.11,
            "eps_growth_year": null,
            "eps_4q": -4.07,
            "eps_4q_growth_year": null,
            "roe": -1.09,
            "roe_4q": -34.75,
            "gross_profit": 7234,
            "gross_margin": 23.53,
            "gross_margin_4q_avg": -7.33,
            "net_income": -4429,
            "net_income_4q": null,
            "revenue": 30748,
            "revenue_4q": null,
            "common_shares": 400000,
            "book_valuer_per_share": 10.07,
            "book_valuer_per_share_4q_avg": 7.64,
            "equity": 402612,
            "current_ratio": 101.72,
            "debt_ratio": 12.96,
            "inventory_turnover_ratio": 1.02,
            "account_receivable_turnover_ratio": null,
            "reinvestment_rate": null,
            "research_to_sale_ratio": null,
            "price_fair": 0,
            "eps_avg_yearly": 0,
            "eps_latest_yearly": 0,
            "eps_growth_yearly": 0
        },
        "20084": {
            "year_quarter": 20084,
            "year": 2008,
            "quarter": 4,
            "eps": -0.25,
            "eps_growth_year": null,
            "eps_4q": -1.06,
            "eps_4q_growth_year": null,
            "roe": -2.52,
            "roe_4q": -10.33,
            "gross_profit": -1258,
            "gross_margin": -7.65,
            "gross_margin_4q_avg": -18.85,
            "net_income": -9889,
            "net_income_4q": null,
            "revenue": 16454,
            "revenue_4q": null,
            "common_shares": 400000,
            "book_valuer_per_share": 9.59,
            "book_valuer_per_share_4q_avg": 8.73,
            "equity": 383791,
            "current_ratio": 88.42,
            "debt_ratio": 13.93,
            "inventory_turnover_ratio": 0.78,
            "account_receivable_turnover_ratio": 14.25,
            "reinvestment_rate": null,
            "research_to_sale_ratio": null,
            "price_fair": 0,
            "eps_avg_yearly": 0,
            "eps_latest_yearly": 0,
            "eps_growth_yearly": 0
        },
        "20091": {
            "year_quarter": 20091,
            "year": 2009,
            "quarter": 1,
            "eps": 0.05,
            "eps_growth_year": null,
            "eps_4q": -0.78,
            "eps_4q_growth_year": null,
            "roe": 0.47,
            "roe_4q": -6.949999999999999,
            "gross_profit": 8251,
            "gross_margin": 20.27,
            "gross_margin_4q_avg": -17.99,
            "net_income": 1802,
            "net_income_4q": null,
            "revenue": 40703,
            "revenue_4q": null,
            "common_shares": 400000,
            "book_valuer_per_share": 9.75,
            "book_valuer_per_share_4q_avg": 9.9,
            "equity": 390053,
            "current_ratio": 96.06,
            "debt_ratio": 12.35,
            "inventory_turnover_ratio": 1.91,
            "account_receivable_turnover_ratio": 35.26,
            "reinvestment_rate": null,
            "research_to_sale_ratio": null,
            "price_fair": 0,
            "eps_avg_yearly": 0,
            "eps_latest_yearly": 0,
            "eps_growth_yearly": 0
        },
        "20092": {
            "year_quarter": 20092,
            "year": 2009,
            "quarter": 2,
            "eps": -0.42,
            "eps_growth_year": null,
            "eps_4q": -0.73,
            "eps_4q_growth_year": null,
            "roe": -4.41,
            "roe_4q": -7.550000000000001,
            "gross_profit": -1874,
            "gross_margin": -33.8,
            "gross_margin_4q_avg": 0.59,
            "net_income": -16741,
            "net_income_4q": null,
            "revenue": 5544,
            "revenue_4q": null,
            "common_shares": 400000,
            "book_valuer_per_share": 9.24,
            "book_valuer_per_share_4q_avg": 9.66,
            "equity": 369574,
            "current_ratio": 67.34,
            "debt_ratio": 10.91,
            "inventory_turnover_ratio": 0.46,
            "account_receivable_turnover_ratio": 3.98,
            "reinvestment_rate": null,
            "research_to_sale_ratio": null,
            "price_fair": 0,
            "eps_avg_yearly": 0,
            "eps_latest_yearly": 0,
            "eps_growth_yearly": 0
        },
        "20093": {
            "year_quarter": 20093,
            "year": 2009,
            "quarter": 3,
            "eps": -0.32,
            "eps_growth_year": null,
            "eps_4q": -0.94,
            "eps_4q_growth_year": null,
            "roe": -3.53,
            "roe_4q": -9.99,
            "gross_profit": -1659,
            "gross_margin": -20.46,
            "gross_margin_4q_avg": -10.41,
            "net_income": -12806,
            "net_income_4q": null,
            "revenue": 8108,
            "revenue_4q": null,
            "common_shares": 400000,
            "book_valuer_per_share": 8.88,
            "book_valuer_per_share_4q_avg": 9.37,
            "equity": 355343,
            "current_ratio": 59.63,
            "debt_ratio": 13.96,
            "inventory_turnover_ratio": 0.49,
            "account_receivable_turnover_ratio": 3.92,
            "reinvestment_rate": null,
            "research_to_sale_ratio": null,
            "price_fair": 0,
            "eps_avg_yearly": 0,
            "eps_latest_yearly": 0,
            "eps_growth_yearly": 0
        },
        "20094": {
            "year_quarter": 20094,
            "year": 2009,
            "quarter": 4,
            "eps": -0.99,
            "eps_growth_year": null,
            "eps_4q": -1.68,
            "eps_4q_growth_year": null,
            "roe": -11.83,
            "roe_4q": -19.3,
            "gross_profit": 1117,
            "gross_margin": 6.89,
            "gross_margin_4q_avg": -6.78,
            "net_income": -39522,
            "net_income_4q": null,
            "revenue": 16207,
            "revenue_4q": null,
            "common_shares": 400000,
            "book_valuer_per_share": 7.82,
            "book_valuer_per_share_4q_avg": 8.92,
            "equity": 312711,
            "current_ratio": 42.65,
            "debt_ratio": 16.6,
            "inventory_turnover_ratio": 0.94,
            "account_receivable_turnover_ratio": 8.85,
            "reinvestment_rate": null,
            "research_to_sale_ratio": null,
            "price_fair": 0,
            "eps_avg_yearly": 0,
            "eps_latest_yearly": 0,
            "eps_growth_yearly": 0
        },
        "20101": {
            "year_quarter": 20101,
            "year": 2010,
            "quarter": 1,
            "eps": null,
            "eps_growth_year": null,
            "eps_4q": null,
            "eps_4q_growth_year": null,
            "roe": null,
            "roe_4q": -19.77,
            "gross_profit": 7972,
            "gross_margin": null,
            "gross_margin_4q_avg": -11.84,
            "net_income": -1227,
            "net_income_4q": null,
            "revenue": 28481,
            "revenue_4q": null,
            "common_shares": 400000,
            "book_valuer_per_share": 7.78,
            "book_valuer_per_share_4q_avg": 8.43,
            "equity": 311246,
            "current_ratio": 72.81,
            "debt_ratio": 20.92,
            "inventory_turnover_ratio": null,
            "account_receivable_turnover_ratio": null,
            "reinvestment_rate": null,
            "research_to_sale_ratio": null,
            "price_fair": 0,
            "eps_avg_yearly": 0,
            "eps_latest_yearly": 0,
            "eps_growth_yearly": 0
        },
        "20102": {
            "year_quarter": 20102,
            "year": 2010,
            "quarter": 2,
            "eps": -0.18,
            "eps_growth_year": null,
            "eps_4q": -1.49,
            "eps_4q_growth_year": null,
            "roe": -2.34,
            "roe_4q": -17.7,
            "gross_profit": 911,
            "gross_margin": 2.77,
            "gross_margin_4q_avg": -2.7,
            "net_income": -7266,
            "net_income_4q": null,
            "revenue": 32848,
            "revenue_4q": null,
            "common_shares": 400000,
            "book_valuer_per_share": 7.75,
            "book_valuer_per_share_4q_avg": 8.06,
            "equity": 310030,
            "current_ratio": 62.27,
            "debt_ratio": 25.5,
            "inventory_turnover_ratio": 0.82,
            "account_receivable_turnover_ratio": 5.53,
            "reinvestment_rate": null,
            "research_to_sale_ratio": null,
            "price_fair": 0,
            "eps_avg_yearly": 0,
            "eps_latest_yearly": 0,
            "eps_growth_yearly": 0
        },
        "20103": {
            "year_quarter": 20103,
            "year": 2010,
            "quarter": 3,
            "eps": 0.26,
            "eps_growth_year": null,
            "eps_4q": -0.91,
            "eps_4q_growth_year": null,
            "roe": 3.32,
            "roe_4q": -10.85,
            "gross_profit": 19757,
            "gross_margin": 29.82,
            "gross_margin_4q_avg": 9.87,
            "net_income": 10368,
            "net_income_4q": null,
            "revenue": 66252,
            "revenue_4q": null,
            "common_shares": 400000,
            "book_valuer_per_share": 7.88,
            "book_valuer_per_share_4q_avg": 7.81,
            "equity": 315264,
            "current_ratio": 98.58,
            "debt_ratio": 21.59,
            "inventory_turnover_ratio": 1.02,
            "account_receivable_turnover_ratio": 7.52,
            "reinvestment_rate": null,
            "research_to_sale_ratio": 2.53,
            "price_fair": 0,
            "eps_avg_yearly": 0,
            "eps_latest_yearly": 0,
            "eps_growth_yearly": 0
        },
        "20104": {
            "year_quarter": 20104,
            "year": 2010,
            "quarter": 4,
            "eps": -0.13,
            "eps_growth_year": null,
            "eps_4q": -0.05,
            "eps_4q_growth_year": null,
            "roe": -1.66,
            "roe_4q": -0.6799999999999999,
            "gross_profit": 9598,
            "gross_margin": 25.19,
            "gross_margin_4q_avg": 14.45,
            "net_income": -5047,
            "net_income_4q": null,
            "revenue": 38108,
            "revenue_4q": null,
            "common_shares": 400000,
            "book_valuer_per_share": 7.36,
            "book_valuer_per_share_4q_avg": 7.69,
            "equity": 294597,
            "current_ratio": 96.27,
            "debt_ratio": 18.82,
            "inventory_turnover_ratio": 0.62,
            "account_receivable_turnover_ratio": 7.28,
            "reinvestment_rate": null,
            "research_to_sale_ratio": 6.36,
            "price_fair": 0,
            "eps_avg_yearly": 0,
            "eps_latest_yearly": 0,
            "eps_growth_yearly": 0
        },
        "20111": {
            "year_quarter": 20111,
            "year": 2011,
            "quarter": 1,
            "eps": -0.04,
            "eps_growth_year": null,
            "eps_4q": -0.11,
            "eps_4q_growth_year": null,
            "roe": -0.45,
            "roe_4q": -1.13,
            "gross_profit": 8570,
            "gross_margin": 14.86,
            "gross_margin_4q_avg": 18.16,
            "net_income": -1341,
            "net_income_4q": null,
            "revenue": 57690,
            "revenue_4q": null,
            "common_shares": 300000,
            "book_valuer_per_share": 9.84,
            "book_valuer_per_share_4q_avg": 8.21,
            "equity": 295230,
            "current_ratio": 104.02,
            "debt_ratio": 19.12,
            "inventory_turnover_ratio": 1.25,
            "account_receivable_turnover_ratio": 7.61,
            "reinvestment_rate": null,
            "research_to_sale_ratio": 2.89,
            "price_fair": 0,
            "eps_avg_yearly": 0,
            "eps_latest_yearly": 0,
            "eps_growth_yearly": 0
        },
        "20112": {
            "year_quarter": 20112,
            "year": 2011,
            "quarter": 2,
            "eps": -0.13,
            "eps_growth_year": null,
            "eps_4q": 0,
            "eps_4q_growth_year": null,
            "roe": -1.34,
            "roe_4q": -0.13000000000000034,
            "gross_profit": 3272,
            "gross_margin": 11.81,
            "gross_margin_4q_avg": 20.42,
            "net_income": -3926,
            "net_income_4q": null,
            "revenue": 27694,
            "revenue_4q": null,
            "common_shares": 300000,
            "book_valuer_per_share": 9.65,
            "book_valuer_per_share_4q_avg": 8.68,
            "equity": 289390,
            "current_ratio": 220.04,
            "debt_ratio": 17.27,
            "inventory_turnover_ratio": 0.61,
            "account_receivable_turnover_ratio": 3.28,
            "reinvestment_rate": null,
            "research_to_sale_ratio": 6.85,
            "price_fair": 0,
            "eps_avg_yearly": 0,
            "eps_latest_yearly": 0,
            "eps_growth_yearly": 0
        },
        "20113": {
            "year_quarter": 20113,
            "year": 2011,
            "quarter": 3,
            "eps": 2.55,
            "eps_growth_year": 885.3,
            "eps_4q": 2.21,
            "eps_4q_growth_year": null,
            "roe": 22.87,
            "roe_4q": 19.42,
            "gross_profit": 7842,
            "gross_margin": 24.09,
            "gross_margin_4q_avg": 18.99,
            "net_income": 76617,
            "net_income_4q": null,
            "revenue": 32550,
            "revenue_4q": null,
            "common_shares": 300000,
            "book_valuer_per_share": 12.68,
            "book_valuer_per_share_4q_avg": 9.88,
            "equity": 380545,
            "current_ratio": 409.16,
            "debt_ratio": 18.79,
            "inventory_turnover_ratio": 0.58,
            "account_receivable_turnover_ratio": 7.75,
            "reinvestment_rate": null,
            "research_to_sale_ratio": 6.79,
            "price_fair": 0,
            "eps_avg_yearly": 0,
            "eps_latest_yearly": 0,
            "eps_growth_yearly": 0
        },
        "20114": {
            "year_quarter": 20114,
            "year": 2011,
            "quarter": 4,
            "eps": -0.41,
            "eps_growth_year": null,
            "eps_4q": 1.97,
            "eps_4q_growth_year": null,
            "roe": -3.38,
            "roe_4q": 17.700000000000003,
            "gross_profit": 1025,
            "gross_margin": 3.83,
            "gross_margin_4q_avg": 13.65,
            "net_income": -12332,
            "net_income_4q": null,
            "revenue": 26763,
            "revenue_4q": null,
            "common_shares": 300000,
            "book_valuer_per_share": 11.67,
            "book_valuer_per_share_4q_avg": 10.96,
            "equity": 350182,
            "current_ratio": 410.54,
            "debt_ratio": 20.59,
            "inventory_turnover_ratio": 0.7,
            "account_receivable_turnover_ratio": 10.46,
            "reinvestment_rate": null,
            "research_to_sale_ratio": 8.4,
            "price_fair": 0,
            "eps_avg_yearly": 0,
            "eps_latest_yearly": 0,
            "eps_growth_yearly": 0
        },
        "20121": {
            "year_quarter": 20121,
            "year": 2012,
            "quarter": 1,
            "eps": -0.12,
            "eps_growth_year": null,
            "eps_4q": 1.89,
            "eps_4q_growth_year": null,
            "roe": -1.06,
            "roe_4q": 17.09,
            "gross_profit": 8105,
            "gross_margin": 24.73,
            "gross_margin_4q_avg": 16.12,
            "net_income": -3673,
            "net_income_4q": null,
            "revenue": 32778,
            "revenue_4q": null,
            "common_shares": 300000,
            "book_valuer_per_share": 11.49,
            "book_valuer_per_share_4q_avg": 11.37,
            "equity": 344606,
            "current_ratio": 433.19,
            "debt_ratio": 18.78,
            "inventory_turnover_ratio": 0.88,
            "account_receivable_turnover_ratio": 11.57,
            "reinvestment_rate": null,
            "research_to_sale_ratio": 5.65,
            "price_fair": 0,
            "eps_avg_yearly": 0,
            "eps_latest_yearly": 0,
            "eps_growth_yearly": 0
        },
        "20122": {
            "year_quarter": 20122,
            "year": 2012,
            "quarter": 2,
            "eps": -0.69,
            "eps_growth_year": null,
            "eps_4q": 1.33,
            "eps_4q_growth_year": 73820.39,
            "roe": -6.19,
            "roe_4q": 12.240000000000002,
            "gross_profit": 5412,
            "gross_margin": 28.97,
            "gross_margin_4q_avg": 20.41,
            "net_income": -20695,
            "net_income_4q": null,
            "revenue": 18680,
            "revenue_4q": null,
            "common_shares": 300000,
            "book_valuer_per_share": 10.81,
            "book_valuer_per_share_4q_avg": 11.66,
            "equity": 324179,
            "current_ratio": 362.9,
            "debt_ratio": 20.27,
            "inventory_turnover_ratio": 0.5,
            "account_receivable_turnover_ratio": 4.07,
            "reinvestment_rate": null,
            "research_to_sale_ratio": 9.31,
            "price_fair": 0,
            "eps_avg_yearly": 0,
            "eps_latest_yearly": 0,
            "eps_growth_yearly": 0
        },
        "20123": {
            "year_quarter": 20123,
            "year": 2012,
            "quarter": 3,
            "eps": -0.12,
            "eps_growth_year": -104.81,
            "eps_4q": -1.35,
            "eps_4q_growth_year": -160.91,
            "roe": -1.14,
            "roe_4q": -11.77,
            "gross_profit": 9390,
            "gross_margin": 27.37,
            "gross_margin_4q_avg": 21.23,
            "net_income": -3686,
            "net_income_4q": null,
            "revenue": 34308,
            "revenue_4q": null,
            "common_shares": 300000,
            "book_valuer_per_share": 10.66,
            "book_valuer_per_share_4q_avg": 11.16,
            "equity": 319802,
            "current_ratio": 426.8,
            "debt_ratio": 16.79,
            "inventory_turnover_ratio": 1.07,
            "account_receivable_turnover_ratio": 6.82,
            "reinvestment_rate": null,
            "research_to_sale_ratio": 4.86,
            "price_fair": 0,
            "eps_avg_yearly": 0,
            "eps_latest_yearly": 0,
            "eps_growth_yearly": 0
        },
        "20124": {
            "year_quarter": 20124,
            "year": 2012,
            "quarter": 4,
            "eps": -0.07,
            "eps_growth_year": null,
            "eps_4q": -1.01,
            "eps_4q_growth_year": -151.19,
            "roe": -0.68,
            "roe_4q": -9.07,
            "gross_profit": -3277,
            "gross_margin": -47.46,
            "gross_margin_4q_avg": 8.4,
            "net_income": -2160,
            "net_income_4q": null,
            "revenue": 6905,
            "revenue_4q": null,
            "common_shares": 300000,
            "book_valuer_per_share": 10.59,
            "book_valuer_per_share_4q_avg": 10.89,
            "equity": 317590,
            "current_ratio": 494.12,
            "debt_ratio": 13.66,
            "inventory_turnover_ratio": 0.62,
            "account_receivable_turnover_ratio": 3.84,
            "reinvestment_rate": null,
            "research_to_sale_ratio": 30.92,
            "price_fair": 0,
            "eps_avg_yearly": 0,
            "eps_latest_yearly": 0,
            "eps_growth_yearly": 0
        },
        "20131": {
            "year_quarter": 20131,
            "year": 2013,
            "quarter": 1,
            "eps": -0.04,
            "eps_growth_year": null,
            "eps_4q": -0.92,
            "eps_4q_growth_year": -148.92,
            "roe": -0.38,
            "roe_4q": -8.39,
            "gross_profit": 4861,
            "gross_margin": 25.47,
            "gross_margin_4q_avg": 8.59,
            "net_income": -1192,
            "net_income_4q": null,
            "revenue": 19085,
            "revenue_4q": null,
            "common_shares": 300000,
            "book_valuer_per_share": 10.52,
            "book_valuer_per_share_4q_avg": 10.65,
            "equity": 315512,
            "current_ratio": 284.22,
            "debt_ratio": 14.16,
            "inventory_turnover_ratio": 1.1,
            "account_receivable_turnover_ratio": 6.58,
            "reinvestment_rate": null,
            "research_to_sale_ratio": 12.01,
            "price_fair": 0,
            "eps_avg_yearly": 0,
            "eps_latest_yearly": 0,
            "eps_growth_yearly": 0
        },
        "20132": {
            "year_quarter": 20132,
            "year": 2013,
            "quarter": 2,
            "eps": 0.99,
            "eps_growth_year": null,
            "eps_4q": 0.75,
            "eps_4q_growth_year": -43.45,
            "roe": 8.95,
            "roe_4q": 6.749999999999999,
            "gross_profit": 37412,
            "gross_margin": 35.53,
            "gross_margin_4q_avg": 10.23,
            "net_income": 29613,
            "net_income_4q": null,
            "revenue": 105292,
            "revenue_4q": null,
            "common_shares": 300000,
            "book_valuer_per_share": 11.55,
            "book_valuer_per_share_4q_avg": 10.83,
            "equity": 346485,
            "current_ratio": 452.38,
            "debt_ratio": 11.11,
            "inventory_turnover_ratio": 8.47,
            "account_receivable_turnover_ratio": 36.44,
            "reinvestment_rate": -16325.45,
            "research_to_sale_ratio": 2.47,
            "price_fair": 0,
            "eps_avg_yearly": 0,
            "eps_latest_yearly": 0,
            "eps_growth_yearly": 0
        },
        "20133": {
            "year_quarter": 20133,
            "year": 2013,
            "quarter": 3,
            "eps": 0,
            "eps_growth_year": null,
            "eps_4q": 0.87,
            "eps_4q_growth_year": null,
            "roe": -0.03,
            "roe_4q": 7.859999999999999,
            "gross_profit": 5381,
            "gross_margin": 19.32,
            "gross_margin_4q_avg": 8.22,
            "net_income": -90,
            "net_income_4q": null,
            "revenue": 27859,
            "revenue_4q": null,
            "common_shares": 300000,
            "book_valuer_per_share": 11.57,
            "book_valuer_per_share_4q_avg": 11.06,
            "equity": 347137,
            "current_ratio": 813.02,
            "debt_ratio": 9.28,
            "inventory_turnover_ratio": 0.38,
            "account_receivable_turnover_ratio": 124.65,
            "reinvestment_rate": -1883.24,
            "research_to_sale_ratio": 9.21,
            "price_fair": 0,
            "eps_avg_yearly": 0,
            "eps_latest_yearly": 0,
            "eps_growth_yearly": 0
        },
        "20134": {
            "year_quarter": 20134,
            "year": 2013,
            "quarter": 4,
            "eps": 6.13,
            "eps_growth_year": null,
            "eps_4q": 7.08,
            "eps_4q_growth_year": null,
            "roe": 41.8,
            "roe_4q": 50.339999999999996,
            "gross_profit": 184263,
            "gross_margin": 60.79,
            "gross_margin_4q_avg": 35.28,
            "net_income": 183919,
            "net_income_4q": null,
            "revenue": 303130,
            "revenue_4q": null,
            "common_shares": 300000,
            "book_valuer_per_share": 17.76,
            "book_valuer_per_share_4q_avg": 12.85,
            "equity": 532934,
            "current_ratio": 1844.61,
            "debt_ratio": 4.55,
            "inventory_turnover_ratio": 1.94,
            "account_receivable_turnover_ratio": 1076.84,
            "reinvestment_rate": -107.14,
            "research_to_sale_ratio": 0.83,
            "price_fair": 0,
            "eps_avg_yearly": 0,
            "eps_latest_yearly": 0,
            "eps_growth_yearly": 0
        },
        "20141": {
            "year_quarter": 20141,
            "year": 2014,
            "quarter": 1,
            "eps": -0.45,
            "eps_growth_year": null,
            "eps_4q": 6.66,
            "eps_4q_growth_year": null,
            "roe": -2.58,
            "roe_4q": 48.14,
            "gross_profit": 5310,
            "gross_margin": 47.68,
            "gross_margin_4q_avg": 40.83,
            "net_income": -13585,
            "net_income_4q": null,
            "revenue": 11137,
            "revenue_4q": null,
            "common_shares": 300000,
            "book_valuer_per_share": 17.3,
            "book_valuer_per_share_4q_avg": 14.55,
            "equity": 518972,
            "current_ratio": 1364.32,
            "debt_ratio": 6.09,
            "inventory_turnover_ratio": 0.39,
            "account_receivable_turnover_ratio": 7.06,
            "reinvestment_rate": -93.57,
            "research_to_sale_ratio": 19.47,
            "price_fair": 0,
            "eps_avg_yearly": 0,
            "eps_latest_yearly": 0,
            "eps_growth_yearly": 0
        },
        "20142": {
            "year_quarter": 20142,
            "year": 2014,
            "quarter": 2,
            "eps": 0.03,
            "eps_growth_year": -96.97,
            "eps_4q": 5.71,
            "eps_4q_growth_year": 659.15,
            "roe": 0.22,
            "roe_4q": 39.41,
            "gross_profit": 11387,
            "gross_margin": 33.53,
            "gross_margin_4q_avg": 40.33,
            "net_income": 1134,
            "net_income_4q": null,
            "revenue": 33963,
            "revenue_4q": null,
            "common_shares": 300000,
            "book_valuer_per_share": 17.28,
            "book_valuer_per_share_4q_avg": 15.98,
            "equity": 518386,
            "current_ratio": 1537.78,
            "debt_ratio": 5.38,
            "inventory_turnover_ratio": 1.42,
            "account_receivable_turnover_ratio": 23.7,
            "reinvestment_rate": -104.57,
            "research_to_sale_ratio": 6.68,
            "price_fair": 0,
            "eps_avg_yearly": 0,
            "eps_latest_yearly": 0,
            "eps_growth_yearly": 0
        },
        "20143": {
            "year_quarter": 20143,
            "year": 2014,
            "quarter": 3,
            "eps": 0.12,
            "eps_growth_year": null,
            "eps_4q": 5.83,
            "eps_4q_growth_year": 568.81,
            "roe": 0.68,
            "roe_4q": 40.12,
            "gross_profit": 4087,
            "gross_margin": 96.67,
            "gross_margin_4q_avg": 59.67,
            "net_income": 3567,
            "net_income_4q": null,
            "revenue": 4228,
            "revenue_4q": null,
            "common_shares": 300000,
            "book_valuer_per_share": 17.48,
            "book_valuer_per_share_4q_avg": 17.46,
            "equity": 524390,
            "current_ratio": 1881.11,
            "debt_ratio": 4.53,
            "inventory_turnover_ratio": 0.02,
            "account_receivable_turnover_ratio": 25.86,
            "reinvestment_rate": -93.73,
            "research_to_sale_ratio": 48.89,
            "price_fair": 16.8,
            "eps_avg_yearly": 0.48,
            "eps_latest_yearly": 0.48,
            "eps_growth_yearly": 1200
        },
        "20144": {
            "year_quarter": 20144,
            "year": 2014,
            "quarter": 4,
            "eps": 0.09,
            "eps_growth_year": -98.59,
            "eps_4q": -0.21,
            "eps_4q_growth_year": -102.96,
            "roe": 0.49,
            "roe_4q": -1.1900000000000002,
            "gross_profit": -192,
            "gross_margin": -9.24,
            "gross_margin_4q_avg": 42.16,
            "net_income": 2591,
            "net_income_4q": null,
            "revenue": 2079,
            "revenue_4q": null,
            "common_shares": 300000,
            "book_valuer_per_share": 17.67,
            "book_valuer_per_share_4q_avg": 17.43,
            "equity": 529951,
            "current_ratio": 1836.79,
            "debt_ratio": 4.77,
            "inventory_turnover_ratio": 0.26,
            "account_receivable_turnover_ratio": 3.44,
            "reinvestment_rate": -81.31,
            "research_to_sale_ratio": 123.33,
            "price_fair": 14.7,
            "eps_avg_yearly": 0.42,
            "eps_latest_yearly": 0.36,
            "eps_growth_yearly": 550
        },
        "20151": {
            "year_quarter": 20151,
            "year": 2015,
            "quarter": 1,
            "eps": -0.33,
            "eps_growth_year": null,
            "eps_4q": -0.08,
            "eps_4q_growth_year": -101.26,
            "roe": -1.87,
            "roe_4q": -0.4800000000000001,
            "gross_profit": 449,
            "gross_margin": 29.81,
            "gross_margin_4q_avg": 37.69,
            "net_income": -9817,
            "net_income_4q": null,
            "revenue": 1506,
            "revenue_4q": null,
            "common_shares": 300000,
            "book_valuer_per_share": 17.31,
            "book_valuer_per_share_4q_avg": 17.44,
            "equity": 519308,
            "current_ratio": 1933.61,
            "debt_ratio": 4.54,
            "inventory_turnover_ratio": 0.13,
            "account_receivable_turnover_ratio": 1.77,
            "reinvestment_rate": -82.89,
            "research_to_sale_ratio": 138.71,
            "price_fair": 14.7,
            "eps_avg_yearly": 0.42,
            "eps_latest_yearly": 0.36,
            "eps_growth_yearly": 550
        },
        "20152": {
            "year_quarter": 20152,
            "year": 2015,
            "quarter": 2,
            "eps": -0.4,
            "eps_growth_year": -1433.33,
            "eps_4q": -0.52,
            "eps_4q_growth_year": -109.16,
            "roe": -2.35,
            "roe_4q": -3.0500000000000003,
            "gross_profit": 124,
            "gross_margin": 29.31,
            "gross_margin_4q_avg": 36.64,
            "net_income": -12034,
            "net_income_4q": null,
            "revenue": 423,
            "revenue_4q": null,
            "common_shares": 300000,
            "book_valuer_per_share": 16.86,
            "book_valuer_per_share_4q_avg": 17.33,
            "equity": 505878,
            "current_ratio": 11480.67,
            "debt_ratio": 1.12,
            "inventory_turnover_ratio": 0.04,
            "account_receivable_turnover_ratio": 0.83,
            "reinvestment_rate": -58.26,
            "research_to_sale_ratio": 550.12,
            "price_fair": 14.7,
            "eps_avg_yearly": 0.42,
            "eps_latest_yearly": 0.36,
            "eps_growth_yearly": 550
        },
        "20153": {
            "year_quarter": 20153,
            "year": 2015,
            "quarter": 3,
            "eps": 0.49,
            "eps_growth_year": 308.33,
            "eps_4q": -0.15,
            "eps_4q_growth_year": -102.6,
            "roe": 2.86,
            "roe_4q": -0.8700000000000003,
            "gross_profit": 185,
            "gross_margin": 33.82,
            "gross_margin_4q_avg": 20.93,
            "net_income": 14704,
            "net_income_4q": null,
            "revenue": 547,
            "revenue_4q": null,
            "common_shares": 300000,
            "book_valuer_per_share": 17.47,
            "book_valuer_per_share_4q_avg": 17.33,
            "equity": 524151,
            "current_ratio": 9355.66,
            "debt_ratio": 1.4,
            "inventory_turnover_ratio": 0.04,
            "account_receivable_turnover_ratio": 2.15,
            "reinvestment_rate": -132.98,
            "research_to_sale_ratio": 380.62,
            "price_fair": 14.7,
            "eps_avg_yearly": 0.42,
            "eps_latest_yearly": 0.36,
            "eps_growth_yearly": 550
        },
        "20154": {
            "year_quarter": 20154,
            "year": 2015,
            "quarter": 4,
            "eps": -0.66,
            "eps_growth_year": -859.7,
            "eps_4q": -0.89,
            "eps_4q_growth_year": null,
            "roe": -3.83,
            "roe_4q": -5.19,
            "gross_profit": -4438,
            "gross_margin": -222.79,
            "gross_margin_4q_avg": -32.46,
            "net_income": -19684,
            "net_income_4q": null,
            "revenue": 1992,
            "revenue_4q": null,
            "common_shares": 300000,
            "book_valuer_per_share": 16.83,
            "book_valuer_per_share_4q_avg": 17.12,
            "equity": 504966,
            "current_ratio": 8296.5,
            "debt_ratio": 1.14,
            "inventory_turnover_ratio": 0.99,
            "account_receivable_turnover_ratio": 2.85,
            "reinvestment_rate": -113.21,
            "research_to_sale_ratio": 107.08,
            "price_fair": 14.7,
            "eps_avg_yearly": 0.42,
            "eps_latest_yearly": 0.36,
            "eps_growth_yearly": 550
        },
        "20161": {
            "year_quarter": 20161,
            "year": 2016,
            "quarter": 1,
            "eps": -0.42,
            "eps_growth_year": null,
            "eps_4q": -0.99,
            "eps_4q_growth_year": null,
            "roe": -2.54,
            "roe_4q": -5.86,
            "gross_profit": 272,
            "gross_margin": 17.63,
            "gross_margin_4q_avg": -35.51,
            "net_income": -12628,
            "net_income_4q": null,
            "revenue": 1543,
            "revenue_4q": null,
            "common_shares": 300000,
            "book_valuer_per_share": 16.36,
            "book_valuer_per_share_4q_avg": 16.88,
            "equity": 490826,
            "current_ratio": 11768.31,
            "debt_ratio": 0.67,
            "inventory_turnover_ratio": 0.35,
            "account_receivable_turnover_ratio": 1.46,
            "reinvestment_rate": -117.5,
            "research_to_sale_ratio": 132.73,
            "price_fair": 14.7,
            "eps_avg_yearly": 0.42,
            "eps_latest_yearly": 0.36,
            "eps_growth_yearly": 550
        },
        "20162": {
            "year_quarter": 20162,
            "year": 2016,
            "quarter": 2,
            "eps": -0.27,
            "eps_growth_year": null,
            "eps_4q": -0.86,
            "eps_4q_growth_year": null,
            "roe": -1.66,
            "roe_4q": -5.170000000000002,
            "gross_profit": -2054,
            "gross_margin": -293.43,
            "gross_margin_4q_avg": -116.19,
            "net_income": -8069,
            "net_income_4q": null,
            "revenue": 700,
            "revenue_4q": null,
            "common_shares": 300000,
            "book_valuer_per_share": 16.02,
            "book_valuer_per_share_4q_avg": 16.67,
            "equity": 480489,
            "current_ratio": 12013.16,
            "debt_ratio": 0.66,
            "inventory_turnover_ratio": 1.17,
            "account_receivable_turnover_ratio": 1.07,
            "reinvestment_rate": -110.06,
            "research_to_sale_ratio": 306.43,
            "price_fair": 14.7,
            "eps_avg_yearly": 0.42,
            "eps_latest_yearly": 0.36,
            "eps_growth_yearly": 550
        },
        "20163": {
            "year_quarter": 20163,
            "year": 2016,
            "quarter": 3,
            "eps": -0.58,
            "eps_growth_year": -218.37,
            "eps_4q": -1.93,
            "eps_4q_growth_year": null,
            "roe": -3.72,
            "roe_4q": -11.75,
            "gross_profit": -153,
            "gross_margin": -288.68,
            "gross_margin_4q_avg": -196.82,
            "net_income": -17517,
            "net_income_4q": null,
            "revenue": 53,
            "revenue_4q": null,
            "common_shares": 300000,
            "book_valuer_per_share": 15.35,
            "book_valuer_per_share_4q_avg": 16.14,
            "equity": 460385,
            "current_ratio": 10748.52,
            "debt_ratio": 0.76,
            "inventory_turnover_ratio": 0.14,
            "account_receivable_turnover_ratio": 0.26,
            "reinvestment_rate": -125.42,
            "research_to_sale_ratio": 3684.91,
            "price_fair": 14.7,
            "eps_avg_yearly": 0.42,
            "eps_latest_yearly": 0.36,
            "eps_growth_yearly": 550
        },
        "20164": {
            "year_quarter": 20164,
            "year": 2016,
            "quarter": 4,
            "eps": -0.24,
            "eps_growth_year": null,
            "eps_4q": -1.52,
            "eps_4q_growth_year": null,
            "roe": -1.6,
            "roe_4q": -9.52,
            "gross_profit": -721,
            "gross_margin": -137.33,
            "gross_margin_4q_avg": -175.45,
            "net_income": -7295,
            "net_income_4q": null,
            "revenue": 525,
            "revenue_4q": null,
            "common_shares": 300000,
            "book_valuer_per_share": 15.07,
            "book_valuer_per_share_4q_avg": 15.7,
            "equity": 451987,
            "current_ratio": 8646.71,
            "debt_ratio": 1.08,
            "inventory_turnover_ratio": 0.84,
            "account_receivable_turnover_ratio": 1.52,
            "reinvestment_rate": -144.09,
            "research_to_sale_ratio": 439.43,
            "price_fair": 14.7,
            "eps_avg_yearly": 0.42,
            "eps_latest_yearly": 0.36,
            "eps_growth_yearly": 550
        },
        "20171": {
            "year_quarter": 20171,
            "year": 2017,
            "quarter": 1,
            "eps": -0.9,
            "eps_growth_year": null,
            "eps_4q": -2,
            "eps_4q_growth_year": null,
            "roe": -6.2,
            "roe_4q": -13.180000000000001,
            "gross_profit": 526,
            "gross_margin": 41,
            "gross_margin_4q_avg": -169.61,
            "net_income": -27053,
            "net_income_4q": null,
            "revenue": 1283,
            "revenue_4q": null,
            "common_shares": 300000,
            "book_valuer_per_share": 14.04,
            "book_valuer_per_share_4q_avg": 15.12,
            "equity": 421068,
            "current_ratio": 8378.59,
            "debt_ratio": 0.98,
            "inventory_turnover_ratio": 0.41,
            "account_receivable_turnover_ratio": 2.19,
            "reinvestment_rate": 1.54,
            "research_to_sale_ratio": 137.96,
            "price_fair": 14.7,
            "eps_avg_yearly": 0.42,
            "eps_latest_yearly": 0.36,
            "eps_growth_yearly": 550
        },
        "20172": {
            "year_quarter": 20172,
            "year": 2017,
            "quarter": 2,
            "eps": -0.19,
            "eps_growth_year": null,
            "eps_4q": -1.92,
            "eps_4q_growth_year": null,
            "roe": -1.33,
            "roe_4q": -12.850000000000001,
            "gross_profit": 787,
            "gross_margin": 22.14,
            "gross_margin_4q_avg": -90.72,
            "net_income": -5590,
            "net_income_4q": null,
            "revenue": 3554,
            "revenue_4q": null,
            "common_shares": 300000,
            "book_valuer_per_share": 13.89,
            "book_valuer_per_share_4q_avg": 14.59,
            "equity": 416804,
            "current_ratio": 4916.74,
            "debt_ratio": 1.77,
            "inventory_turnover_ratio": 0.5,
            "account_receivable_turnover_ratio": 11.48,
            "reinvestment_rate": -29.08,
            "research_to_sale_ratio": 59.4,
            "price_fair": 14.7,
            "eps_avg_yearly": 0.42,
            "eps_latest_yearly": 0.36,
            "eps_growth_yearly": 550
        },
        "20173": {
            "year_quarter": 20173,
            "year": 2017,
            "quarter": 3,
            "eps": -0.03,
            "eps_growth_year": null,
            "eps_4q": -1.36,
            "eps_4q_growth_year": null,
            "roe": -0.18,
            "roe_4q": -9.31,
            "gross_profit": 5932,
            "gross_margin": 33.3,
            "gross_margin_4q_avg": -10.22,
            "net_income": -764,
            "net_income_4q": null,
            "revenue": 17816,
            "revenue_4q": null,
            "common_shares": 300000,
            "book_valuer_per_share": 13.9,
            "book_valuer_per_share_4q_avg": 14.23,
            "equity": 417056,
            "current_ratio": 6795.33,
            "debt_ratio": 1.24,
            "inventory_turnover_ratio": 2.39,
            "account_receivable_turnover_ratio": 87.55,
            "reinvestment_rate": -35.91,
            "research_to_sale_ratio": 8.46,
            "price_fair": 14.7,
            "eps_avg_yearly": 0.42,
            "eps_latest_yearly": 0.36,
            "eps_growth_yearly": 550
        },
        "20174": {
            "year_quarter": 20174,
            "year": 2017,
            "quarter": 4,
            "eps": -0.52,
            "eps_growth_year": null,
            "eps_4q": -1.64,
            "eps_4q_growth_year": null,
            "roe": -3.85,
            "roe_4q": -11.56,
            "gross_profit": 910,
            "gross_margin": 52,
            "gross_margin_4q_avg": 37.11,
            "net_income": -15745,
            "net_income_4q": null,
            "revenue": 1750,
            "revenue_4q": null,
            "common_shares": 300000,
            "book_valuer_per_share": 13.38,
            "book_valuer_per_share_4q_avg": 13.8,
            "equity": 401535,
            "current_ratio": 7624.98,
            "debt_ratio": 1.35,
            "inventory_turnover_ratio": 0.91,
            "account_receivable_turnover_ratio": 2.94,
            "reinvestment_rate": null,
            "research_to_sale_ratio": 98.91,
            "price_fair": 14.7,
            "eps_avg_yearly": 0.42,
            "eps_latest_yearly": 0.36,
            "eps_growth_yearly": 550
        },
        "20181": {
            "year_quarter": 20181,
            "year": 2018,
            "quarter": 1,
            "eps": -0.42,
            "eps_growth_year": null,
            "eps_4q": -1.16,
            "eps_4q_growth_year": null,
            "roe": -3.17,
            "roe_4q": -8.53,
            "gross_profit": 960,
            "gross_margin": 74.82,
            "gross_margin_4q_avg": 45.57,
            "net_income": -12561,
            "net_income_4q": null,
            "revenue": 1283,
            "revenue_4q": null,
            "common_shares": 300000,
            "book_valuer_per_share": 13,
            "book_valuer_per_share_4q_avg": 13.54,
            "equity": 389875,
            "current_ratio": 7931.44,
            "debt_ratio": 1.31,
            "inventory_turnover_ratio": 0.48,
            "account_receivable_turnover_ratio": 2.9,
            "reinvestment_rate": null,
            "research_to_sale_ratio": 118.78,
            "price_fair": 14.7,
            "eps_avg_yearly": 0.42,
            "eps_latest_yearly": 0.36,
            "eps_growth_yearly": 550
        },
        "20182": {
            "year_quarter": 20182,
            "year": 2018,
            "quarter": 2,
            "eps": 0.11,
            "eps_growth_year": null,
            "eps_4q": -0.86,
            "eps_4q_growth_year": null,
            "roe": 0.82,
            "roe_4q": -6.38,
            "gross_profit": 426,
            "gross_margin": 51.76,
            "gross_margin_4q_avg": 52.97,
            "net_income": 3195,
            "net_income_4q": null,
            "revenue": 823,
            "revenue_4q": null,
            "common_shares": 300000,
            "book_valuer_per_share": 13.09,
            "book_valuer_per_share_4q_avg": 13.34,
            "equity": 392578,
            "current_ratio": 4960.42,
            "debt_ratio": 1.63,
            "inventory_turnover_ratio": 0.7,
            "account_receivable_turnover_ratio": 5.23,
            "reinvestment_rate": null,
            "research_to_sale_ratio": 204.98,
            "price_fair": 14.7,
            "eps_avg_yearly": 0.42,
            "eps_latest_yearly": 0.36,
            "eps_growth_yearly": 550
        },
        "20183": {
            "year_quarter": 20183,
            "year": 2018,
            "quarter": 3,
            "eps": -0.62,
            "eps_growth_year": null,
            "eps_4q": -1.45,
            "eps_4q_growth_year": null,
            "roe": -4.84,
            "roe_4q": -11.04,
            "gross_profit": 59,
            "gross_margin": 24.89,
            "gross_margin_4q_avg": 50.87,
            "net_income": -18520,
            "net_income_4q": null,
            "revenue": 237,
            "revenue_4q": null,
            "common_shares": 300000,
            "book_valuer_per_share": 12.4,
            "book_valuer_per_share_4q_avg": 12.97,
            "equity": 372012,
            "current_ratio": 1517.42,
            "debt_ratio": 3.18,
            "inventory_turnover_ratio": 0.34,
            "account_receivable_turnover_ratio": 1.22,
            "reinvestment_rate": null,
            "research_to_sale_ratio": 586.92,
            "price_fair": 1.08,
            "eps_avg_yearly": 0.36,
            "eps_latest_yearly": 0.36,
            "eps_growth_yearly": -100
        },
        "20184": {
            "year_quarter": 20184,
            "year": 2018,
            "quarter": 4,
            "eps": -0.45,
            "eps_growth_year": null,
            "eps_4q": -1.38,
            "eps_4q_growth_year": null,
            "roe": -3.67,
            "roe_4q": -10.86,
            "gross_profit": -129,
            "gross_margin": -38.05,
            "gross_margin_4q_avg": 28.36,
            "net_income": -13424,
            "net_income_4q": null,
            "revenue": 339,
            "revenue_4q": null,
            "common_shares": 300000,
            "book_valuer_per_share": 11.97,
            "book_valuer_per_share_4q_avg": 12.62,
            "equity": 358958,
            "current_ratio": 1427.3,
            "debt_ratio": 3.11,
            "inventory_turnover_ratio": 0.95,
            "account_receivable_turnover_ratio": 3.9,
            "reinvestment_rate": null,
            "research_to_sale_ratio": 482.3,
            "price_fair": 0,
            "eps_avg_yearly": 0,
            "eps_latest_yearly": 0,
            "eps_growth_yearly": 0
        },
        "20191": {
            "year_quarter": 20191,
            "year": 2019,
            "quarter": 1,
            "eps": -0.65,
            "eps_growth_year": null,
            "eps_4q": -1.61,
            "eps_4q_growth_year": null,
            "roe": -5.59,
            "roe_4q": -13.28,
            "gross_profit": 318,
            "gross_margin": 77.94,
            "gross_margin_4q_avg": 29.14,
            "net_income": -19555,
            "net_income_4q": null,
            "revenue": 408,
            "revenue_4q": null,
            "common_shares": 300000,
            "book_valuer_per_share": 11.36,
            "book_valuer_per_share_4q_avg": 12.21,
            "equity": 340792,
            "current_ratio": 249.88,
            "debt_ratio": 30.45,
            "inventory_turnover_ratio": 0.18,
            "account_receivable_turnover_ratio": 1.48,
            "reinvestment_rate": null,
            "research_to_sale_ratio": 389.22,
            "price_fair": 0,
            "eps_avg_yearly": 0,
            "eps_latest_yearly": 0,
            "eps_growth_yearly": 0
        },
        "20192": {
            "year_quarter": 20192,
            "year": 2019,
            "quarter": 2,
            "eps": -0.84,
            "eps_growth_year": -863.64,
            "eps_4q": -2.55,
            "eps_4q_growth_year": null,
            "roe": -7.65,
            "roe_4q": -21.75,
            "gross_profit": 1874,
            "gross_margin": 16.23,
            "gross_margin_4q_avg": 20.25,
            "net_income": -25096,
            "net_income_4q": null,
            "revenue": 11547,
            "revenue_4q": null,
            "common_shares": 300000,
            "book_valuer_per_share": 10.5,
            "book_valuer_per_share_4q_avg": 11.56,
            "equity": 314903,
            "current_ratio": 116.73,
            "debt_ratio": 37.15,
            "inventory_turnover_ratio": 9.53,
            "account_receivable_turnover_ratio": 20.62,
            "reinvestment_rate": null,
            "research_to_sale_ratio": 19.39,
            "price_fair": 0,
            "eps_avg_yearly": 0,
            "eps_latest_yearly": 0,
            "eps_growth_yearly": 0
        },
        "20193": {
            "year_quarter": 20193,
            "year": 2019,
            "quarter": 3,
            "eps": -1.14,
            "eps_growth_year": null,
            "eps_4q": -3.07,
            "eps_4q_growth_year": null,
            "roe": -11.5,
            "roe_4q": -28.409999999999997,
            "gross_profit": -599,
            "gross_margin": -15.08,
            "gross_margin_4q_avg": 10.26,
            "net_income": -34126,
            "net_income_4q": null,
            "revenue": 3972,
            "revenue_4q": null,
            "common_shares": 300000,
            "book_valuer_per_share": 9.29,
            "book_valuer_per_share_4q_avg": 10.78,
            "equity": 278702,
            "current_ratio": 46.23,
            "debt_ratio": 42.85,
            "inventory_turnover_ratio": 1.42,
            "account_receivable_turnover_ratio": 4.65,
            "reinvestment_rate": null,
            "research_to_sale_ratio": 49.77,
            "price_fair": 0,
            "eps_avg_yearly": 0,
            "eps_latest_yearly": 0,
            "eps_growth_yearly": 0
        },
        "20194": {
            "year_quarter": 20194,
            "year": 2019,
            "quarter": 4,
            "eps": -1.01,
            "eps_growth_year": null,
            "eps_4q": -3.63,
            "eps_4q_growth_year": null,
            "roe": -11.49,
            "roe_4q": -36.230000000000004,
            "gross_profit": -20185,
            "gross_margin": -291.14,
            "gross_margin_4q_avg": -53.01,
            "net_income": -30242,
            "net_income_4q": null,
            "revenue": 6933,
            "revenue_4q": null,
            "common_shares": 300000,
            "book_valuer_per_share": 8.26,
            "book_valuer_per_share_4q_avg": 9.85,
            "equity": 247738,
            "current_ratio": 41.96,
            "debt_ratio": 59.26,
            "inventory_turnover_ratio": 4.43,
            "account_receivable_turnover_ratio": 3.52,
            "reinvestment_rate": null,
            "research_to_sale_ratio": 30.51,
            "price_fair": 0,
            "eps_avg_yearly": 0,
            "eps_latest_yearly": 0,
            "eps_growth_yearly": 0
        },
        "20201": {
            "year_quarter": 20201,
            "year": 2020,
            "quarter": 1,
            "eps": -1.33,
            "eps_growth_year": null,
            "eps_4q": -4.31,
            "eps_4q_growth_year": null,
            "roe": -17.48,
            "roe_4q": -48.12,
            "gross_profit": -26246,
            "gross_margin": -476.42,
            "gross_margin_4q_avg": -191.6,
            "net_income": -39792,
            "net_income_4q": null,
            "revenue": 5509,
            "revenue_4q": null,
            "common_shares": 300000,
            "book_valuer_per_share": 6.92,
            "book_valuer_per_share_4q_avg": 8.74,
            "equity": 207498,
            "current_ratio": 46.86,
            "debt_ratio": 65.75,
            "inventory_turnover_ratio": 4.1,
            "account_receivable_turnover_ratio": 3.05,
            "reinvestment_rate": null,
            "research_to_sale_ratio": 25.45,
            "price_fair": 0,
            "eps_avg_yearly": 0,
            "eps_latest_yearly": 0,
            "eps_growth_yearly": 0
        },
        "20202": {
            "year_quarter": 20202,
            "year": 2020,
            "quarter": 2,
            "eps": -1.41,
            "eps_growth_year": null,
            "eps_4q": -4.88,
            "eps_4q_growth_year": null,
            "roe": -22.7,
            "roe_4q": -63.17,
            "gross_profit": -28745,
            "gross_margin": -684.4,
            "gross_margin_4q_avg": -366.76,
            "net_income": -42221,
            "net_income_4q": null,
            "revenue": 4200,
            "revenue_4q": null,
            "common_shares": 300000,
            "book_valuer_per_share": 5.48,
            "book_valuer_per_share_4q_avg": 7.49,
            "equity": 164520,
            "current_ratio": 38.27,
            "debt_ratio": 71.73,
            "inventory_turnover_ratio": 4.14,
            "account_receivable_turnover_ratio": 2.01,
            "reinvestment_rate": null,
            "research_to_sale_ratio": 39.64,
            "price_fair": 0,
            "eps_avg_yearly": 0,
            "eps_latest_yearly": 0,
            "eps_growth_yearly": 0
        },
        "20203": {
            "year_quarter": 20203,
            "year": 2020,
            "quarter": 3,
            "eps": -2.4,
            "eps_growth_year": null,
            "eps_4q": -8.63,
            "eps_4q_growth_year": null,
            "roe": -30.36,
            "roe_4q": -82.03,
            "gross_profit": -26984,
            "gross_margin": -1028.35,
            "gross_margin_4q_avg": -620.08,
            "net_income": -43491,
            "net_income_4q": null,
            "revenue": 2624,
            "revenue_4q": null,
            "common_shares": 180000,
            "book_valuer_per_share": 6.79,
            "book_valuer_per_share_4q_avg": 6.86,
            "equity": 121984,
            "current_ratio": 33.5,
            "debt_ratio": 77.32,
            "inventory_turnover_ratio": 3.23,
            "account_receivable_turnover_ratio": 1.44,
            "reinvestment_rate": null,
            "research_to_sale_ratio": 420.81,
            "price_fair": 0,
            "eps_avg_yearly": 0,
            "eps_latest_yearly": 0,
            "eps_growth_yearly": 0
        },
        "20204": {
            "year_quarter": 20204,
            "year": 2020,
            "quarter": 4,
            "eps": -0.83,
            "eps_growth_year": null,
            "eps_4q": -7.43,
            "eps_4q_growth_year": null,
            "roe": -12.74,
            "roe_4q": -83.28,
            "gross_profit": -30521,
            "gross_margin": -540.67,
            "gross_margin_4q_avg": -682.46,
            "net_income": -16000,
            "net_income_4q": null,
            "revenue": 5645,
            "revenue_4q": null,
            "common_shares": 189670,
            "book_valuer_per_share": 6.83,
            "book_valuer_per_share_4q_avg": 6.51,
            "equity": 129127,
            "current_ratio": 58.57,
            "debt_ratio": 77.87,
            "inventory_turnover_ratio": 3.03,
            "account_receivable_turnover_ratio": 2.64,
            "reinvestment_rate": null,
            "research_to_sale_ratio": 110.66,
            "price_fair": 0,
            "eps_avg_yearly": 0,
            "eps_latest_yearly": 0,
            "eps_growth_yearly": 0
        },
        "20211": {
            "year_quarter": 20211,
            "year": 2021,
            "quarter": 1,
            "eps": -3.04,
            "eps_growth_year": null,
            "eps_4q": -7.4,
            "eps_4q_growth_year": null,
            "roe": -46.51,
            "roe_4q": -112.31,
            "gross_profit": -32169,
            "gross_margin": -606.28,
            "gross_margin_4q_avg": -714.93,
            "net_income": -58159,
            "net_income_4q": null,
            "revenue": 5306,
            "revenue_4q": null,
            "common_shares": 214930,
            "book_valuer_per_share": 5.63,
            "book_valuer_per_share_4q_avg": 6.18,
            "equity": 120983,
            "current_ratio": 34.63,
            "debt_ratio": 77.22,
            "inventory_turnover_ratio": 2.67,
            "account_receivable_turnover_ratio": 1.08,
            "reinvestment_rate": null,
            "research_to_sale_ratio": 206.43,
            "price_fair": 0,
            "eps_avg_yearly": 0,
            "eps_latest_yearly": 0,
            "eps_growth_yearly": 0
        },
        "20212": {
            "year_quarter": 20212,
            "year": 2021,
            "quarter": 2,
            "eps": -2.29,
            "eps_growth_year": null,
            "eps_4q": -6.45,
            "eps_4q_growth_year": null,
            "roe": -37.06,
            "roe_4q": -126.66999999999999,
            "gross_profit": -28378,
            "gross_margin": -825.9,
            "gross_margin_4q_avg": -750.3,
            "net_income": -57369,
            "net_income_4q": null,
            "revenue": 3436,
            "revenue_4q": null,
            "common_shares": 270250,
            "book_valuer_per_share": 6.98,
            "book_valuer_per_share_4q_avg": 6.56,
            "equity": 188637,
            "current_ratio": 40.97,
            "debt_ratio": 60.1,
            "inventory_turnover_ratio": 1.96,
            "account_receivable_turnover_ratio": 0.69,
            "reinvestment_rate": null,
            "research_to_sale_ratio": 393.95,
            "price_fair": 0,
            "eps_avg_yearly": 0,
            "eps_latest_yearly": 0,
            "eps_growth_yearly": 0
        },
        "20213": {
            "year_quarter": 20213,
            "year": 2021,
            "quarter": 3,
            "eps": -1.7,
            "eps_growth_year": null,
            "eps_4q": -5.74,
            "eps_4q_growth_year": null,
            "roe": -23.02,
            "roe_4q": -119.33,
            "gross_profit": -28066,
            "gross_margin": -470.83,
            "gross_margin_4q_avg": -610.92,
            "net_income": -47078,
            "net_income_4q": null,
            "revenue": 5961,
            "revenue_4q": null,
            "common_shares": 310250,
            "book_valuer_per_share": 7.11,
            "book_valuer_per_share_4q_avg": 6.64,
            "equity": 220439,
            "current_ratio": 67.43,
            "debt_ratio": 56.04,
            "inventory_turnover_ratio": 2.29,
            "account_receivable_turnover_ratio": 1.63,
            "reinvestment_rate": null,
            "research_to_sale_ratio": 30.05,
            "price_fair": 0,
            "eps_avg_yearly": 0,
            "eps_latest_yearly": 0,
            "eps_growth_yearly": 0
        },
        "20214": {
            "year_quarter": 20214,
            "year": 2021,
            "quarter": 4,
            "eps": -1.8,
            "eps_growth_year": null,
            "eps_4q": -6.57,
            "eps_4q_growth_year": null,
            "roe": -28.02,
            "roe_4q": -134.60999999999999,
            "gross_profit": -37137,
            "gross_margin": 2328.34,
            "gross_margin_4q_avg": 106.33,
            "net_income": -61120,
            "net_income_4q": null,
            "revenue": -1595,
            "revenue_4q": null,
            "common_shares": 340250,
            "book_valuer_per_share": 6.35,
            "book_valuer_per_share_4q_avg": 6.52,
            "equity": 215839,
            "current_ratio": 65.74,
            "debt_ratio": 53.51,
            "inventory_turnover_ratio": 2.5,
            "account_receivable_turnover_ratio": -0.66,
            "reinvestment_rate": null,
            "research_to_sale_ratio": -619,
            "price_fair": 0,
            "eps_avg_yearly": 0,
            "eps_latest_yearly": 0,
            "eps_growth_yearly": 0
        },
        "20221": {
            "year_quarter": 20221,
            "year": 2022,
            "quarter": 1,
            "eps": -1.33,
            "eps_growth_year": null,
            "eps_4q": -6.19,
            "eps_4q_growth_year": null,
            "roe": -23.26,
            "roe_4q": -111.36,
            "gross_profit": -18266,
            "gross_margin": -125.84,
            "gross_margin_4q_avg": 226.44,
            "net_income": -45112,
            "net_income_4q": null,
            "revenue": 14515,
            "revenue_4q": null,
            "common_shares": 340250,
            "book_valuer_per_share": 5.05,
            "book_valuer_per_share_4q_avg": 6.37,
            "equity": 172070,
            "current_ratio": 42.22,
            "debt_ratio": 59.87,
            "inventory_turnover_ratio": 1.86,
            "account_receivable_turnover_ratio": 5.22,
            "reinvestment_rate": null,
            "research_to_sale_ratio": 30.72,
            "price_fair": 0,
            "eps_avg_yearly": 0,
            "eps_latest_yearly": 0,
            "eps_growth_yearly": 0
        },
        "20222": {
            "year_quarter": 20222,
            "year": 2022,
            "quarter": 2,
            "eps": -1.21,
            "eps_growth_year": null,
            "eps_4q": -4.74,
            "eps_4q_growth_year": null,
            "roe": -21.99,
            "roe_4q": -96.28999999999999,
            "gross_profit": -25545,
            "gross_margin": -115,
            "gross_margin_4q_avg": 404.17,
            "net_income": -41010,
            "net_income_4q": null,
            "revenue": 22213,
            "revenue_4q": null,
            "common_shares": 340250,
            "book_valuer_per_share": 5.27,
            "book_valuer_per_share_4q_avg": 5.95,
            "equity": 200943,
            "current_ratio": 71.62,
            "debt_ratio": 57.24,
            "inventory_turnover_ratio": 2.52,
            "account_receivable_turnover_ratio": 2.45,
            "reinvestment_rate": null,
            "research_to_sale_ratio": 20.04,
            "price_fair": 0,
            "eps_avg_yearly": 0,
            "eps_latest_yearly": 0,
            "eps_growth_yearly": 0
        },
        "20223": {
            "year_quarter": 20223,
            "year": 2022,
            "quarter": 3,
            "eps": -1.26,
            "eps_growth_year": null,
            "eps_4q": -4.3,
            "eps_4q_growth_year": null,
            "roe": -22.02,
            "roe_4q": -95.28999999999999,
            "gross_profit": -21607,
            "gross_margin": -136.63,
            "gross_margin_4q_avg": 487.72,
            "net_income": -47811,
            "net_income_4q": null,
            "revenue": 15814,
            "revenue_4q": null,
            "common_shares": 380250,
            "book_valuer_per_share": 5.46,
            "book_valuer_per_share_4q_avg": 5.53,
            "equity": 233320,
            "current_ratio": 99.32,
            "debt_ratio": 53.36,
            "inventory_turnover_ratio": 2.11,
            "account_receivable_turnover_ratio": 1.6,
            "reinvestment_rate": null,
            "research_to_sale_ratio": 24.05,
            "price_fair": 0,
            "eps_avg_yearly": 0,
            "eps_latest_yearly": 0,
            "eps_growth_yearly": 0
        },
        "20224": {
            "year_quarter": 20224,
            "year": 2022,
            "quarter": 4,
            "eps": -0.75,
            "eps_growth_year": null,
            "eps_4q": -3.5,
            "eps_4q_growth_year": null,
            "roe": -14.02,
            "roe_4q": -81.29,
            "gross_profit": -9120,
            "gross_margin": -33.92,
            "gross_margin_4q_avg": -102.85,
            "net_income": -36989,
            "net_income_4q": null,
            "revenue": 26886,
            "revenue_4q": null,
            "common_shares": 485250,
            "book_valuer_per_share": 6.05,
            "book_valuer_per_share_4q_avg": 5.46,
            "equity": 294379,
            "current_ratio": 125.37,
            "debt_ratio": 46.72,
            "inventory_turnover_ratio": 2.93,
            "account_receivable_turnover_ratio": 2.37,
            "reinvestment_rate": null,
            "research_to_sale_ratio": 20.34,
            "price_fair": 0,
            "eps_avg_yearly": 0,
            "eps_latest_yearly": 0,
            "eps_growth_yearly": 0
        },
        "20231": {
            "year_quarter": 20231,
            "year": 2023,
            "quarter": 1,
            "eps": -0.75,
            "eps_growth_year": null,
            "eps_4q": -3.33,
            "eps_4q_growth_year": null,
            "roe": -13.12,
            "roe_4q": -71.14999999999999,
            "gross_profit": -13505,
            "gross_margin": -52.19,
            "gross_margin_4q_avg": -84.44,
            "net_income": -36260,
            "net_income_4q": null,
            "revenue": 25875,
            "revenue_4q": null,
            "common_shares": 485250,
            "book_valuer_per_share": 5.3,
            "book_valuer_per_share_4q_avg": 5.52,
            "equity": 258361,
            "current_ratio": 108.95,
            "debt_ratio": 50.73,
            "inventory_turnover_ratio": 2.95,
            "account_receivable_turnover_ratio": 1.3,
            "reinvestment_rate": null,
            "research_to_sale_ratio": 23.88,
            "price_fair": 0,
            "eps_avg_yearly": 0,
            "eps_latest_yearly": 0,
            "eps_growth_yearly": 0
        },
        "20232": {
            "year_quarter": 20232,
            "year": 2023,
            "quarter": 2,
            "eps": -1.12,
            "eps_growth_year": null,
            "eps_4q": -3.61,
            "eps_4q_growth_year": null,
            "roe": -21.1,
            "roe_4q": -70.25999999999999,
            "gross_profit": -14303,
            "gross_margin": -68.6,
            "gross_margin_4q_avg": -72.84,
            "net_income": -55395,
            "net_income_4q": null,
            "revenue": 20850,
            "revenue_4q": null,
            "common_shares": 485250,
            "book_valuer_per_share": 5.16,
            "book_valuer_per_share_4q_avg": 5.49,
            "equity": 266728,
            "current_ratio": 114.78,
            "debt_ratio": 54.3,
            "inventory_turnover_ratio": 1.43,
            "account_receivable_turnover_ratio": 1.03,
            "reinvestment_rate": null,
            "research_to_sale_ratio": 32.69,
            "price_fair": 0,
            "eps_avg_yearly": 0,
            "eps_latest_yearly": 0,
            "eps_growth_yearly": 0
        },
        "20233": {
            "year_quarter": 20233,
            "year": 2023,
            "quarter": 3,
            "eps": -1.21,
            "eps_growth_year": null,
            "eps_4q": -3.65,
            "eps_4q_growth_year": null,
            "roe": -23.39,
            "roe_4q": -71.63,
            "gross_profit": -21826,
            "gross_margin": -127.21,
            "gross_margin_4q_avg": -70.48,
            "net_income": -62912,
            "net_income_4q": null,
            "revenue": 17157,
            "revenue_4q": null,
            "common_shares": 510250,
            "book_valuer_per_share": 5.07,
            "book_valuer_per_share_4q_avg": 5.4,
            "equity": 271134,
            "current_ratio": 119.78,
            "debt_ratio": 57.55,
            "inventory_turnover_ratio": 1.36,
            "account_receivable_turnover_ratio": 1.11,
            "reinvestment_rate": null,
            "research_to_sale_ratio": 42.91,
            "price_fair": 0,
            "eps_avg_yearly": 0,
            "eps_latest_yearly": 0,
            "eps_growth_yearly": 0
        }
    },
    "months": {
        "2001-06": {
            "month": "2001-06",
            "price": "15.17",
            "revenue": 106000
        },
        "2001-07": {
            "month": "2001-07",
            "price": "11.11",
            "revenue": 100972
        },
        "2001-08": {
            "month": "2001-08",
            "price": "11.02",
            "revenue": 100602
        },
        "2001-09": {
            "month": "2001-09",
            "price": "9.21",
            "revenue": 142441
        },
        "2001-10": {
            "month": "2001-10",
            "price": "9.39",
            "revenue": 92271
        },
        "2001-11": {
            "month": "2001-11",
            "price": "10.74",
            "revenue": 107953
        },
        "2001-12": {
            "month": "2001-12",
            "price": "14.54",
            "revenue": 105287
        },
        "2002-01": {
            "month": "2002-01",
            "price": "23.11",
            "revenue": 116135
        },
        "2002-02": {
            "month": "2002-02",
            "price": "24.05",
            "revenue": 107138
        },
        "2002-03": {
            "month": "2002-03",
            "price": "25.30",
            "revenue": 193938
        },
        "2002-04": {
            "month": "2002-04",
            "price": "26.91",
            "revenue": 127468
        },
        "2002-05": {
            "month": "2002-05",
            "price": "18.97",
            "revenue": 126931
        },
        "2002-06": {
            "month": "2002-06",
            "price": "17.68",
            "revenue": 101047
        },
        "2002-07": {
            "month": "2002-07",
            "price": "14.72",
            "revenue": 90753
        },
        "2002-08": {
            "month": "2002-08",
            "price": "13.46",
            "revenue": 97626
        },
        "2002-09": {
            "month": "2002-09",
            "price": "10.95",
            "revenue": 108378
        },
        "2002-10": {
            "month": "2002-10",
            "price": "10.24",
            "revenue": 92745
        },
        "2002-11": {
            "month": "2002-11",
            "price": "11.06",
            "revenue": 106307
        },
        "2002-12": {
            "month": "2002-12",
            "price": "10.64",
            "revenue": 105192
        },
        "2003-01": {
            "month": "2003-01",
            "price": "11.49",
            "revenue": 120875
        },
        "2003-02": {
            "month": "2003-02",
            "price": "11.15",
            "revenue": 93371
        },
        "2003-03": {
            "month": "2003-03",
            "price": "11.00",
            "revenue": 171475
        },
        "2003-04": {
            "month": "2003-04",
            "price": "12.42",
            "revenue": 135463
        },
        "2003-05": {
            "month": "2003-05",
            "price": "10.33",
            "revenue": 141537
        },
        "2003-06": {
            "month": "2003-06",
            "price": "12.83",
            "revenue": 141040
        },
        "2003-07": {
            "month": "2003-07",
            "price": "15.22",
            "revenue": 130526
        },
        "2003-08": {
            "month": "2003-08",
            "price": "13.54",
            "revenue": 160356
        },
        "2003-09": {
            "month": "2003-09",
            "price": "12.13",
            "revenue": 200535
        },
        "2003-10": {
            "month": "2003-10",
            "price": "12.28",
            "revenue": 219433
        },
        "2003-11": {
            "month": "2003-11",
            "price": "14.43",
            "revenue": 240182
        },
        "2003-12": {
            "month": "2003-12",
            "price": "17.29",
            "revenue": 209648
        },
        "2004-01": {
            "month": "2004-01",
            "price": "18.21",
            "revenue": 141062
        },
        "2004-02": {
            "month": "2004-02",
            "price": "18.66",
            "revenue": 145638
        },
        "2004-03": {
            "month": "2004-03",
            "price": "16.71",
            "revenue": 149592
        },
        "2004-04": {
            "month": "2004-04",
            "price": "16.39",
            "revenue": 142416
        },
        "2004-05": {
            "month": "2004-05",
            "price": "12.95",
            "revenue": 166084
        },
        "2004-06": {
            "month": "2004-06",
            "price": "15.28",
            "revenue": 157243
        },
        "2004-07": {
            "month": "2004-07",
            "price": "13.60",
            "revenue": 146703
        },
        "2004-08": {
            "month": "2004-08",
            "price": "12.12",
            "revenue": 110658
        },
        "2004-09": {
            "month": "2004-09",
            "price": "10.55",
            "revenue": 155883
        },
        "2004-10": {
            "month": "2004-10",
            "price": "9.40",
            "revenue": 166591
        },
        "2004-11": {
            "month": "2004-11",
            "price": "9.79",
            "revenue": 168313
        },
        "2004-12": {
            "month": "2004-12",
            "price": "9.87",
            "revenue": 167281
        },
        "2005-01": {
            "month": "2005-01",
            "price": "8.70",
            "revenue": 128418
        },
        "2005-02": {
            "month": "2005-02",
            "price": "9.19",
            "revenue": 87223
        },
        "2005-03": {
            "month": "2005-03",
            "price": "9.55",
            "revenue": 90402
        },
        "2005-04": {
            "month": "2005-04",
            "price": "8.52",
            "revenue": 66511
        },
        "2005-05": {
            "month": "2005-05",
            "price": "7.07",
            "revenue": 93563
        },
        "2005-06": {
            "month": "2005-06",
            "price": "8.47",
            "revenue": 75501
        },
        "2005-07": {
            "month": "2005-07",
            "price": "8.37",
            "revenue": 66166
        },
        "2005-08": {
            "month": "2005-08",
            "price": "7.12",
            "revenue": 57412
        },
        "2005-09": {
            "month": "2005-09",
            "price": "5.94",
            "revenue": 93630
        },
        "2005-10": {
            "month": "2005-10",
            "price": "4.99",
            "revenue": 99306
        },
        "2005-11": {
            "month": "2005-11",
            "price": "4.91",
            "revenue": 200253
        },
        "2005-12": {
            "month": "2005-12",
            "price": "6.88",
            "revenue": 189377
        },
        "2006-01": {
            "month": "2006-01",
            "price": "7.38",
            "revenue": 70352
        },
        "2006-02": {
            "month": "2006-02",
            "price": "6.32",
            "revenue": 67963
        },
        "2006-03": {
            "month": "2006-03",
            "price": "5.23",
            "revenue": 104002
        },
        "2006-04": {
            "month": "2006-04",
            "price": "5.52",
            "revenue": 96037
        },
        "2006-05": {
            "month": "2006-05",
            "price": "6.15",
            "revenue": 92837
        },
        "2006-06": {
            "month": "2006-06",
            "price": "5.64",
            "revenue": 81197
        },
        "2006-07": {
            "month": "2006-07",
            "price": "5.33",
            "revenue": 54838
        },
        "2006-08": {
            "month": "2006-08",
            "price": "4.70",
            "revenue": 60894
        },
        "2006-09": {
            "month": "2006-09",
            "price": "4.12",
            "revenue": 66910
        },
        "2006-10": {
            "month": "2006-10",
            "price": "4.26",
            "revenue": 90024
        },
        "2006-11": {
            "month": "2006-11",
            "price": "4.94",
            "revenue": 109755
        },
        "2006-12": {
            "month": "2006-12",
            "price": "6.58",
            "revenue": 51446
        },
        "2007-01": {
            "month": "2007-01",
            "price": "6.71",
            "revenue": 109479
        },
        "2007-02": {
            "month": "2007-02",
            "price": "6.09",
            "revenue": 23281
        },
        "2007-03": {
            "month": "2007-03",
            "price": "7.96",
            "revenue": 18931
        },
        "2007-04": {
            "month": "2007-04",
            "price": "8.99",
            "revenue": 8876
        },
        "2007-05": {
            "month": "2007-05",
            "price": "7.76",
            "revenue": 9130
        },
        "2007-06": {
            "month": "2007-06",
            "price": "8.16",
            "revenue": 7949
        },
        "2007-07": {
            "month": "2007-07",
            "price": "8.48",
            "revenue": 1712
        },
        "2007-08": {
            "month": "2007-08",
            "price": "6.95",
            "revenue": 3156
        },
        "2007-09": {
            "month": "2007-09",
            "price": "6.46",
            "revenue": 4461
        },
        "2007-10": {
            "month": "2007-10",
            "price": "6.17",
            "revenue": 5197
        },
        "2007-11": {
            "month": "2007-11",
            "price": "4.51",
            "revenue": 2126
        },
        "2007-12": {
            "month": "2007-12",
            "price": "4.41",
            "revenue": 1678
        },
        "2008-01": {
            "month": "2008-01",
            "price": "4.26",
            "revenue": 1341
        },
        "2008-02": {
            "month": "2008-02",
            "price": "4.00",
            "revenue": 861
        },
        "2008-03": {
            "month": "2008-03",
            "price": "4.32",
            "revenue": 1650
        },
        "2008-04": {
            "month": "2008-04",
            "price": "4.19",
            "revenue": 1589
        },
        "2008-05": {
            "month": "2008-05",
            "price": "4.34",
            "revenue": 1699
        },
        "2008-06": {
            "month": "2008-06",
            "price": "4.17",
            "revenue": 1084
        },
        "2008-07": {
            "month": "2008-07",
            "price": "3.87",
            "revenue": 916
        },
        "2008-08": {
            "month": "2008-08",
            "price": "3.86",
            "revenue": 4372
        },
        "2008-09": {
            "month": "2008-09",
            "price": "6.28",
            "revenue": 2746
        },
        "2008-10": {
            "month": "2008-10",
            "price": "7.54",
            "revenue": 2408
        },
        "2008-11": {
            "month": "2008-11",
            "price": "7.90",
            "revenue": 4262
        },
        "2008-12": {
            "month": "2008-12",
            "price": "9.03",
            "revenue": 18729
        },
        "2009-01": {
            "month": "2009-01",
            "price": "9.32",
            "revenue": 13341
        },
        "2009-02": {
            "month": "2009-02",
            "price": "8.82",
            "revenue": 1234
        },
        "2009-03": {
            "month": "2009-03",
            "price": "8.44",
            "revenue": 20703
        },
        "2009-04": {
            "month": "2009-04",
            "price": "10.14",
            "revenue": 802
        },
        "2009-05": {
            "month": "2009-05",
            "price": "10.28",
            "revenue": 1342
        },
        "2009-06": {
            "month": "2009-06",
            "price": "9.37",
            "revenue": 3370
        },
        "2009-07": {
            "month": "2009-07",
            "price": "10.82",
            "revenue": 2397
        },
        "2009-08": {
            "month": "2009-08",
            "price": "10.76",
            "revenue": 3560
        },
        "2009-09": {
            "month": "2009-09",
            "price": "10.70",
            "revenue": 7209
        },
        "2009-10": {
            "month": "2009-10",
            "price": "11.10",
            "revenue": 9121
        },
        "2009-11": {
            "month": "2009-11",
            "price": "10.98",
            "revenue": 1619
        },
        "2009-12": {
            "month": "2009-12",
            "price": "11.66",
            "revenue": 5436
        },
        "2010-01": {
            "month": "2010-01",
            "price": "14.87",
            "revenue": 4466
        },
        "2010-02": {
            "month": "2010-02",
            "price": "12.22",
            "revenue": 3843
        },
        "2010-03": {
            "month": "2010-03",
            "price": "13.45",
            "revenue": 17572
        },
        "2010-04": {
            "month": "2010-04",
            "price": "15.14",
            "revenue": 5266
        },
        "2010-05": {
            "month": "2010-05",
            "price": "13.28",
            "revenue": 4599
        },
        "2010-06": {
            "month": "2010-06",
            "price": "14.10",
            "revenue": 23915
        },
        "2010-07": {
            "month": "2010-07",
            "price": "15.63",
            "revenue": 15973
        },
        "2010-08": {
            "month": "2010-08",
            "price": "20.62",
            "revenue": 41057
        },
        "2010-09": {
            "month": "2010-09",
            "price": "20.76",
            "revenue": 9854
        },
        "2010-10": {
            "month": "2010-10",
            "price": "18.91",
            "revenue": 7674
        },
        "2010-11": {
            "month": "2010-11",
            "price": "18.20",
            "revenue": 10852
        },
        "2010-12": {
            "month": "2010-12",
            "price": "17.38",
            "revenue": 15074
        },
        "2011-01": {
            "month": "2011-01",
            "price": "14.76",
            "revenue": 17776
        },
        "2011-02": {
            "month": "2011-02",
            "price": "13.86",
            "revenue": 25417
        },
        "2011-03": {
            "month": "2011-03",
            "price": "14.61",
            "revenue": 13142
        },
        "2011-04": {
            "month": "2011-04",
            "price": "19.00",
            "revenue": 15942
        },
        "2011-05": {
            "month": "2011-05",
            "price": "18.38",
            "revenue": 4532
        },
        "2011-06": {
            "month": "2011-06",
            "price": "17.83",
            "revenue": 5680
        },
        "2011-07": {
            "month": "2011-07",
            "price": "16.31",
            "revenue": 4090
        },
        "2011-08": {
            "month": "2011-08",
            "price": "14.31",
            "revenue": 2795
        },
        "2011-09": {
            "month": "2011-09",
            "price": "13.36",
            "revenue": 16349
        },
        "2011-10": {
            "month": "2011-10",
            "price": "14.10",
            "revenue": 11067
        },
        "2011-11": {
            "month": "2011-11",
            "price": "16.78",
            "revenue": 6775
        },
        "2011-12": {
            "month": "2011-12",
            "price": "16.38",
            "revenue": 5831
        },
        "2012-01": {
            "month": "2012-01",
            "price": "15.82",
            "revenue": 10623
        },
        "2012-02": {
            "month": "2012-02",
            "price": "16.49",
            "revenue": 11234
        },
        "2012-03": {
            "month": "2012-03",
            "price": "17.92",
            "revenue": 7091
        },
        "2012-04": {
            "month": "2012-04",
            "price": "16.63",
            "revenue": 1159
        },
        "2012-05": {
            "month": "2012-05",
            "price": "15.23",
            "revenue": 12007
        },
        "2012-06": {
            "month": "2012-06",
            "price": "14.82",
            "revenue": 1165
        },
        "2012-07": {
            "month": "2012-07",
            "price": "14.64",
            "revenue": 17212
        },
        "2012-08": {
            "month": "2012-08",
            "price": "14.12",
            "revenue": 3501
        },
        "2012-09": {
            "month": "2012-09",
            "price": "17.81",
            "revenue": 8174
        },
        "2012-10": {
            "month": "2012-10",
            "price": "23.39",
            "revenue": 1007
        },
        "2012-11": {
            "month": "2012-11",
            "price": "23.04",
            "revenue": 933
        },
        "2012-12": {
            "month": "2012-12",
            "price": "25.78",
            "revenue": 1119
        },
        "2013-01": {
            "month": "2013-01",
            "price": "27.58",
            "revenue": 2804
        },
        "2013-02": {
            "month": "2013-02",
            "price": "27.37",
            "revenue": 14350
        },
        "2013-03": {
            "month": "2013-03",
            "price": "26.27",
            "revenue": 1962
        },
        "2013-04": {
            "month": "2013-04",
            "price": "26.51",
            "revenue": 31266
        },
        "2013-05": {
            "month": "2013-05",
            "price": "27.55",
            "revenue": 36948
        },
        "2013-06": {
            "month": "2013-06",
            "price": "31.25",
            "revenue": 37047
        },
        "2013-07": {
            "month": "2013-07",
            "price": "30.45",
            "revenue": 23929
        },
        "2013-08": {
            "month": "2013-08",
            "price": "31.56",
            "revenue": 2002
        },
        "2013-09": {
            "month": "2013-09",
            "price": "35.58",
            "revenue": 1972
        },
        "2013-10": {
            "month": "2013-10",
            "price": "39.52",
            "revenue": 97161
        },
        "2013-11": {
            "month": "2013-11",
            "price": "41.42",
            "revenue": 3471
        },
        "2013-12": {
            "month": "2013-12",
            "price": "41.10",
            "revenue": 201837
        },
        "2014-01": {
            "month": "2014-01",
            "price": "42.25",
            "revenue": 1947
        },
        "2014-02": {
            "month": "2014-02",
            "price": "44.20",
            "revenue": 1474
        },
        "2014-03": {
            "month": "2014-03",
            "price": "41.34",
            "revenue": 7722
        },
        "2014-04": {
            "month": "2014-04",
            "price": "42.06",
            "revenue": 1448
        },
        "2014-05": {
            "month": "2014-05",
            "price": "39.61",
            "revenue": 31148
        },
        "2014-06": {
            "month": "2014-06",
            "price": "39.46",
            "revenue": 1363
        },
        "2014-07": {
            "month": "2014-07",
            "price": "37.99",
            "revenue": 1401
        },
        "2014-08": {
            "month": "2014-08",
            "price": "38.26",
            "revenue": 1381
        },
        "2014-09": {
            "month": "2014-09",
            "price": "38.95",
            "revenue": 1459
        },
        "2014-10": {
            "month": "2014-10",
            "price": "38.70",
            "revenue": 27
        },
        "2014-11": {
            "month": "2014-11",
            "price": "40.05",
            "revenue": 1793
        },
        "2014-12": {
            "month": "2014-12",
            "price": "42.23",
            "revenue": 231
        },
        "2015-01": {
            "month": "2015-01",
            "price": "41.02",
            "revenue": 865
        },
        "2015-02": {
            "month": "2015-02",
            "price": "39.69",
            "revenue": 26
        },
        "2015-03": {
            "month": "2015-03",
            "price": "39.44",
            "revenue": 643
        },
        "2015-04": {
            "month": "2015-04",
            "price": "38.53",
            "revenue": 18
        },
        "2015-05": {
            "month": "2015-05",
            "price": "37.89",
            "revenue": 373
        },
        "2015-06": {
            "month": "2015-06",
            "price": "34.63",
            "revenue": 31
        },
        "2015-07": {
            "month": "2015-07",
            "price": "33.20",
            "revenue": 191
        },
        "2015-08": {
            "month": "2015-08",
            "price": "29.55",
            "revenue": 195
        },
        "2015-09": {
            "month": "2015-09",
            "price": "31.19",
            "revenue": 161
        },
        "2015-10": {
            "month": "2015-10",
            "price": "31.49",
            "revenue": 74
        },
        "2015-11": {
            "month": "2015-11",
            "price": "31.42",
            "revenue": 12
        },
        "2015-12": {
            "month": "2015-12",
            "price": "30.30",
            "revenue": 1905
        },
        "2016-01": {
            "month": "2016-01",
            "price": "30.28",
            "revenue": 31
        },
        "2016-02": {
            "month": "2016-02",
            "price": "29.25",
            "revenue": 9
        },
        "2016-03": {
            "month": "2016-03",
            "price": "28.62",
            "revenue": 1503
        },
        "2016-04": {
            "month": "2016-04",
            "price": "29.06",
            "revenue": 14
        },
        "2016-05": {
            "month": "2016-05",
            "price": "29.69",
            "revenue": 137
        },
        "2016-06": {
            "month": "2016-06",
            "price": "27.63",
            "revenue": 549
        },
        "2016-07": {
            "month": "2016-07",
            "price": "24.64",
            "revenue": 9
        },
        "2016-08": {
            "month": "2016-08",
            "price": "22.78",
            "revenue": 13
        },
        "2016-09": {
            "month": "2016-09",
            "price": "23.84",
            "revenue": 31
        },
        "2016-10": {
            "month": "2016-10",
            "price": "22.82",
            "revenue": 368
        },
        "2016-11": {
            "month": "2016-11",
            "price": "20.24",
            "revenue": 16
        },
        "2016-12": {
            "month": "2016-12",
            "price": "21.62",
            "revenue": 142
        },
        "2017-01": {
            "month": "2017-01",
            "price": "22.62",
            "revenue": 1253
        },
        "2017-02": {
            "month": "2017-02",
            "price": "24.60",
            "revenue": 14
        },
        "2017-03": {
            "month": "2017-03",
            "price": "28.14",
            "revenue": 18
        },
        "2017-04": {
            "month": "2017-04",
            "price": "32.48",
            "revenue": 2269
        },
        "2017-05": {
            "month": "2017-05",
            "price": "34.19",
            "revenue": 1040
        },
        "2017-06": {
            "month": "2017-06",
            "price": "31.47",
            "revenue": 245
        },
        "2017-07": {
            "month": "2017-07",
            "price": "28.62",
            "revenue": 7640
        },
        "2017-08": {
            "month": "2017-08",
            "price": "28.56",
            "revenue": 9577
        },
        "2017-09": {
            "month": "2017-09",
            "price": "27.26",
            "revenue": 599
        },
        "2017-10": {
            "month": "2017-10",
            "price": "28.07",
            "revenue": 274
        },
        "2017-11": {
            "month": "2017-11",
            "price": "26.79",
            "revenue": 1088
        },
        "2017-12": {
            "month": "2017-12",
            "price": "31.18",
            "revenue": 388
        },
        "2018-01": {
            "month": "2018-01",
            "price": "35.30",
            "revenue": 954
        },
        "2018-02": {
            "month": "2018-02",
            "price": "33.31",
            "revenue": 8
        },
        "2018-03": {
            "month": "2018-03",
            "price": "26.14",
            "revenue": 4
        },
        "2018-04": {
            "month": "2018-04",
            "price": "23.86",
            "revenue": 814
        },
        "2018-05": {
            "month": "2018-05",
            "price": "23.03",
            "revenue": 5
        },
        "2018-06": {
            "month": "2018-06",
            "price": "38.01",
            "revenue": 4
        },
        "2018-07": {
            "month": "2018-07",
            "price": "35.19",
            "revenue": 190
        },
        "2018-08": {
            "month": "2018-08",
            "price": "31.24",
            "revenue": 41
        },
        "2018-09": {
            "month": "2018-09",
            "price": "29.90",
            "revenue": 6
        },
        "2018-10": {
            "month": "2018-10",
            "price": "28.06",
            "revenue": 311
        },
        "2018-11": {
            "month": "2018-11",
            "price": "31.59",
            "revenue": 25
        },
        "2018-12": {
            "month": "2018-12",
            "price": "37.87",
            "revenue": 3
        },
        "2019-01": {
            "month": "2019-01",
            "price": "36.03",
            "revenue": 402
        },
        "2019-02": {
            "month": "2019-02",
            "price": "31.22",
            "revenue": 3
        },
        "2019-03": {
            "month": "2019-03",
            "price": "29.67",
            "revenue": 3
        },
        "2019-04": {
            "month": "2019-04",
            "price": "30.16",
            "revenue": 194
        },
        "2019-05": {
            "month": "2019-05",
            "price": "30.46",
            "revenue": 10
        },
        "2019-06": {
            "month": "2019-06",
            "price": "29.85",
            "revenue": 11342
        },
        "2019-07": {
            "month": "2019-07",
            "price": "30.73",
            "revenue": 2414
        },
        "2019-08": {
            "month": "2019-08",
            "price": "30.43",
            "revenue": 1257
        },
        "2019-09": {
            "month": "2019-09",
            "price": "29.41",
            "revenue": 291
        },
        "2019-10": {
            "month": "2019-10",
            "price": "28.95",
            "revenue": 2368
        },
        "2019-11": {
            "month": "2019-11",
            "price": "27.98",
            "revenue": 1351
        },
        "2019-12": {
            "month": "2019-12",
            "price": "28.34",
            "revenue": 2817
        },
        "2020-01": {
            "month": "2020-01",
            "price": "28.95",
            "revenue": 1824
        },
        "2020-02": {
            "month": "2020-02",
            "price": "29.78",
            "revenue": 1136
        },
        "2020-03": {
            "month": "2020-03",
            "price": "23.21",
            "revenue": 2956
        },
        "2020-04": {
            "month": "2020-04",
            "price": "20.04",
            "revenue": 745
        },
        "2020-05": {
            "month": "2020-05",
            "price": "18.03",
            "revenue": 1793
        },
        "2020-06": {
            "month": "2020-06",
            "price": "20.88",
            "revenue": 1662
        },
        "2020-07": {
            "month": "2020-07",
            "price": "19.18",
            "revenue": 1211
        },
        "2020-08": {
            "month": "2020-08",
            "price": "16.88",
            "revenue": 672
        },
        "2020-09": {
            "month": "2020-09",
            "price": "15.23",
            "revenue": 740
        },
        "2020-10": {
            "month": "2020-10",
            "price": "18.49",
            "revenue": 860
        },
        "2020-11": {
            "month": "2020-11",
            "price": "20.30",
            "revenue": 2763
        },
        "2020-12": {
            "month": "2020-12",
            "price": "24.68",
            "revenue": 2023
        },
        "2021-01": {
            "month": "2021-01",
            "price": "26.55",
            "revenue": 2225
        },
        "2021-02": {
            "month": "2021-02",
            "price": "24.74",
            "revenue": 1058
        },
        "2021-03": {
            "month": "2021-03",
            "price": "25.65",
            "revenue": 2023
        },
        "2021-04": {
            "month": "2021-04",
            "price": "28.43",
            "revenue": 1147
        },
        "2021-05": {
            "month": "2021-05",
            "price": "25.70",
            "revenue": 1234
        },
        "2021-06": {
            "month": "2021-06",
            "price": "26.01",
            "revenue": 1055
        },
        "2021-07": {
            "month": "2021-07",
            "price": "22.91",
            "revenue": 1701
        },
        "2021-08": {
            "month": "2021-08",
            "price": "23.14",
            "revenue": 2504
        },
        "2021-09": {
            "month": "2021-09",
            "price": "24.14",
            "revenue": 1848
        },
        "2021-10": {
            "month": "2021-10",
            "price": "23.72",
            "revenue": 1163
        },
        "2021-11": {
            "month": "2021-11",
            "price": "22.57",
            "revenue": 2061
        },
        "2021-12": {
            "month": "2021-12",
            "price": "21.22",
            "revenue": -4725
        },
        "2022-01": {
            "month": "2022-01",
            "price": "19.71",
            "revenue": 1544
        },
        "2022-02": {
            "month": "2022-02",
            "price": "18.94",
            "revenue": 1249
        },
        "2022-03": {
            "month": "2022-03",
            "price": "19.44",
            "revenue": 11688
        },
        "2022-04": {
            "month": "2022-04",
            "price": "21.61",
            "revenue": 9264
        },
        "2022-05": {
            "month": "2022-05",
            "price": "22.29",
            "revenue": 11838
        },
        "2022-06": {
            "month": "2022-06",
            "price": "21.09",
            "revenue": 1030
        },
        "2022-07": {
            "month": "2022-07",
            "price": "21.14",
            "revenue": 7629
        },
        "2022-08": {
            "month": "2022-08",
            "price": "19.64",
            "revenue": 2429
        },
        "2022-09": {
            "month": "2022-09",
            "price": "20.16",
            "revenue": 5576
        },
        "2022-10": {
            "month": "2022-10",
            "price": "19.58",
            "revenue": 1546
        },
        "2022-11": {
            "month": "2022-11",
            "price": "19.97",
            "revenue": 9895
        },
        "2022-12": {
            "month": "2022-12",
            "price": "20.79",
            "revenue": 15403
        },
        "2023-01": {
            "month": "2023-01",
            "price": "20.17",
            "revenue": 3825
        },
        "2023-02": {
            "month": "2023-02",
            "price": "20.78",
            "revenue": 4478
        },
        "2023-03": {
            "month": "2023-03",
            "price": "22.58",
            "revenue": 17555
        },
        "2023-04": {
            "month": "2023-04",
            "price": "22.38",
            "revenue": 5071
        },
        "2023-05": {
            "month": "2023-05",
            "price": "31.38",
            "revenue": 4467
        },
        "2023-06": {
            "month": "2023-06",
            "price": "39.17",
            "revenue": 10910
        },
        "2023-07": {
            "month": "2023-07",
            "price": "48.81",
            "revenue": 4244
        },
        "2023-08": {
            "month": "2023-08",
            "price": "37.75",
            "revenue": 4059
        },
        "2023-09": {
            "month": "2023-09",
            "price": "33.16",
            "revenue": 8267
        },
        "2023-10": {
            "month": "2023-10",
            "price": "30.23",
            "revenue": 3827
        },
        "2023-11": {
            "month": "2023-11",
            "price": "32.12",
            "revenue": 6792
        }
    }
}
