{
    "summary": {
        "stock_name": "承啟",
        "stock_id": "2425",
        "category": "電腦及週邊設備",
        "main_business": "一<br>電腦零組件、週邊設備製造加工及買賣",
        "website_url": "http://www.chaintech.com.tw",
        "ceo": "高樹榮",
        "pe_ratio": 19,
        "report_year_from": 2001,
        "report_year_to": 2023,
        "age": 22,
        "eps_negative_percentage": 39,
        "eps_growth_avg": {
            "last_all": -28.66,
            "last_2y": 42.64,
            "last_4y": 17.96,
            "last_8y": -17.98,
            "last_12y": -14.39,
            "last_16y": -22.17,
            "last_20y": -28.66,
            "at_2006_last_3y": null,
            "at_2007_last_3y": -100,
            "at_2008_last_3y": -100,
            "at_2009_last_3y": -100,
            "at_2010_last_3y": -100,
            "at_2011_last_3y": -100,
            "at_2012_last_3y": -100,
            "at_2013_last_3y": 0,
            "at_2014_last_3y": 35.56,
            "at_2015_last_3y": 11.43,
            "at_2016_last_3y": -3.93,
            "at_2017_last_3y": -53.93,
            "at_2018_last_3y": -62.28,
            "at_2019_last_3y": -68.69,
            "at_2020_last_3y": -37.42,
            "at_2021_last_3y": -9.38,
            "at_2022_last_3y": 17.96,
            "at_2023_last_3y": 17.96,
            "at_2006_last_all": -100,
            "at_2007_last_all": -100,
            "at_2008_last_all": -100,
            "at_2009_last_all": -100,
            "at_2010_last_all": -100,
            "at_2011_last_all": -100,
            "at_2012_last_all": -100,
            "at_2013_last_all": -50,
            "at_2014_last_all": -45.78,
            "at_2015_last_all": -44.29,
            "at_2016_last_all": -45.1,
            "at_2017_last_all": -51.96,
            "at_2018_last_all": -51.96,
            "at_2019_last_all": -52.42,
            "at_2020_last_all": -42.8,
            "at_2021_last_all": -40.35,
            "at_2022_last_all": -28.66,
            "at_2023_last_all": -28.66
        },
        "latest_eps": 2.54,
        "latest_price": 47.5,
        "latest_roe": 13.22,
        "latest_gross_margin": 10.54,
        "latest_equity": 2347301,
        "latest_revenue": 1478081,
        "latest_gross_profit": 155795,
        "latest_net_income": 76778,
        "latest_debt_ratio": 38.78,
        "latest_current_ratio": 229.34,
        "latest_account_receivable_turnover_ratio": 1.31,
        "latest_inventory_turnover_ratio": 1.95,
        "latest_reinvestment_rate": -7.45,
        "latest_research_to_sale_ratio": 1.53
    },
    "eps_dividends": {
        "1996": {
            "cash": 0,
            "stock": 1,
            "eps": 0
        },
        "1997": {
            "cash": 0,
            "stock": 2,
            "eps": 0
        },
        "1998": {
            "cash": 0,
            "stock": 2,
            "eps": 0
        },
        "2001": {
            "cash": 0.2,
            "stock": 1,
            "eps": 1.62
        },
        "2002": {
            "cash": 0.2,
            "stock": 1.3,
            "eps": -2.18
        },
        "2003": {
            "cash": 0,
            "stock": 0,
            "eps": -0.58
        },
        "2004": {
            "cash": 0,
            "stock": 0,
            "eps": -3.62
        },
        "2005": {
            "cash": 0,
            "stock": 0,
            "eps": -1.43
        },
        "2006": {
            "cash": 0,
            "stock": 0,
            "eps": 0.56
        },
        "2007": {
            "cash": 0,
            "stock": 0,
            "eps": -2.41
        },
        "2008": {
            "cash": 0,
            "stock": 0,
            "eps": -1.91
        },
        "2009": {
            "cash": 0,
            "stock": 0,
            "eps": 1.3
        },
        "2010": {
            "cash": 0,
            "stock": 0,
            "eps": -2.28
        },
        "2011": {
            "cash": 0,
            "stock": 0,
            "eps": -1.83
        },
        "2012": {
            "cash": 0,
            "stock": 0,
            "eps": 0.8
        },
        "2013": {
            "cash": 0.5,
            "stock": 0.1,
            "eps": 3.74
        },
        "2014": {
            "cash": 0.3,
            "stock": 1.56,
            "eps": 2.66
        },
        "2015": {
            "cash": 0.36,
            "stock": 0,
            "eps": 1.68
        },
        "2016": {
            "cash": 0.3,
            "stock": 0,
            "eps": 0.84
        },
        "2017": {
            "cash": 0.15,
            "stock": 0,
            "eps": -0.52
        },
        "2018": {
            "cash": 0,
            "stock": 0,
            "eps": 2.39
        },
        "2019": {
            "cash": 1.5,
            "stock": 0,
            "eps": 1.05
        },
        "2020": {
            "cash": 0.3,
            "stock": 0,
            "eps": 1.51
        },
        "2021": {
            "cash": 0.5,
            "stock": 0,
            "eps": 1.27
        },
        "2022": {
            "cash": 0.6,
            "stock": 0,
            "eps": 3.32
        },
        "2023": {
            "cash": 0.8,
            "stock": 0,
            "eps": 0.98
        }
    },
    "dividends": {
        "1996-09-21": {
            "cash": 0,
            "stock": 1
        },
        "1997-04-12": {
            "cash": 0,
            "stock": 2
        },
        "1998-04-11": {
            "cash": 0,
            "stock": 2
        },
        "2001-05-03": {
            "cash": 0.2,
            "stock": 1
        },
        "2002-05-02": {
            "cash": 0.2,
            "stock": 1.3
        },
        "2013-05-09": {
            "cash": 0.5,
            "stock": 0.1
        },
        "2014-09-30": {
            "cash": 0.3,
            "stock": 1.56
        },
        "2015-09-30": {
            "cash": 0.36,
            "stock": 0
        },
        "2016-09-26": {
            "cash": 0.3,
            "stock": 0
        },
        "2017-07-28": {
            "cash": 0.15,
            "stock": 0
        },
        "2019-07-31": {
            "cash": 1.5,
            "stock": 0
        },
        "2020-07-31": {
            "cash": 0.3,
            "stock": 0
        },
        "2021-09-10": {
            "cash": 0.5,
            "stock": 0
        },
        "2022-08-01": {
            "cash": 0.6,
            "stock": 0
        },
        "2023-07-31": {
            "cash": 0.8,
            "stock": 0
        }
    },
    "prices": {
        "200101": "11.92",
        "200102": "17.86",
        "200103": "22.52",
        "200104": "26.85",
        "200105": "24.38",
        "200106": "24.28",
        "200107": "21.46",
        "200108": "19.63",
        "200109": "15.54",
        "200110": "11.80",
        "200111": "14.67",
        "200112": "18.48",
        "200201": "29.77",
        "200202": "31.88",
        "200203": "29.89",
        "200204": "26.63",
        "200205": "20.61",
        "200206": "18.17",
        "200207": "14.75",
        "200208": "13.51",
        "200209": "13.20",
        "200210": "11.98",
        "200211": "11.87",
        "200212": "10.42",
        "200301": "10.03",
        "200302": "9.55",
        "200303": "8.82",
        "200304": "8.80",
        "200305": "8.57",
        "200306": "11.47",
        "200307": "12.10",
        "200308": "10.11",
        "200309": "9.48",
        "200310": "9.67",
        "200311": "9.77",
        "200312": "9.56",
        "200401": "9.72",
        "200402": "10.89",
        "200403": "10.36",
        "200404": "10.56",
        "200405": "8.88",
        "200406": "7.79",
        "200407": "5.81",
        "200408": "5.53",
        "200409": "4.99",
        "200410": "4.83",
        "200411": "5.52",
        "200412": "5.22",
        "200501": "4.34",
        "200502": "4.22",
        "200503": "4.52",
        "200504": "4.09",
        "200505": "4.13",
        "200506": "5.65",
        "200507": "6.58",
        "200508": "5.15",
        "200509": "4.74",
        "200510": "4.19",
        "200511": "4.01",
        "200512": "4.19",
        "200601": "4.50",
        "200602": "4.20",
        "200603": "4.14",
        "200604": "6.92",
        "200605": "7.82",
        "200606": "8.78",
        "200607": "8.05",
        "200608": "8.58",
        "200609": "9.09",
        "200610": "12.61",
        "200611": "22.83",
        "200612": "25.99",
        "200701": "20.36",
        "200702": "17.97",
        "200703": "19.84",
        "200704": "20.44",
        "200705": "17.43",
        "200706": "17.99",
        "200707": "19.01",
        "200708": "15.48",
        "200709": "12.32",
        "200710": "10.74",
        "200711": "8.22",
        "200712": "6.99",
        "200801": "6.16",
        "200802": "5.77",
        "200803": "7.30",
        "200804": "7.19",
        "200805": "6.66",
        "200806": "5.51",
        "200807": "4.29",
        "200808": "3.94",
        "200809": "2.84",
        "200810": "2.26",
        "200811": "2.37",
        "200812": "2.99",
        "200901": "2.87",
        "200902": "3.02",
        "200903": "5.35",
        "200904": "6.13",
        "200905": "5.89",
        "200906": "5.87",
        "200907": "7.17",
        "200908": "9.13",
        "200909": "12.48",
        "200910": "14.82",
        "200911": "16.11",
        "200912": "17.73",
        "201001": "22.59",
        "201002": "18.65",
        "201003": "20.96",
        "201004": "20.79",
        "201005": "16.74",
        "201006": "16.83",
        "201007": "15.71",
        "201008": "15.30",
        "201009": "13.87",
        "201010": "11.82",
        "201011": "10.43",
        "201012": "11.17",
        "201101": "10.85",
        "201102": "11.28",
        "201103": "10.25",
        "201104": "9.75",
        "201105": "7.70",
        "201106": "7.25",
        "201107": "6.59",
        "201108": "7.07",
        "201109": "6.85",
        "201110": "5.89",
        "201111": "7.96",
        "201112": "10.83",
        "201201": "15.54",
        "201202": "18.98",
        "201203": "28.23",
        "201204": "26.47",
        "201205": "26.27",
        "201206": "33.14",
        "201207": "37.92",
        "201208": "38.20",
        "201209": "35.94",
        "201210": "44.79",
        "201211": "46.92",
        "201212": "44.43",
        "201301": "41.11",
        "201302": "42.87",
        "201303": "46.17",
        "201304": "45.06",
        "201305": "43.87",
        "201306": "43.44",
        "201307": "42.11",
        "201308": "42.20",
        "201309": "45.86",
        "201310": "41.60",
        "201311": "44.40",
        "201312": "44.70",
        "201401": "44.82",
        "201402": "45.93",
        "201403": "44.79",
        "201404": "52.78",
        "201405": "41.24",
        "201406": "40.62",
        "201407": "40.15",
        "201408": "32.91",
        "201409": "29.46",
        "201410": "29.72",
        "201411": "29.27",
        "201412": "28.51",
        "201501": "28.33",
        "201502": "28.74",
        "201503": "28.96",
        "201504": "29.94",
        "201505": "24.66",
        "201506": "24.09",
        "201507": "21.30",
        "201508": "12.66",
        "201509": "14.94",
        "201510": "15.16",
        "201511": "18.62",
        "201512": "21.00",
        "201601": "20.26",
        "201602": "22.20",
        "201603": "20.36",
        "201604": "18.61",
        "201605": "18.94",
        "201606": "19.15",
        "201607": "21.82",
        "201608": "23.10",
        "201609": "24.51",
        "201610": "21.66",
        "201611": "20.50",
        "201612": "20.94",
        "201701": "19.98",
        "201702": "19.81",
        "201703": "19.22",
        "201704": "18.47",
        "201705": "17.42",
        "201706": "17.22",
        "201707": "17.24",
        "201708": "17.21",
        "201709": "17.12",
        "201710": "16.97",
        "201711": "16.15",
        "201712": "15.17",
        "201801": "16.99",
        "201802": "23.78",
        "201803": "32.15",
        "201804": "27.11",
        "201805": "30.22",
        "201806": "30.87",
        "201807": "30.93",
        "201808": "38.81",
        "201809": "47.02",
        "201810": "34.73",
        "201811": "30.19",
        "201812": "35.94",
        "201901": "34.80",
        "201902": "32.88",
        "201903": "31.54",
        "201904": "30.86",
        "201905": "28.30",
        "201906": "29.66",
        "201907": "30.87",
        "201908": "28.62",
        "201909": "27.75",
        "201910": "28.90",
        "201911": "30.51",
        "201912": "30.59",
        "202001": "30.58",
        "202002": "29.51",
        "202003": "26.17",
        "202004": "25.88",
        "202005": "24.82",
        "202006": "24.41",
        "202007": "24.88",
        "202008": "24.01",
        "202009": "24.97",
        "202010": "27.49",
        "202011": "30.10",
        "202012": "29.59",
        "202101": "28.00",
        "202102": "27.55",
        "202103": "32.65",
        "202104": "38.01",
        "202105": "31.34",
        "202106": "30.37",
        "202107": "28.38",
        "202108": "27.09",
        "202109": "25.59",
        "202110": "24.74",
        "202111": "27.21",
        "202112": "28.01",
        "202201": "28.74",
        "202202": "29.49",
        "202203": "26.73",
        "202204": "27.67",
        "202205": "30.56",
        "202206": "29.98",
        "202207": "27.56",
        "202208": "26.67",
        "202209": "25.83",
        "202210": "23.22",
        "202211": "26.96",
        "202212": "28.73",
        "202301": "30.12",
        "202302": "33.87",
        "202303": "32.98",
        "202304": "32.29",
        "202305": "29.68",
        "202306": "39.50",
        "202307": "47.34",
        "202308": "51.49",
        "202309": "46.14"
    },
    "quarters": {
        "20011": {
            "year_quarter": 20011,
            "year": 2001,
            "quarter": 1,
            "eps": 0.81,
            "eps_growth_year": 1.25,
            "eps_4q": 1.23,
            "eps_4q_growth_year": -43.75,
            "roe": 5.08,
            "roe_4q": 5.08,
            "gross_profit": 152504,
            "gross_margin": 10.05,
            "gross_margin_4q_avg": 10.05,
            "net_income": 83203,
            "revenue": 1517748,
            "common_shares": 1029244,
            "book_valuer_per_share": 16.46,
            "book_valuer_per_share_4q_avg": 16.46,
            "equity": 1694194,
            "current_ratio": 176.32,
            "debt_ratio": 52.41,
            "inventory_turnover_ratio": 1.44,
            "account_receivable_turnover_ratio": null,
            "reinvestment_rate": null,
            "research_to_sale_ratio": null,
            "price_fair": 0,
            "eps_avg_yearly": 0,
            "eps_latest_yearly": 0,
            "eps_growth_yearly": 0
        },
        "20012": {
            "year_quarter": 20012,
            "year": 2001,
            "quarter": 2,
            "eps": -0.08,
            "eps_growth_year": -120,
            "eps_4q": 0.67,
            "eps_4q_growth_year": -75.14,
            "roe": -0.57,
            "roe_4q": 4.51,
            "gross_profit": 68091,
            "gross_margin": 6.04,
            "gross_margin_4q_avg": 8.05,
            "net_income": -9718,
            "revenue": 1127911,
            "common_shares": 1171878,
            "book_valuer_per_share": 14.66,
            "book_valuer_per_share_4q_avg": 15.56,
            "equity": 1718034,
            "current_ratio": 198.62,
            "debt_ratio": 45.39,
            "inventory_turnover_ratio": 1.26,
            "account_receivable_turnover_ratio": null,
            "reinvestment_rate": null,
            "research_to_sale_ratio": null,
            "price_fair": 0,
            "eps_avg_yearly": 0,
            "eps_latest_yearly": 0,
            "eps_growth_yearly": 0
        },
        "20013": {
            "year_quarter": 20013,
            "year": 2001,
            "quarter": 3,
            "eps": 0.51,
            "eps_growth_year": 104,
            "eps_4q": 0.98,
            "eps_4q_growth_year": -58.85,
            "roe": 3.39,
            "roe_4q": 7.9,
            "gross_profit": 189066,
            "gross_margin": 10.99,
            "gross_margin_4q_avg": 9.03,
            "net_income": 58926,
            "revenue": 1721028,
            "common_shares": 1171878,
            "book_valuer_per_share": 15,
            "book_valuer_per_share_4q_avg": 15.37,
            "equity": 1757766,
            "current_ratio": 159.01,
            "debt_ratio": 54.83,
            "inventory_turnover_ratio": 1.84,
            "account_receivable_turnover_ratio": null,
            "reinvestment_rate": null,
            "research_to_sale_ratio": null,
            "price_fair": 0,
            "eps_avg_yearly": 0,
            "eps_latest_yearly": 0,
            "eps_growth_yearly": 0
        },
        "20014": {
            "year_quarter": 20014,
            "year": 2001,
            "quarter": 4,
            "eps": 0.38,
            "eps_growth_year": null,
            "eps_4q": 1.53,
            "eps_4q_growth_year": 41.43,
            "roe": 2.47,
            "roe_4q": 10.370000000000001,
            "gross_profit": 155117,
            "gross_margin": 9.84,
            "gross_margin_4q_avg": 9.23,
            "net_income": 43850,
            "revenue": 1576275,
            "common_shares": 1171878,
            "book_valuer_per_share": 15.35,
            "book_valuer_per_share_4q_avg": 15.37,
            "equity": 1798485,
            "current_ratio": 156.79,
            "debt_ratio": 53.55,
            "inventory_turnover_ratio": 1.21,
            "account_receivable_turnover_ratio": null,
            "reinvestment_rate": null,
            "research_to_sale_ratio": null,
            "price_fair": 0,
            "eps_avg_yearly": 0,
            "eps_latest_yearly": 0,
            "eps_growth_yearly": 0
        },
        "20021": {
            "year_quarter": 20021,
            "year": 2002,
            "quarter": 1,
            "eps": 0.19,
            "eps_growth_year": -76.54,
            "eps_4q": 1,
            "eps_4q_growth_year": -18.36,
            "roe": 1.19,
            "roe_4q": 6.48,
            "gross_profit": 166669,
            "gross_margin": 11.7,
            "gross_margin_4q_avg": 9.64,
            "net_income": 21714,
            "revenue": 1424407,
            "common_shares": 1171878,
            "book_valuer_per_share": 15.9,
            "book_valuer_per_share_4q_avg": 15.23,
            "equity": 1863189,
            "current_ratio": 173.37,
            "debt_ratio": 49.7,
            "inventory_turnover_ratio": 1.08,
            "account_receivable_turnover_ratio": null,
            "reinvestment_rate": null,
            "research_to_sale_ratio": null,
            "price_fair": 2.28,
            "eps_avg_yearly": 0.76,
            "eps_latest_yearly": 0.76,
            "eps_growth_yearly": -200
        },
        "20022": {
            "year_quarter": 20022,
            "year": 2002,
            "quarter": 2,
            "eps": -1.97,
            "eps_growth_year": null,
            "eps_4q": -1.04,
            "eps_4q_growth_year": -256.23,
            "roe": -15.46,
            "roe_4q": -8.41,
            "gross_profit": 3536,
            "gross_margin": 0.4,
            "gross_margin_4q_avg": 8.23,
            "net_income": -265499,
            "revenue": 886763,
            "common_shares": 1351331,
            "book_valuer_per_share": 11.63,
            "book_valuer_per_share_4q_avg": 14.47,
            "equity": 1571192,
            "current_ratio": 161.51,
            "debt_ratio": 49.18,
            "inventory_turnover_ratio": 0.99,
            "account_receivable_turnover_ratio": null,
            "reinvestment_rate": null,
            "research_to_sale_ratio": null,
            "price_fair": 2.28,
            "eps_avg_yearly": 0.76,
            "eps_latest_yearly": 0.76,
            "eps_growth_yearly": -200
        },
        "20023": {
            "year_quarter": 20023,
            "year": 2002,
            "quarter": 3,
            "eps": 0.08,
            "eps_growth_year": -84.31,
            "eps_4q": -1.38,
            "eps_4q_growth_year": -240.61,
            "roe": 0.7,
            "roe_4q": -11.100000000000001,
            "gross_profit": 117976,
            "gross_margin": 8.35,
            "gross_margin_4q_avg": 7.57,
            "net_income": 10949,
            "revenue": 1412864,
            "common_shares": 1351331,
            "book_valuer_per_share": 11.61,
            "book_valuer_per_share_4q_avg": 13.62,
            "equity": 1568609,
            "current_ratio": 173.9,
            "debt_ratio": 50.58,
            "inventory_turnover_ratio": 1.51,
            "account_receivable_turnover_ratio": null,
            "reinvestment_rate": null,
            "research_to_sale_ratio": null,
            "price_fair": 2.28,
            "eps_avg_yearly": 0.76,
            "eps_latest_yearly": 0.76,
            "eps_growth_yearly": -200
        },
        "20024": {
            "year_quarter": 20024,
            "year": 2002,
            "quarter": 4,
            "eps": -0.48,
            "eps_growth_year": -226.32,
            "eps_4q": -2.21,
            "eps_4q_growth_year": -244.68,
            "roe": -4.23,
            "roe_4q": -17.8,
            "gross_profit": 135218,
            "gross_margin": 9.97,
            "gross_margin_4q_avg": 7.61,
            "net_income": -64777,
            "revenue": 1356478,
            "common_shares": 1351331,
            "book_valuer_per_share": 11.08,
            "book_valuer_per_share_4q_avg": 12.56,
            "equity": 1497229,
            "current_ratio": 164.89,
            "debt_ratio": 51.07,
            "inventory_turnover_ratio": 1.37,
            "account_receivable_turnover_ratio": null,
            "reinvestment_rate": 351.32,
            "research_to_sale_ratio": null,
            "price_fair": 2.28,
            "eps_avg_yearly": 0.76,
            "eps_latest_yearly": 0.76,
            "eps_growth_yearly": -200
        },
        "20031": {
            "year_quarter": 20031,
            "year": 2003,
            "quarter": 1,
            "eps": 0.06,
            "eps_growth_year": -68.42,
            "eps_4q": -2.24,
            "eps_4q_growth_year": -323.06,
            "roe": 0.56,
            "roe_4q": -18.43,
            "gross_profit": 121991,
            "gross_margin": 10.55,
            "gross_margin_4q_avg": 7.32,
            "net_income": 8330,
            "revenue": 1156545,
            "common_shares": 1351331,
            "book_valuer_per_share": 11.13,
            "book_valuer_per_share_4q_avg": 11.36,
            "equity": 1504003,
            "current_ratio": 174.91,
            "debt_ratio": 49.2,
            "inventory_turnover_ratio": 1.28,
            "account_receivable_turnover_ratio": null,
            "reinvestment_rate": -51.55,
            "research_to_sale_ratio": null,
            "price_fair": 2.28,
            "eps_avg_yearly": 0.76,
            "eps_latest_yearly": 0.76,
            "eps_growth_yearly": -200
        },
        "20032": {
            "year_quarter": 20032,
            "year": 2003,
            "quarter": 2,
            "eps": -0.41,
            "eps_growth_year": null,
            "eps_4q": -0.74,
            "eps_4q_growth_year": null,
            "roe": -3.72,
            "roe_4q": -6.69,
            "gross_profit": 90012,
            "gross_margin": 9.19,
            "gross_margin_4q_avg": 9.52,
            "net_income": -54807,
            "revenue": 979407,
            "common_shares": 1351331,
            "book_valuer_per_share": 10.66,
            "book_valuer_per_share_4q_avg": 11.12,
            "equity": 1440137,
            "current_ratio": 176.48,
            "debt_ratio": 48.26,
            "inventory_turnover_ratio": 1.32,
            "account_receivable_turnover_ratio": null,
            "reinvestment_rate": -109.91,
            "research_to_sale_ratio": null,
            "price_fair": 2.28,
            "eps_avg_yearly": 0.76,
            "eps_latest_yearly": 0.76,
            "eps_growth_yearly": -200
        },
        "20033": {
            "year_quarter": 20033,
            "year": 2003,
            "quarter": 3,
            "eps": -0.19,
            "eps_growth_year": -337.5,
            "eps_4q": -1.01,
            "eps_4q_growth_year": null,
            "roe": -1.74,
            "roe_4q": -9.13,
            "gross_profit": 97480,
            "gross_margin": 9.11,
            "gross_margin_4q_avg": 9.71,
            "net_income": -24923,
            "revenue": 1070137,
            "common_shares": 1351970,
            "book_valuer_per_share": 10.54,
            "book_valuer_per_share_4q_avg": 10.85,
            "equity": 1424626,
            "current_ratio": 161.59,
            "debt_ratio": 47.96,
            "inventory_turnover_ratio": 1.67,
            "account_receivable_turnover_ratio": null,
            "reinvestment_rate": -1297.39,
            "research_to_sale_ratio": null,
            "price_fair": 2.28,
            "eps_avg_yearly": 0.76,
            "eps_latest_yearly": 0.76,
            "eps_growth_yearly": -200
        },
        "20034": {
            "year_quarter": 20034,
            "year": 2003,
            "quarter": 4,
            "eps": -0.04,
            "eps_growth_year": null,
            "eps_4q": -0.56,
            "eps_4q_growth_year": null,
            "roe": -0.38,
            "roe_4q": -5.279999999999999,
            "gross_profit": 112469,
            "gross_margin": 10.2,
            "gross_margin_4q_avg": 9.76,
            "net_income": -5295,
            "revenue": 1103157,
            "common_shares": 1351971,
            "book_valuer_per_share": 10.35,
            "book_valuer_per_share_4q_avg": 10.67,
            "equity": 1398596,
            "current_ratio": 142.83,
            "debt_ratio": 51.16,
            "inventory_turnover_ratio": 1.41,
            "account_receivable_turnover_ratio": null,
            "reinvestment_rate": null,
            "research_to_sale_ratio": null,
            "price_fair": 2.28,
            "eps_avg_yearly": 0.76,
            "eps_latest_yearly": 0.76,
            "eps_growth_yearly": -200
        },
        "20041": {
            "year_quarter": 20041,
            "year": 2004,
            "quarter": 1,
            "eps": 0.01,
            "eps_growth_year": -83.33,
            "eps_4q": -0.71,
            "eps_4q_growth_year": null,
            "roe": 0.08,
            "roe_4q": -5.76,
            "gross_profit": 77263,
            "gross_margin": 8.46,
            "gross_margin_4q_avg": 9.24,
            "net_income": 1181,
            "revenue": 912956,
            "common_shares": 1351971,
            "book_valuer_per_share": 10.36,
            "book_valuer_per_share_4q_avg": 10.48,
            "equity": 1400163,
            "current_ratio": 144.57,
            "debt_ratio": 50.16,
            "inventory_turnover_ratio": 1.04,
            "account_receivable_turnover_ratio": null,
            "reinvestment_rate": null,
            "research_to_sale_ratio": null,
            "price_fair": 2.28,
            "eps_avg_yearly": 0.76,
            "eps_latest_yearly": 0.76,
            "eps_growth_yearly": -200
        },
        "20042": {
            "year_quarter": 20042,
            "year": 2004,
            "quarter": 2,
            "eps": -0.89,
            "eps_growth_year": null,
            "eps_4q": -1.1,
            "eps_4q_growth_year": null,
            "roe": -8.92,
            "roe_4q": -10.96,
            "gross_profit": 79244,
            "gross_margin": 10.23,
            "gross_margin_4q_avg": 9.5,
            "net_income": -119369,
            "revenue": 774298,
            "common_shares": 1351971,
            "book_valuer_per_share": 9.45,
            "book_valuer_per_share_4q_avg": 10.18,
            "equity": 1277318,
            "current_ratio": 154.23,
            "debt_ratio": 50.9,
            "inventory_turnover_ratio": 1.03,
            "account_receivable_turnover_ratio": null,
            "reinvestment_rate": null,
            "research_to_sale_ratio": null,
            "price_fair": 2.28,
            "eps_avg_yearly": 0.76,
            "eps_latest_yearly": 0.76,
            "eps_growth_yearly": -200
        },
        "20043": {
            "year_quarter": 20043,
            "year": 2004,
            "quarter": 3,
            "eps": -0.6,
            "eps_growth_year": null,
            "eps_4q": -1.5,
            "eps_4q_growth_year": null,
            "roe": -6.46,
            "roe_4q": -15.68,
            "gross_profit": 75077,
            "gross_margin": 9.75,
            "gross_margin_4q_avg": 9.66,
            "net_income": -79959,
            "revenue": 769761,
            "common_shares": 1351971,
            "book_valuer_per_share": 8.87,
            "book_valuer_per_share_4q_avg": 9.76,
            "equity": 1199316,
            "current_ratio": 152.19,
            "debt_ratio": 50.9,
            "inventory_turnover_ratio": 1.19,
            "account_receivable_turnover_ratio": null,
            "reinvestment_rate": null,
            "research_to_sale_ratio": null,
            "price_fair": 2.28,
            "eps_avg_yearly": 0.76,
            "eps_latest_yearly": 0.76,
            "eps_growth_yearly": -200
        },
        "20044": {
            "year_quarter": 20044,
            "year": 2004,
            "quarter": 4,
            "eps": -2.14,
            "eps_growth_year": null,
            "eps_4q": -3.63,
            "eps_4q_growth_year": null,
            "roe": -27.38,
            "roe_4q": -42.68,
            "gross_profit": 85810,
            "gross_margin": 10.97,
            "gross_margin_4q_avg": 9.85,
            "net_income": -286079,
            "revenue": 782185,
            "common_shares": 1351971,
            "book_valuer_per_share": 6.59,
            "book_valuer_per_share_4q_avg": 8.82,
            "equity": 890413,
            "current_ratio": 170.62,
            "debt_ratio": 48.77,
            "inventory_turnover_ratio": 1.38,
            "account_receivable_turnover_ratio": null,
            "reinvestment_rate": null,
            "research_to_sale_ratio": null,
            "price_fair": 2.28,
            "eps_avg_yearly": 0.76,
            "eps_latest_yearly": 0.76,
            "eps_growth_yearly": -200
        },
        "20051": {
            "year_quarter": 20051,
            "year": 2005,
            "quarter": 1,
            "eps": -0.15,
            "eps_growth_year": -1600,
            "eps_4q": -3.76,
            "eps_4q_growth_year": null,
            "roe": -2.3,
            "roe_4q": -45.06,
            "gross_profit": 54730,
            "gross_margin": 9.09,
            "gross_margin_4q_avg": 10.01,
            "net_income": -20179,
            "revenue": 602305,
            "common_shares": 1351971,
            "book_valuer_per_share": 6.41,
            "book_valuer_per_share_4q_avg": 7.83,
            "equity": 867123,
            "current_ratio": 181.8,
            "debt_ratio": 46.67,
            "inventory_turnover_ratio": 1.36,
            "account_receivable_turnover_ratio": null,
            "reinvestment_rate": null,
            "research_to_sale_ratio": null,
            "price_fair": 2.28,
            "eps_avg_yearly": 0.76,
            "eps_latest_yearly": 0.76,
            "eps_growth_yearly": -200
        },
        "20052": {
            "year_quarter": 20052,
            "year": 2005,
            "quarter": 2,
            "eps": -0.29,
            "eps_growth_year": null,
            "eps_4q": -2.84,
            "eps_4q_growth_year": null,
            "roe": -4.46,
            "roe_4q": -40.6,
            "gross_profit": 66226,
            "gross_margin": 11.37,
            "gross_margin_4q_avg": 10.3,
            "net_income": -39349,
            "revenue": 582547,
            "common_shares": 1498638,
            "book_valuer_per_share": 5.99,
            "book_valuer_per_share_4q_avg": 6.97,
            "equity": 897169,
            "current_ratio": 365.93,
            "debt_ratio": 40.52,
            "inventory_turnover_ratio": 1.74,
            "account_receivable_turnover_ratio": null,
            "reinvestment_rate": null,
            "research_to_sale_ratio": null,
            "price_fair": 2.28,
            "eps_avg_yearly": 0.76,
            "eps_latest_yearly": 0.76,
            "eps_growth_yearly": -200
        },
        "20053": {
            "year_quarter": 20053,
            "year": 2005,
            "quarter": 3,
            "eps": -0.32,
            "eps_growth_year": null,
            "eps_4q": -1.93,
            "eps_4q_growth_year": null,
            "roe": -4.91,
            "roe_4q": -39.05,
            "gross_profit": 46820,
            "gross_margin": 10.67,
            "gross_margin_4q_avg": 10.53,
            "net_income": -48708,
            "revenue": 438778,
            "common_shares": 2040137,
            "book_valuer_per_share": 5.32,
            "book_valuer_per_share_4q_avg": 6.08,
            "equity": 1085001,
            "current_ratio": 302.79,
            "debt_ratio": 29.64,
            "inventory_turnover_ratio": 1.47,
            "account_receivable_turnover_ratio": null,
            "reinvestment_rate": null,
            "research_to_sale_ratio": null,
            "price_fair": 2.28,
            "eps_avg_yearly": 0.76,
            "eps_latest_yearly": 0.76,
            "eps_growth_yearly": -200
        },
        "20054": {
            "year_quarter": 20054,
            "year": 2005,
            "quarter": 4,
            "eps": -0.67,
            "eps_growth_year": null,
            "eps_4q": -1.72,
            "eps_4q_growth_year": null,
            "roe": -6.64,
            "roe_4q": -18.310000000000002,
            "gross_profit": 73550,
            "gross_margin": 12.9,
            "gross_margin_4q_avg": 11.01,
            "net_income": -69910,
            "revenue": 570039,
            "common_shares": 2040137,
            "book_valuer_per_share": 5,
            "book_valuer_per_share_4q_avg": 5.68,
            "equity": 1020916,
            "current_ratio": 205.82,
            "debt_ratio": 37.12,
            "inventory_turnover_ratio": 1.97,
            "account_receivable_turnover_ratio": null,
            "reinvestment_rate": null,
            "research_to_sale_ratio": null,
            "price_fair": 2.28,
            "eps_avg_yearly": 0.76,
            "eps_latest_yearly": 0.76,
            "eps_growth_yearly": -200
        },
        "20061": {
            "year_quarter": 20061,
            "year": 2006,
            "quarter": 1,
            "eps": 0.04,
            "eps_growth_year": null,
            "eps_4q": -1.25,
            "eps_4q_growth_year": null,
            "roe": 0.48,
            "roe_4q": -15.530000000000001,
            "gross_profit": 49302,
            "gross_margin": 9.18,
            "gross_margin_4q_avg": 11.03,
            "net_income": 4901,
            "revenue": 537152,
            "common_shares": 1289647,
            "book_valuer_per_share": 7.95,
            "book_valuer_per_share_4q_avg": 6.07,
            "equity": 1024684,
            "current_ratio": 261.12,
            "debt_ratio": 30.09,
            "inventory_turnover_ratio": 1.81,
            "account_receivable_turnover_ratio": null,
            "reinvestment_rate": null,
            "research_to_sale_ratio": null,
            "price_fair": 0,
            "eps_avg_yearly": 0,
            "eps_latest_yearly": 0,
            "eps_growth_yearly": 0
        },
        "20062": {
            "year_quarter": 20062,
            "year": 2006,
            "quarter": 2,
            "eps": 0.04,
            "eps_growth_year": null,
            "eps_4q": -0.87,
            "eps_4q_growth_year": null,
            "roe": 0.49,
            "roe_4q": -10.58,
            "gross_profit": 54404,
            "gross_margin": 8.74,
            "gross_margin_4q_avg": 10.37,
            "net_income": 5017,
            "revenue": 622383,
            "common_shares": 1289647,
            "book_valuer_per_share": 7.99,
            "book_valuer_per_share_4q_avg": 6.57,
            "equity": 1029814,
            "current_ratio": 219.66,
            "debt_ratio": 35.39,
            "inventory_turnover_ratio": 2,
            "account_receivable_turnover_ratio": null,
            "reinvestment_rate": null,
            "research_to_sale_ratio": null,
            "price_fair": 1.6,
            "eps_avg_yearly": 0.16,
            "eps_latest_yearly": 0.16,
            "eps_growth_yearly": 0
        },
        "20063": {
            "year_quarter": 20063,
            "year": 2006,
            "quarter": 3,
            "eps": 0.15,
            "eps_growth_year": null,
            "eps_4q": -0.32,
            "eps_4q_growth_year": null,
            "roe": 1.82,
            "roe_4q": -3.8499999999999996,
            "gross_profit": 89605,
            "gross_margin": 9.85,
            "gross_margin_4q_avg": 10.17,
            "net_income": 19016,
            "revenue": 909706,
            "common_shares": 1289647,
            "book_valuer_per_share": 8.19,
            "book_valuer_per_share_4q_avg": 7.28,
            "equity": 1056828,
            "current_ratio": 182.29,
            "debt_ratio": 44.35,
            "inventory_turnover_ratio": 2.17,
            "account_receivable_turnover_ratio": null,
            "reinvestment_rate": null,
            "research_to_sale_ratio": null,
            "price_fair": 13.3,
            "eps_avg_yearly": 0.38,
            "eps_latest_yearly": 0.6,
            "eps_growth_yearly": 550
        },
        "20064": {
            "year_quarter": 20064,
            "year": 2006,
            "quarter": 4,
            "eps": 0.33,
            "eps_growth_year": null,
            "eps_4q": 0.56,
            "eps_4q_growth_year": null,
            "roe": 3.92,
            "roe_4q": 6.710000000000001,
            "gross_profit": 85484,
            "gross_margin": 6.63,
            "gross_margin_4q_avg": 8.6,
            "net_income": 42372,
            "revenue": 1288660,
            "common_shares": 1298132,
            "book_valuer_per_share": 8.51,
            "book_valuer_per_share_4q_avg": 8.16,
            "equity": 1105125,
            "current_ratio": 176.93,
            "debt_ratio": 45.62,
            "inventory_turnover_ratio": 2.45,
            "account_receivable_turnover_ratio": null,
            "reinvestment_rate": null,
            "research_to_sale_ratio": null,
            "price_fair": 24.27,
            "eps_avg_yearly": 0.69,
            "eps_latest_yearly": 1.32,
            "eps_growth_yearly": 526.67
        },
        "20071": {
            "year_quarter": 20071,
            "year": 2007,
            "quarter": 1,
            "eps": -0.91,
            "eps_growth_year": -2375,
            "eps_4q": -0.4,
            "eps_4q_growth_year": null,
            "roe": -11.29,
            "roe_4q": -5.059999999999999,
            "gross_profit": -57148,
            "gross_margin": -5.09,
            "gross_margin_4q_avg": 5.03,
            "net_income": -118457,
            "revenue": 1122671,
            "common_shares": 1298132,
            "book_valuer_per_share": 7.66,
            "book_valuer_per_share_4q_avg": 8.09,
            "equity": 994146,
            "current_ratio": 171.42,
            "debt_ratio": 45.25,
            "inventory_turnover_ratio": 2.66,
            "account_receivable_turnover_ratio": null,
            "reinvestment_rate": null,
            "research_to_sale_ratio": null,
            "price_fair": 24.27,
            "eps_avg_yearly": 0.69,
            "eps_latest_yearly": 1.32,
            "eps_growth_yearly": 526.67
        },
        "20072": {
            "year_quarter": 20072,
            "year": 2007,
            "quarter": 2,
            "eps": -0.68,
            "eps_growth_year": -1800,
            "eps_4q": -1.12,
            "eps_4q_growth_year": null,
            "roe": -9.32,
            "roe_4q": -14.869999999999997,
            "gross_profit": -52000,
            "gross_margin": -6.29,
            "gross_margin_4q_avg": 1.28,
            "net_income": -88488,
            "revenue": 827093,
            "common_shares": 1300787,
            "book_valuer_per_share": 6.96,
            "book_valuer_per_share_4q_avg": 7.83,
            "equity": 904807,
            "current_ratio": 167.9,
            "debt_ratio": 45.09,
            "inventory_turnover_ratio": 2.05,
            "account_receivable_turnover_ratio": null,
            "reinvestment_rate": null,
            "research_to_sale_ratio": null,
            "price_fair": 24.27,
            "eps_avg_yearly": 0.69,
            "eps_latest_yearly": 1.32,
            "eps_growth_yearly": 526.67
        },
        "20073": {
            "year_quarter": 20073,
            "year": 2007,
            "quarter": 3,
            "eps": -0.38,
            "eps_growth_year": -353.33,
            "eps_4q": -1.64,
            "eps_4q_growth_year": null,
            "roe": -5.58,
            "roe_4q": -22.269999999999996,
            "gross_profit": -8587,
            "gross_margin": -1.26,
            "gross_margin_4q_avg": -1.5,
            "net_income": -49172,
            "revenue": 678960,
            "common_shares": 1300817,
            "book_valuer_per_share": 6.6,
            "book_valuer_per_share_4q_avg": 7.43,
            "equity": 857891,
            "current_ratio": 177.02,
            "debt_ratio": 40.65,
            "inventory_turnover_ratio": 1.7,
            "account_receivable_turnover_ratio": null,
            "reinvestment_rate": null,
            "research_to_sale_ratio": null,
            "price_fair": 24.27,
            "eps_avg_yearly": 0.69,
            "eps_latest_yearly": 1.32,
            "eps_growth_yearly": 526.67
        },
        "20074": {
            "year_quarter": 20074,
            "year": 2007,
            "quarter": 4,
            "eps": -0.44,
            "eps_growth_year": -233.33,
            "eps_4q": -2.42,
            "eps_4q_growth_year": -535.77,
            "roe": -6.98,
            "roe_4q": -33.17,
            "gross_profit": -171630,
            "gross_margin": -37.17,
            "gross_margin_4q_avg": -12.45,
            "net_income": -57737,
            "revenue": 461737,
            "common_shares": 1300817,
            "book_valuer_per_share": 6.12,
            "book_valuer_per_share_4q_avg": 6.84,
            "equity": 796076,
            "current_ratio": 240.81,
            "debt_ratio": 28.89,
            "inventory_turnover_ratio": 2.16,
            "account_receivable_turnover_ratio": null,
            "reinvestment_rate": null,
            "research_to_sale_ratio": null,
            "price_fair": 24.27,
            "eps_avg_yearly": 0.69,
            "eps_latest_yearly": 1.32,
            "eps_growth_yearly": 526.67
        },
        "20081": {
            "year_quarter": 20081,
            "year": 2008,
            "quarter": 1,
            "eps": -0.38,
            "eps_growth_year": null,
            "eps_4q": -1.88,
            "eps_4q_growth_year": null,
            "roe": -6.47,
            "roe_4q": -28.35,
            "gross_profit": 6370,
            "gross_margin": 1.21,
            "gross_margin_4q_avg": -10.88,
            "net_income": -49651,
            "revenue": 526102,
            "common_shares": 1300817,
            "book_valuer_per_share": 5.67,
            "book_valuer_per_share_4q_avg": 6.34,
            "equity": 737619,
            "current_ratio": 214.21,
            "debt_ratio": 32.68,
            "inventory_turnover_ratio": 2.14,
            "account_receivable_turnover_ratio": null,
            "reinvestment_rate": null,
            "research_to_sale_ratio": null,
            "price_fair": 24.27,
            "eps_avg_yearly": 0.69,
            "eps_latest_yearly": 1.32,
            "eps_growth_yearly": 526.67
        },
        "20082": {
            "year_quarter": 20082,
            "year": 2008,
            "quarter": 2,
            "eps": -0.06,
            "eps_growth_year": null,
            "eps_4q": -1.27,
            "eps_4q_growth_year": null,
            "roe": -1.11,
            "roe_4q": -20.14,
            "gross_profit": 38686,
            "gross_margin": 6.91,
            "gross_margin_4q_avg": -7.58,
            "net_income": -8145,
            "revenue": 559503,
            "common_shares": 1300817,
            "book_valuer_per_share": 5.65,
            "book_valuer_per_share_4q_avg": 6.01,
            "equity": 734645,
            "current_ratio": 214.56,
            "debt_ratio": 33.01,
            "inventory_turnover_ratio": 2.33,
            "account_receivable_turnover_ratio": null,
            "reinvestment_rate": null,
            "research_to_sale_ratio": null,
            "price_fair": 24.27,
            "eps_avg_yearly": 0.69,
            "eps_latest_yearly": 1.32,
            "eps_growth_yearly": 526.67
        },
        "20083": {
            "year_quarter": 20083,
            "year": 2008,
            "quarter": 3,
            "eps": -0.29,
            "eps_growth_year": null,
            "eps_4q": -1.79,
            "eps_4q_growth_year": null,
            "roe": -3.05,
            "roe_4q": -17.61,
            "gross_profit": 26817,
            "gross_margin": 6.69,
            "gross_margin_4q_avg": -5.59,
            "net_income": -22326,
            "revenue": 400833,
            "common_shares": 768523,
            "book_valuer_per_share": 9.52,
            "book_valuer_per_share_4q_avg": 6.74,
            "equity": 731669,
            "current_ratio": 215.93,
            "debt_ratio": 33.8,
            "inventory_turnover_ratio": 2.29,
            "account_receivable_turnover_ratio": null,
            "reinvestment_rate": null,
            "research_to_sale_ratio": null,
            "price_fair": 24.27,
            "eps_avg_yearly": 0.69,
            "eps_latest_yearly": 1.32,
            "eps_growth_yearly": 526.67
        },
        "20084": {
            "year_quarter": 20084,
            "year": 2008,
            "quarter": 4,
            "eps": -1.18,
            "eps_growth_year": null,
            "eps_4q": -2.23,
            "eps_4q_growth_year": null,
            "roe": -13,
            "roe_4q": -23.63,
            "gross_profit": 4741,
            "gross_margin": 1.72,
            "gross_margin_4q_avg": 4.13,
            "net_income": -91032,
            "revenue": 276060,
            "common_shares": 768523,
            "book_valuer_per_share": 8.71,
            "book_valuer_per_share_4q_avg": 7.39,
            "equity": 669284,
            "current_ratio": 243.89,
            "debt_ratio": 29.31,
            "inventory_turnover_ratio": 2.14,
            "account_receivable_turnover_ratio": 1.25,
            "reinvestment_rate": null,
            "research_to_sale_ratio": null,
            "price_fair": 24.27,
            "eps_avg_yearly": 0.69,
            "eps_latest_yearly": 1.32,
            "eps_growth_yearly": 526.67
        },
        "20091": {
            "year_quarter": 20091,
            "year": 2009,
            "quarter": 1,
            "eps": 0.12,
            "eps_growth_year": null,
            "eps_4q": -1.41,
            "eps_4q_growth_year": null,
            "roe": 1.38,
            "roe_4q": -15.780000000000001,
            "gross_profit": 27448,
            "gross_margin": 9.09,
            "gross_margin_4q_avg": 6.1,
            "net_income": 9504,
            "revenue": 302018,
            "common_shares": 768523,
            "book_valuer_per_share": 9.15,
            "book_valuer_per_share_4q_avg": 8.26,
            "equity": 703245,
            "current_ratio": 241.7,
            "debt_ratio": 30.08,
            "inventory_turnover_ratio": 2.12,
            "account_receivable_turnover_ratio": 0.81,
            "reinvestment_rate": null,
            "research_to_sale_ratio": null,
            "price_fair": 24.27,
            "eps_avg_yearly": 0.69,
            "eps_latest_yearly": 1.32,
            "eps_growth_yearly": 526.67
        },
        "20092": {
            "year_quarter": 20092,
            "year": 2009,
            "quarter": 2,
            "eps": 0.27,
            "eps_growth_year": null,
            "eps_4q": -1.06,
            "eps_4q_growth_year": null,
            "roe": 3,
            "roe_4q": -11.670000000000002,
            "gross_profit": 41436,
            "gross_margin": 8.99,
            "gross_margin_4q_avg": 6.62,
            "net_income": 21079,
            "revenue": 460979,
            "common_shares": 768523,
            "book_valuer_per_share": 9.12,
            "book_valuer_per_share_4q_avg": 9.13,
            "equity": 700952,
            "current_ratio": 202.38,
            "debt_ratio": 38.23,
            "inventory_turnover_ratio": 1.74,
            "account_receivable_turnover_ratio": 1.44,
            "reinvestment_rate": null,
            "research_to_sale_ratio": null,
            "price_fair": 27.65,
            "eps_avg_yearly": 0.79,
            "eps_latest_yearly": 1.08,
            "eps_growth_yearly": 520
        },
        "20093": {
            "year_quarter": 20093,
            "year": 2009,
            "quarter": 3,
            "eps": 0.55,
            "eps_growth_year": null,
            "eps_4q": -0.23,
            "eps_4q_growth_year": null,
            "roe": 5.92,
            "roe_4q": -2.6999999999999993,
            "gross_profit": 76875,
            "gross_margin": 10.28,
            "gross_margin_4q_avg": 7.52,
            "net_income": 42510,
            "revenue": 748106,
            "common_shares": 768523,
            "book_valuer_per_share": 9.55,
            "book_valuer_per_share_4q_avg": 9.13,
            "equity": 734042,
            "current_ratio": 149.82,
            "debt_ratio": 53.2,
            "inventory_turnover_ratio": 1.36,
            "account_receivable_turnover_ratio": 1.87,
            "reinvestment_rate": null,
            "research_to_sale_ratio": null,
            "price_fair": 37.52,
            "eps_avg_yearly": 1.07,
            "eps_latest_yearly": 2.2,
            "eps_growth_yearly": 498.96
        },
        "20094": {
            "year_quarter": 20094,
            "year": 2009,
            "quarter": 4,
            "eps": 0.36,
            "eps_growth_year": null,
            "eps_4q": 1.31,
            "eps_4q_growth_year": null,
            "roe": 3.68,
            "roe_4q": 13.98,
            "gross_profit": 72033,
            "gross_margin": 5.79,
            "gross_margin_4q_avg": 8.54,
            "net_income": 27490,
            "revenue": 1243054,
            "common_shares": 768523,
            "book_valuer_per_share": 9.88,
            "book_valuer_per_share_4q_avg": 9.43,
            "equity": 759609,
            "current_ratio": 157.17,
            "debt_ratio": 50.99,
            "inventory_turnover_ratio": 2.06,
            "account_receivable_turnover_ratio": 4.29,
            "reinvestment_rate": null,
            "research_to_sale_ratio": null,
            "price_fair": 39.67,
            "eps_avg_yearly": 1.13,
            "eps_latest_yearly": 1.44,
            "eps_growth_yearly": 392.77
        },
        "20101": {
            "year_quarter": 20101,
            "year": 2010,
            "quarter": 1,
            "eps": 0.06,
            "eps_growth_year": -50,
            "eps_4q": 1.07,
            "eps_4q_growth_year": null,
            "roe": 0.56,
            "roe_4q": 13.16,
            "gross_profit": 44742,
            "gross_margin": 4.65,
            "gross_margin_4q_avg": 7.43,
            "net_income": 4868,
            "revenue": 962700,
            "common_shares": 893523,
            "book_valuer_per_share": 10.99,
            "book_valuer_per_share_4q_avg": 9.89,
            "equity": 981847,
            "current_ratio": 178.42,
            "debt_ratio": 46.9,
            "inventory_turnover_ratio": 1.5,
            "account_receivable_turnover_ratio": 1.76,
            "reinvestment_rate": null,
            "research_to_sale_ratio": 0.31,
            "price_fair": 35.2,
            "eps_avg_yearly": 1.01,
            "eps_latest_yearly": 0.24,
            "eps_growth_yearly": 289.04
        },
        "20102": {
            "year_quarter": 20102,
            "year": 2010,
            "quarter": 2,
            "eps": -0.48,
            "eps_growth_year": -276.71,
            "eps_4q": 0.36,
            "eps_4q_growth_year": null,
            "roe": -4.42,
            "roe_4q": 5.74,
            "gross_profit": 6180,
            "gross_margin": 0.8,
            "gross_margin_4q_avg": 5.38,
            "net_income": -42632,
            "revenue": 773243,
            "common_shares": 893523,
            "book_valuer_per_share": 10.62,
            "book_valuer_per_share_4q_avg": 10.26,
            "equity": 948803,
            "current_ratio": 163.63,
            "debt_ratio": 50.84,
            "inventory_turnover_ratio": 1,
            "account_receivable_turnover_ratio": 1.47,
            "reinvestment_rate": null,
            "research_to_sale_ratio": 0.4,
            "price_fair": 40.13,
            "eps_avg_yearly": 1.15,
            "eps_latest_yearly": 0.24,
            "eps_growth_yearly": 337.22
        },
        "20103": {
            "year_quarter": 20103,
            "year": 2010,
            "quarter": 3,
            "eps": -0.8,
            "eps_growth_year": -245.75,
            "eps_4q": -0.92,
            "eps_4q_growth_year": null,
            "roe": -7.87,
            "roe_4q": -8.049999999999999,
            "gross_profit": -29976,
            "gross_margin": -3.1,
            "gross_margin_4q_avg": 2.04,
            "net_income": -71628,
            "revenue": 967286,
            "common_shares": 893523,
            "book_valuer_per_share": 9.75,
            "book_valuer_per_share_4q_avg": 10.31,
            "equity": 870983,
            "current_ratio": 176.77,
            "debt_ratio": 48.74,
            "inventory_turnover_ratio": 1.48,
            "account_receivable_turnover_ratio": 1.65,
            "reinvestment_rate": null,
            "research_to_sale_ratio": 0.29,
            "price_fair": 43.96,
            "eps_avg_yearly": 1.26,
            "eps_latest_yearly": 0.24,
            "eps_growth_yearly": 184.66
        },
        "20104": {
            "year_quarter": 20104,
            "year": 2010,
            "quarter": 4,
            "eps": -1.06,
            "eps_growth_year": -393.6,
            "eps_4q": -2.28,
            "eps_4q_growth_year": -274.3,
            "roe": -11.65,
            "roe_4q": -23.38,
            "gross_profit": -49729,
            "gross_margin": -6.26,
            "gross_margin_4q_avg": -0.98,
            "net_income": -94441,
            "revenue": 794780,
            "common_shares": 893523,
            "book_valuer_per_share": 8.39,
            "book_valuer_per_share_4q_avg": 9.94,
            "equity": 749941,
            "current_ratio": 210.15,
            "debt_ratio": 38.8,
            "inventory_turnover_ratio": 2.09,
            "account_receivable_turnover_ratio": 1.54,
            "reinvestment_rate": null,
            "research_to_sale_ratio": 0.2,
            "price_fair": 43.4,
            "eps_avg_yearly": 1.24,
            "eps_latest_yearly": 0.24,
            "eps_growth_yearly": 110.82
        },
        "20111": {
            "year_quarter": 20111,
            "year": 2011,
            "quarter": 1,
            "eps": -0.48,
            "eps_growth_year": -900,
            "eps_4q": -2.81,
            "eps_4q_growth_year": -362.06,
            "roe": -5.84,
            "roe_4q": -29.78,
            "gross_profit": 8958,
            "gross_margin": 1.4,
            "gross_margin_4q_avg": -1.79,
            "net_income": -42737,
            "revenue": 638103,
            "common_shares": 893523,
            "book_valuer_per_share": 7.98,
            "book_valuer_per_share_4q_avg": 9.19,
            "equity": 712654,
            "current_ratio": 191.76,
            "debt_ratio": 42.51,
            "inventory_turnover_ratio": 2.49,
            "account_receivable_turnover_ratio": 1.49,
            "reinvestment_rate": null,
            "research_to_sale_ratio": 0,
            "price_fair": 43.4,
            "eps_avg_yearly": 1.24,
            "eps_latest_yearly": 0.24,
            "eps_growth_yearly": 110.82
        },
        "20112": {
            "year_quarter": 20112,
            "year": 2011,
            "quarter": 2,
            "eps": -0.66,
            "eps_growth_year": null,
            "eps_4q": -3,
            "eps_4q_growth_year": -930.93,
            "roe": -8.67,
            "roe_4q": -34.03,
            "gross_profit": -13973,
            "gross_margin": -4.32,
            "gross_margin_4q_avg": -3.07,
            "net_income": -59053,
            "revenue": 323653,
            "common_shares": 893523,
            "book_valuer_per_share": 7.27,
            "book_valuer_per_share_4q_avg": 8.35,
            "equity": 649732,
            "current_ratio": 202.1,
            "debt_ratio": 41.64,
            "inventory_turnover_ratio": 1.58,
            "account_receivable_turnover_ratio": 0.86,
            "reinvestment_rate": null,
            "research_to_sale_ratio": 0,
            "price_fair": 43.4,
            "eps_avg_yearly": 1.24,
            "eps_latest_yearly": 0.24,
            "eps_growth_yearly": 110.82
        },
        "20113": {
            "year_quarter": 20113,
            "year": 2011,
            "quarter": 3,
            "eps": -0.47,
            "eps_growth_year": null,
            "eps_4q": -2.66,
            "eps_4q_growth_year": null,
            "roe": -6.5,
            "roe_4q": -32.66,
            "gross_profit": -19111,
            "gross_margin": -9.32,
            "gross_margin_4q_avg": -4.63,
            "net_income": -41741,
            "revenue": 205071,
            "common_shares": 893523,
            "book_valuer_per_share": 7.11,
            "book_valuer_per_share_4q_avg": 7.69,
            "equity": 635075,
            "current_ratio": 220.04,
            "debt_ratio": 37.5,
            "inventory_turnover_ratio": 1.41,
            "account_receivable_turnover_ratio": 0.78,
            "reinvestment_rate": null,
            "research_to_sale_ratio": 0,
            "price_fair": 43.4,
            "eps_avg_yearly": 1.24,
            "eps_latest_yearly": 0.24,
            "eps_growth_yearly": 110.82
        },
        "20114": {
            "year_quarter": 20114,
            "year": 2011,
            "quarter": 4,
            "eps": -0.22,
            "eps_growth_year": null,
            "eps_4q": -1.44,
            "eps_4q_growth_year": null,
            "roe": -3.21,
            "roe_4q": -24.220000000000002,
            "gross_profit": -15736,
            "gross_margin": -14.64,
            "gross_margin_4q_avg": -6.72,
            "net_income": -26147,
            "revenue": 107519,
            "common_shares": 1178318,
            "book_valuer_per_share": 8.44,
            "book_valuer_per_share_4q_avg": 7.7,
            "equity": 994784,
            "current_ratio": 1378.26,
            "debt_ratio": 6.09,
            "inventory_turnover_ratio": 1.32,
            "account_receivable_turnover_ratio": 0.72,
            "reinvestment_rate": null,
            "research_to_sale_ratio": 0,
            "price_fair": 43.4,
            "eps_avg_yearly": 1.24,
            "eps_latest_yearly": 0.24,
            "eps_growth_yearly": 110.82
        },
        "20121": {
            "year_quarter": 20121,
            "year": 2012,
            "quarter": 1,
            "eps": -0.06,
            "eps_growth_year": null,
            "eps_4q": -1.13,
            "eps_4q_growth_year": null,
            "roe": -0.66,
            "roe_4q": -19.04,
            "gross_profit": 7208,
            "gross_margin": 3.07,
            "gross_margin_4q_avg": -6.3,
            "net_income": -6483,
            "revenue": 235093,
            "common_shares": 1178318,
            "book_valuer_per_share": 8.32,
            "book_valuer_per_share_4q_avg": 7.79,
            "equity": 980179,
            "current_ratio": 433.04,
            "debt_ratio": 19.32,
            "inventory_turnover_ratio": 3.6,
            "account_receivable_turnover_ratio": 1.52,
            "reinvestment_rate": null,
            "research_to_sale_ratio": 0.19,
            "price_fair": 43.4,
            "eps_avg_yearly": 1.24,
            "eps_latest_yearly": 0.24,
            "eps_growth_yearly": 110.82
        },
        "20122": {
            "year_quarter": 20122,
            "year": 2012,
            "quarter": 2,
            "eps": 0.28,
            "eps_growth_year": null,
            "eps_4q": -0.35,
            "eps_4q_growth_year": null,
            "roe": 3.3,
            "roe_4q": -7.07,
            "gross_profit": 47620,
            "gross_margin": 8.34,
            "gross_margin_4q_avg": -3.14,
            "net_income": 32940,
            "revenue": 571053,
            "common_shares": 1178318,
            "book_valuer_per_share": 8.6,
            "book_valuer_per_share_4q_avg": 8.12,
            "equity": 1013878,
            "current_ratio": 595.16,
            "debt_ratio": 14.06,
            "inventory_turnover_ratio": 9.95,
            "account_receivable_turnover_ratio": 1.81,
            "reinvestment_rate": null,
            "research_to_sale_ratio": 0.13,
            "price_fair": 43.4,
            "eps_avg_yearly": 1.24,
            "eps_latest_yearly": 0.24,
            "eps_growth_yearly": 110.82
        },
        "20123": {
            "year_quarter": 20123,
            "year": 2012,
            "quarter": 3,
            "eps": 0.09,
            "eps_growth_year": null,
            "eps_4q": 0.1,
            "eps_4q_growth_year": null,
            "roe": 0.87,
            "roe_4q": 0.2999999999999998,
            "gross_profit": 29669,
            "gross_margin": 4.53,
            "gross_margin_4q_avg": 0.33,
            "net_income": 8833,
            "revenue": 654765,
            "common_shares": 935702,
            "book_valuer_per_share": 10.9,
            "book_valuer_per_share_4q_avg": 9.07,
            "equity": 1020177,
            "current_ratio": 468.37,
            "debt_ratio": 17.94,
            "inventory_turnover_ratio": 7,
            "account_receivable_turnover_ratio": 1.44,
            "reinvestment_rate": null,
            "research_to_sale_ratio": 0.17,
            "price_fair": 37.24,
            "eps_avg_yearly": 1.06,
            "eps_latest_yearly": 0.36,
            "eps_growth_yearly": 34.37
        },
        "20124": {
            "year_quarter": 20124,
            "year": 2012,
            "quarter": 4,
            "eps": 0.49,
            "eps_growth_year": null,
            "eps_4q": 0.87,
            "eps_4q_growth_year": null,
            "roe": 4.38,
            "roe_4q": 7.890000000000001,
            "gross_profit": 56499,
            "gross_margin": 6.15,
            "gross_margin_4q_avg": 5.52,
            "net_income": 45723,
            "revenue": 918997,
            "common_shares": 935702,
            "book_valuer_per_share": 11.39,
            "book_valuer_per_share_4q_avg": 9.8,
            "equity": 1065357,
            "current_ratio": 445.09,
            "debt_ratio": 18.92,
            "inventory_turnover_ratio": 8.7,
            "account_receivable_turnover_ratio": 1.48,
            "reinvestment_rate": null,
            "research_to_sale_ratio": 0.05,
            "price_fair": 42.47,
            "eps_avg_yearly": 1.21,
            "eps_latest_yearly": 1.96,
            "eps_growth_yearly": 324.94
        },
        "20131": {
            "year_quarter": 20131,
            "year": 2013,
            "quarter": 1,
            "eps": 0.84,
            "eps_growth_year": null,
            "eps_4q": 1.78,
            "eps_4q_growth_year": null,
            "roe": 7.1,
            "roe_4q": 15.649999999999999,
            "gross_profit": 88945,
            "gross_margin": 7.84,
            "gross_margin_4q_avg": 6.72,
            "net_income": 78823,
            "revenue": 1134982,
            "common_shares": 935702,
            "book_valuer_per_share": 12.33,
            "book_valuer_per_share_4q_avg": 10.81,
            "equity": 1153745,
            "current_ratio": 281.98,
            "debt_ratio": 30.85,
            "inventory_turnover_ratio": 15.02,
            "account_receivable_turnover_ratio": 1.26,
            "reinvestment_rate": null,
            "research_to_sale_ratio": 0.25,
            "price_fair": 53.2,
            "eps_avg_yearly": 1.52,
            "eps_latest_yearly": 3.36,
            "eps_growth_yearly": 319.34
        },
        "20132": {
            "year_quarter": 20132,
            "year": 2013,
            "quarter": 2,
            "eps": 0.95,
            "eps_growth_year": 239.83,
            "eps_4q": 2.36,
            "eps_4q_growth_year": null,
            "roe": 7.58,
            "roe_4q": 19.93,
            "gross_profit": 102395,
            "gross_margin": 7.13,
            "gross_margin_4q_avg": 6.41,
            "net_income": 89288,
            "revenue": 1435672,
            "common_shares": 935702,
            "book_valuer_per_share": 12.84,
            "book_valuer_per_share_4q_avg": 11.87,
            "equity": 1201895,
            "current_ratio": 193.92,
            "debt_ratio": 46.33,
            "inventory_turnover_ratio": 9.18,
            "account_receivable_turnover_ratio": 1.21,
            "reinvestment_rate": null,
            "research_to_sale_ratio": 0.15,
            "price_fair": 66.8,
            "eps_avg_yearly": 1.91,
            "eps_latest_yearly": 3.8,
            "eps_growth_yearly": 255.39
        },
        "20133": {
            "year_quarter": 20133,
            "year": 2013,
            "quarter": 3,
            "eps": 0.99,
            "eps_growth_year": 948.73,
            "eps_4q": 3.25,
            "eps_4q_growth_year": 3227.54,
            "roe": 7.53,
            "roe_4q": 26.59,
            "gross_profit": 115465,
            "gross_margin": 6.98,
            "gross_margin_4q_avg": 7.03,
            "net_income": 93446,
            "revenue": 1655199,
            "common_shares": 945059,
            "book_valuer_per_share": 13.56,
            "book_valuer_per_share_4q_avg": 12.53,
            "equity": 1281320,
            "current_ratio": 251.08,
            "debt_ratio": 35.97,
            "inventory_turnover_ratio": 7.47,
            "account_receivable_turnover_ratio": 1.29,
            "reinvestment_rate": null,
            "research_to_sale_ratio": 0.12,
            "price_fair": 75.6,
            "eps_avg_yearly": 2.16,
            "eps_latest_yearly": 3.96,
            "eps_growth_yearly": 198.54
        },
        "20134": {
            "year_quarter": 20134,
            "year": 2013,
            "quarter": 4,
            "eps": 0.96,
            "eps_growth_year": 95.94,
            "eps_4q": 3.73,
            "eps_4q_growth_year": 330.25,
            "roe": 6.78,
            "roe_4q": 28.990000000000002,
            "gross_profit": 140758,
            "gross_margin": 7.36,
            "gross_margin_4q_avg": 7.33,
            "net_income": 90485,
            "revenue": 1913378,
            "common_shares": 945059,
            "book_valuer_per_share": 14.68,
            "book_valuer_per_share_4q_avg": 13.35,
            "equity": 1387438,
            "current_ratio": 192.62,
            "debt_ratio": 48.35,
            "inventory_turnover_ratio": 4.64,
            "account_receivable_turnover_ratio": 1.35,
            "reinvestment_rate": -169.56,
            "research_to_sale_ratio": 0.11,
            "price_fair": 87.6,
            "eps_avg_yearly": 2.5,
            "eps_latest_yearly": 3.84,
            "eps_growth_yearly": 216.55
        },
        "20141": {
            "year_quarter": 20141,
            "year": 2014,
            "quarter": 1,
            "eps": 1.08,
            "eps_growth_year": 28.57,
            "eps_4q": 3.97,
            "eps_4q_growth_year": 123.28,
            "roe": 7.08,
            "roe_4q": 28.97,
            "gross_profit": 111380,
            "gross_margin": 5.72,
            "gross_margin_4q_avg": 6.8,
            "net_income": 101846,
            "revenue": 1946268,
            "common_shares": 945059,
            "book_valuer_per_share": 15.75,
            "book_valuer_per_share_4q_avg": 14.21,
            "equity": 1488134,
            "current_ratio": 186.15,
            "debt_ratio": 50.4,
            "inventory_turnover_ratio": 2.91,
            "account_receivable_turnover_ratio": 1.16,
            "reinvestment_rate": -62.95,
            "research_to_sale_ratio": 0.22,
            "price_fair": 108,
            "eps_avg_yearly": 3.09,
            "eps_latest_yearly": 4.32,
            "eps_growth_yearly": 271.31
        },
        "20142": {
            "year_quarter": 20142,
            "year": 2014,
            "quarter": 2,
            "eps": 0.25,
            "eps_growth_year": -73.68,
            "eps_4q": 2.84,
            "eps_4q_growth_year": 20.37,
            "roe": 1.62,
            "roe_4q": 23.01,
            "gross_profit": 71108,
            "gross_margin": 6.52,
            "gross_margin_4q_avg": 6.65,
            "net_income": 24071,
            "revenue": 1090408,
            "common_shares": 945059,
            "book_valuer_per_share": 15.64,
            "book_valuer_per_share_4q_avg": 14.91,
            "equity": 1478401,
            "current_ratio": 323.08,
            "debt_ratio": 28.3,
            "inventory_turnover_ratio": 1.71,
            "account_receivable_turnover_ratio": 0.77,
            "reinvestment_rate": -54.5,
            "research_to_sale_ratio": 0.37,
            "price_fair": 98.88,
            "eps_avg_yearly": 2.83,
            "eps_latest_yearly": 1,
            "eps_growth_yearly": 198.97
        },
        "20143": {
            "year_quarter": 20143,
            "year": 2014,
            "quarter": 3,
            "eps": 0.62,
            "eps_growth_year": -37.37,
            "eps_4q": 2.6,
            "eps_4q_growth_year": -20.14,
            "roe": 4.44,
            "roe_4q": 19.92,
            "gross_profit": 79488,
            "gross_margin": 5.99,
            "gross_margin_4q_avg": 6.4,
            "net_income": 67278,
            "revenue": 1326892,
            "common_shares": 1092488,
            "book_valuer_per_share": 14.22,
            "book_valuer_per_share_4q_avg": 15.07,
            "equity": 1553077,
            "current_ratio": 355.17,
            "debt_ratio": 25.68,
            "inventory_turnover_ratio": 3.4,
            "account_receivable_turnover_ratio": 1.15,
            "reinvestment_rate": -6.24,
            "research_to_sale_ratio": 0.53,
            "price_fair": 97.53,
            "eps_avg_yearly": 2.79,
            "eps_latest_yearly": 2.48,
            "eps_growth_yearly": 242.64
        },
        "20144": {
            "year_quarter": 20144,
            "year": 2014,
            "quarter": 4,
            "eps": 0.71,
            "eps_growth_year": -25.34,
            "eps_4q": 2.48,
            "eps_4q_growth_year": -33.34,
            "roe": 4.9,
            "roe_4q": 18.04,
            "gross_profit": 86961,
            "gross_margin": 5.79,
            "gross_margin_4q_avg": 6.01,
            "net_income": 78096,
            "revenue": 1500973,
            "common_shares": 1092488,
            "book_valuer_per_share": 14.99,
            "book_valuer_per_share_4q_avg": 15.15,
            "equity": 1637421,
            "current_ratio": 361.61,
            "debt_ratio": 25.45,
            "inventory_turnover_ratio": 5.99,
            "account_receivable_turnover_ratio": 1.13,
            "reinvestment_rate": -3.13,
            "research_to_sale_ratio": 0.78,
            "price_fair": 97.72,
            "eps_avg_yearly": 2.79,
            "eps_latest_yearly": 2.84,
            "eps_growth_yearly": 224.18
        },
        "20151": {
            "year_quarter": 20151,
            "year": 2015,
            "quarter": 1,
            "eps": 0.06,
            "eps_growth_year": -94.44,
            "eps_4q": 1.61,
            "eps_4q_growth_year": -59.44,
            "roe": 0.39,
            "roe_4q": 11.350000000000001,
            "gross_profit": 47449,
            "gross_margin": 2.76,
            "gross_margin_4q_avg": 5.27,
            "net_income": 6432,
            "revenue": 1719023,
            "common_shares": 1092488,
            "book_valuer_per_share": 15.02,
            "book_valuer_per_share_4q_avg": 14.97,
            "equity": 1640372,
            "current_ratio": 261.89,
            "debt_ratio": 35.6,
            "inventory_turnover_ratio": 5.13,
            "account_receivable_turnover_ratio": 1.17,
            "reinvestment_rate": -2.99,
            "research_to_sale_ratio": 0.37,
            "price_fair": 89.6,
            "eps_avg_yearly": 2.56,
            "eps_latest_yearly": 0.24,
            "eps_growth_yearly": 170.51
        },
        "20152": {
            "year_quarter": 20152,
            "year": 2015,
            "quarter": 2,
            "eps": 0.04,
            "eps_growth_year": -84,
            "eps_4q": 1.43,
            "eps_4q_growth_year": -49.59,
            "roe": 0.27,
            "roe_4q": 10,
            "gross_profit": 74524,
            "gross_margin": 4.05,
            "gross_margin_4q_avg": 4.65,
            "net_income": 4378,
            "revenue": 1839543,
            "common_shares": 1092488,
            "book_valuer_per_share": 14.65,
            "book_valuer_per_share_4q_avg": 14.72,
            "equity": 1600346,
            "current_ratio": 227.18,
            "debt_ratio": 41.31,
            "inventory_turnover_ratio": 4.59,
            "account_receivable_turnover_ratio": 1.07,
            "reinvestment_rate": 0.48,
            "research_to_sale_ratio": 0.29,
            "price_fair": 82.6,
            "eps_avg_yearly": 2.36,
            "eps_latest_yearly": 0.16,
            "eps_growth_yearly": 145.19
        },
        "20153": {
            "year_quarter": 20153,
            "year": 2015,
            "quarter": 3,
            "eps": 1.14,
            "eps_growth_year": 83.87,
            "eps_4q": 1.95,
            "eps_4q_growth_year": -24.93,
            "roe": 7.43,
            "roe_4q": 12.99,
            "gross_profit": 104457,
            "gross_margin": 5.59,
            "gross_margin_4q_avg": 4.55,
            "net_income": 124050,
            "revenue": 1868800,
            "common_shares": 1092488,
            "book_valuer_per_share": 15.91,
            "book_valuer_per_share_4q_avg": 15.14,
            "equity": 1738409,
            "current_ratio": 223.2,
            "debt_ratio": 42.25,
            "inventory_turnover_ratio": 4.34,
            "account_receivable_turnover_ratio": 0.99,
            "reinvestment_rate": 0.7,
            "research_to_sale_ratio": 0.36,
            "price_fair": 88.52,
            "eps_avg_yearly": 2.53,
            "eps_latest_yearly": 4.56,
            "eps_growth_yearly": 980.18
        },
        "20154": {
            "year_quarter": 20154,
            "year": 2015,
            "quarter": 4,
            "eps": 0.44,
            "eps_growth_year": -38.73,
            "eps_4q": 1.67,
            "eps_4q_growth_year": -32.65,
            "roe": 2.72,
            "roe_4q": 10.81,
            "gross_profit": 84030,
            "gross_margin": 4.29,
            "gross_margin_4q_avg": 4.17,
            "net_income": 47852,
            "revenue": 1957235,
            "common_shares": 1092488,
            "book_valuer_per_share": 16.24,
            "book_valuer_per_share_4q_avg": 15.46,
            "equity": 1773959,
            "current_ratio": 233.72,
            "debt_ratio": 40.25,
            "inventory_turnover_ratio": 3.93,
            "account_receivable_turnover_ratio": 1.02,
            "reinvestment_rate": -37.92,
            "research_to_sale_ratio": 0.51,
            "price_fair": 86.6,
            "eps_avg_yearly": 2.47,
            "eps_latest_yearly": 1.76,
            "eps_growth_yearly": 892.62
        },
        "20161": {
            "year_quarter": 20161,
            "year": 2016,
            "quarter": 1,
            "eps": 0.13,
            "eps_growth_year": 116.67,
            "eps_4q": 1.74,
            "eps_4q_growth_year": 8.07,
            "roe": 0.77,
            "roe_4q": 11.19,
            "gross_profit": 60071,
            "gross_margin": 3.98,
            "gross_margin_4q_avg": 4.48,
            "net_income": 13795,
            "revenue": 1508723,
            "common_shares": 1092488,
            "book_valuer_per_share": 16.35,
            "book_valuer_per_share_4q_avg": 15.79,
            "equity": 1786361,
            "current_ratio": 255.71,
            "debt_ratio": 36.71,
            "inventory_turnover_ratio": 2.24,
            "account_receivable_turnover_ratio": 0.9,
            "reinvestment_rate": -31.45,
            "research_to_sale_ratio": 0.48,
            "price_fair": 82.04,
            "eps_avg_yearly": 2.34,
            "eps_latest_yearly": 0.52,
            "eps_growth_yearly": 814.32
        },
        "20162": {
            "year_quarter": 20162,
            "year": 2016,
            "quarter": 2,
            "eps": 0.13,
            "eps_growth_year": 225,
            "eps_4q": 1.84,
            "eps_4q_growth_year": 28.53,
            "roe": 0.85,
            "roe_4q": 11.77,
            "gross_profit": 58164,
            "gross_margin": 3.23,
            "gross_margin_4q_avg": 4.27,
            "net_income": 15052,
            "revenue": 1800387,
            "common_shares": 1092488,
            "book_valuer_per_share": 16.09,
            "book_valuer_per_share_4q_avg": 16.15,
            "equity": 1757510,
            "current_ratio": 263.47,
            "debt_ratio": 35.63,
            "inventory_turnover_ratio": 2.94,
            "account_receivable_turnover_ratio": 1.13,
            "reinvestment_rate": -26.43,
            "research_to_sale_ratio": 0.43,
            "price_fair": 78.05,
            "eps_avg_yearly": 2.23,
            "eps_latest_yearly": 0.52,
            "eps_growth_yearly": 763.43
        },
        "20163": {
            "year_quarter": 20163,
            "year": 2016,
            "quarter": 3,
            "eps": 0.1,
            "eps_growth_year": -91.23,
            "eps_4q": 0.8,
            "eps_4q_growth_year": -59.15,
            "roe": 0.59,
            "roe_4q": 4.93,
            "gross_profit": 60414,
            "gross_margin": 3.64,
            "gross_margin_4q_avg": 3.79,
            "net_income": 10300,
            "revenue": 1661634,
            "common_shares": 1092488,
            "book_valuer_per_share": 16.06,
            "book_valuer_per_share_4q_avg": 16.19,
            "equity": 1755044,
            "current_ratio": 401.76,
            "debt_ratio": 23.14,
            "inventory_turnover_ratio": 5.13,
            "account_receivable_turnover_ratio": 1.07,
            "reinvestment_rate": -26.69,
            "research_to_sale_ratio": 0.27,
            "price_fair": 78.14,
            "eps_avg_yearly": 2.23,
            "eps_latest_yearly": 0.4,
            "eps_growth_yearly": 774.62
        },
        "20164": {
            "year_quarter": 20164,
            "year": 2016,
            "quarter": 4,
            "eps": 0.48,
            "eps_growth_year": 9.68,
            "eps_4q": 0.84,
            "eps_4q_growth_year": -49.85,
            "roe": 2.95,
            "roe_4q": 5.16,
            "gross_profit": 62391,
            "gross_margin": 3.63,
            "gross_margin_4q_avg": 3.62,
            "net_income": 52484,
            "revenue": 1717046,
            "common_shares": 1092488,
            "book_valuer_per_share": 16.49,
            "book_valuer_per_share_4q_avg": 16.25,
            "equity": 1801278,
            "current_ratio": 398.82,
            "debt_ratio": 23.6,
            "inventory_turnover_ratio": 7.38,
            "account_receivable_turnover_ratio": 1.16,
            "reinvestment_rate": -32.12,
            "research_to_sale_ratio": 0.35,
            "price_fair": 78.05,
            "eps_avg_yearly": 2.23,
            "eps_latest_yearly": 1.92,
            "eps_growth_yearly": 758.51
        },
        "20171": {
            "year_quarter": 20171,
            "year": 2017,
            "quarter": 1,
            "eps": -0.64,
            "eps_growth_year": -592.31,
            "eps_4q": 0.07,
            "eps_4q_growth_year": -96.09,
            "roe": -4.01,
            "roe_4q": 0.38000000000000034,
            "gross_profit": 9519,
            "gross_margin": 0.96,
            "gross_margin_4q_avg": 2.87,
            "net_income": -70407,
            "revenue": 994644,
            "common_shares": 1092488,
            "book_valuer_per_share": 15.69,
            "book_valuer_per_share_4q_avg": 16.08,
            "equity": 1713885,
            "current_ratio": 721.55,
            "debt_ratio": 12.85,
            "inventory_turnover_ratio": 5.7,
            "account_receivable_turnover_ratio": 0.77,
            "reinvestment_rate": -9.52,
            "research_to_sale_ratio": 0.49,
            "price_fair": 75.41,
            "eps_avg_yearly": 2.15,
            "eps_latest_yearly": 1.92,
            "eps_growth_yearly": 790.03
        },
        "20172": {
            "year_quarter": 20172,
            "year": 2017,
            "quarter": 2,
            "eps": 0.12,
            "eps_growth_year": -7.69,
            "eps_4q": 0.05,
            "eps_4q_growth_year": -97.03,
            "roe": 0.79,
            "roe_4q": 0.3200000000000004,
            "gross_profit": 32945,
            "gross_margin": 2.08,
            "gross_margin_4q_avg": 2.58,
            "net_income": 13591,
            "revenue": 1583278,
            "common_shares": 1092488,
            "book_valuer_per_share": 15.72,
            "book_valuer_per_share_4q_avg": 15.99,
            "equity": 1717355,
            "current_ratio": 384.5,
            "debt_ratio": 24.47,
            "inventory_turnover_ratio": 8.03,
            "account_receivable_turnover_ratio": 1.32,
            "reinvestment_rate": -11.96,
            "research_to_sale_ratio": 0.31,
            "price_fair": 71.3,
            "eps_avg_yearly": 2.04,
            "eps_latest_yearly": 1.92,
            "eps_growth_yearly": 842.72
        },
        "20173": {
            "year_quarter": 20173,
            "year": 2017,
            "quarter": 3,
            "eps": 0.09,
            "eps_growth_year": -10,
            "eps_4q": 0.05,
            "eps_4q_growth_year": -93.32,
            "roe": 0.59,
            "roe_4q": 0.3200000000000003,
            "gross_profit": 37006,
            "gross_margin": 2.11,
            "gross_margin_4q_avg": 2.2,
            "net_income": 10144,
            "revenue": 1753562,
            "common_shares": 1092488,
            "book_valuer_per_share": 15.86,
            "book_valuer_per_share_4q_avg": 15.94,
            "equity": 1732892,
            "current_ratio": 387.62,
            "debt_ratio": 24.21,
            "inventory_turnover_ratio": 7.61,
            "account_receivable_turnover_ratio": 1.33,
            "reinvestment_rate": -12.59,
            "research_to_sale_ratio": 0.31,
            "price_fair": 62.3,
            "eps_avg_yearly": 1.78,
            "eps_latest_yearly": 0.36,
            "eps_growth_yearly": 834.38
        },
        "20174": {
            "year_quarter": 20174,
            "year": 2017,
            "quarter": 4,
            "eps": -0.09,
            "eps_growth_year": -119.51,
            "eps_4q": -0.52,
            "eps_4q_growth_year": -162.11,
            "roe": -0.59,
            "roe_4q": -3.2199999999999998,
            "gross_profit": 24864,
            "gross_margin": 1.72,
            "gross_margin_4q_avg": 1.72,
            "net_income": -10242,
            "revenue": 1441355,
            "common_shares": 1092488,
            "book_valuer_per_share": 15.78,
            "book_valuer_per_share_4q_avg": 15.76,
            "equity": 1723627,
            "current_ratio": 699.66,
            "debt_ratio": 13.31,
            "inventory_turnover_ratio": 8.3,
            "account_receivable_turnover_ratio": 1.25,
            "reinvestment_rate": -8.23,
            "research_to_sale_ratio": 0.34,
            "price_fair": 56.75,
            "eps_avg_yearly": 1.62,
            "eps_latest_yearly": 0.36,
            "eps_growth_yearly": 899.49
        },
        "20181": {
            "year_quarter": 20181,
            "year": 2018,
            "quarter": 1,
            "eps": 0.74,
            "eps_growth_year": null,
            "eps_4q": 0.9,
            "eps_4q_growth_year": 1217.08,
            "roe": 4.58,
            "roe_4q": 5.37,
            "gross_profit": 123697,
            "gross_margin": 12.98,
            "gross_margin_4q_avg": 4.72,
            "net_income": 77412,
            "revenue": 953106,
            "common_shares": 1092488,
            "book_valuer_per_share": 16.33,
            "book_valuer_per_share_4q_avg": 15.92,
            "equity": 1656992,
            "current_ratio": 487.32,
            "debt_ratio": 19.13,
            "inventory_turnover_ratio": 2.84,
            "account_receivable_turnover_ratio": 0.93,
            "reinvestment_rate": -8.03,
            "research_to_sale_ratio": 0.57,
            "price_fair": 48.88,
            "eps_avg_yearly": 1.4,
            "eps_latest_yearly": 0.36,
            "eps_growth_yearly": 970.28
        },
        "20182": {
            "year_quarter": 20182,
            "year": 2018,
            "quarter": 2,
            "eps": 0.91,
            "eps_growth_year": 658.33,
            "eps_4q": 1.67,
            "eps_4q_growth_year": 2951.97,
            "roe": 5.4,
            "roe_4q": 9.98,
            "gross_profit": 99302,
            "gross_margin": 10.25,
            "gross_margin_4q_avg": 6.77,
            "net_income": 91908,
            "revenue": 968529,
            "common_shares": 1014988,
            "book_valuer_per_share": 17.19,
            "book_valuer_per_share_4q_avg": 16.29,
            "equity": 1744603,
            "current_ratio": 763.81,
            "debt_ratio": 12.23,
            "inventory_turnover_ratio": 2.52,
            "account_receivable_turnover_ratio": 0.95,
            "reinvestment_rate": -6.52,
            "research_to_sale_ratio": 0.58,
            "price_fair": 56.58,
            "eps_avg_yearly": 1.62,
            "eps_latest_yearly": 3.64,
            "eps_growth_yearly": 1003.56
        },
        "20183": {
            "year_quarter": 20183,
            "year": 2018,
            "quarter": 3,
            "eps": 0.54,
            "eps_growth_year": 500,
            "eps_4q": 2.11,
            "eps_4q_growth_year": 3862.43,
            "roe": 3.16,
            "roe_4q": 12.55,
            "gross_profit": 92732,
            "gross_margin": 8.37,
            "gross_margin_4q_avg": 8.33,
            "net_income": 54883,
            "revenue": 1108495,
            "common_shares": 1014988,
            "book_valuer_per_share": 17.05,
            "book_valuer_per_share_4q_avg": 16.59,
            "equity": 1730909,
            "current_ratio": 386.83,
            "debt_ratio": 23.01,
            "inventory_turnover_ratio": 4.56,
            "account_receivable_turnover_ratio": 1.1,
            "reinvestment_rate": -9.96,
            "research_to_sale_ratio": 0.48,
            "price_fair": 55.65,
            "eps_avg_yearly": 1.59,
            "eps_latest_yearly": 2.16,
            "eps_growth_yearly": 940.67
        },
        "20184": {
            "year_quarter": 20184,
            "year": 2018,
            "quarter": 4,
            "eps": 0.2,
            "eps_growth_year": null,
            "eps_4q": 2.41,
            "eps_4q_growth_year": null,
            "roe": 1.16,
            "roe_4q": 14.3,
            "gross_profit": 52285,
            "gross_margin": 4.97,
            "gross_margin_4q_avg": 9.14,
            "net_income": 20101,
            "revenue": 1052902,
            "common_shares": 1014988,
            "book_valuer_per_share": 17.09,
            "book_valuer_per_share_4q_avg": 16.92,
            "equity": 1734124,
            "current_ratio": 619.59,
            "debt_ratio": 13.92,
            "inventory_turnover_ratio": 6.24,
            "account_receivable_turnover_ratio": 1.13,
            "reinvestment_rate": -9.71,
            "research_to_sale_ratio": 0.57,
            "price_fair": 49.7,
            "eps_avg_yearly": 1.42,
            "eps_latest_yearly": 0.8,
            "eps_growth_yearly": 914.84
        },
        "20191": {
            "year_quarter": 20191,
            "year": 2019,
            "quarter": 1,
            "eps": 0.17,
            "eps_growth_year": -77.03,
            "eps_4q": 1.81,
            "eps_4q_growth_year": 102.07,
            "roe": 0.85,
            "roe_4q": 10.57,
            "gross_profit": 45598,
            "gross_margin": 5.34,
            "gross_margin_4q_avg": 7.23,
            "net_income": 15801,
            "revenue": 853094,
            "common_shares": 1014988,
            "book_valuer_per_share": 17.38,
            "book_valuer_per_share_4q_avg": 17.18,
            "equity": 1973823,
            "current_ratio": 347.77,
            "debt_ratio": 26.37,
            "inventory_turnover_ratio": 3.18,
            "account_receivable_turnover_ratio": 0.93,
            "reinvestment_rate": -8.55,
            "research_to_sale_ratio": 0.56,
            "price_fair": 50.98,
            "eps_avg_yearly": 1.46,
            "eps_latest_yearly": 0.68,
            "eps_growth_yearly": 940.36
        },
        "20192": {
            "year_quarter": 20192,
            "year": 2019,
            "quarter": 2,
            "eps": 0.36,
            "eps_growth_year": -60.44,
            "eps_4q": 1.27,
            "eps_4q_growth_year": -23.95,
            "roe": 2.5,
            "roe_4q": 7.67,
            "gross_profit": 108868,
            "gross_margin": 8.14,
            "gross_margin_4q_avg": 6.71,
            "net_income": 47571,
            "revenue": 1337982,
            "common_shares": 1014988,
            "book_valuer_per_share": 16.11,
            "book_valuer_per_share_4q_avg": 16.91,
            "equity": 1824561,
            "current_ratio": 315.8,
            "debt_ratio": 28.76,
            "inventory_turnover_ratio": 3.93,
            "account_receivable_turnover_ratio": 1.34,
            "reinvestment_rate": -16.47,
            "research_to_sale_ratio": 0.37,
            "price_fair": 54.72,
            "eps_avg_yearly": 1.56,
            "eps_latest_yearly": 1.44,
            "eps_growth_yearly": 988.73
        },
        "20193": {
            "year_quarter": 20193,
            "year": 2019,
            "quarter": 3,
            "eps": 0.61,
            "eps_growth_year": 12.96,
            "eps_4q": 1.34,
            "eps_4q_growth_year": -36.58,
            "roe": 3.43,
            "roe_4q": 7.9399999999999995,
            "gross_profit": 77330,
            "gross_margin": 6.4,
            "gross_margin_4q_avg": 6.21,
            "net_income": 63447,
            "revenue": 1208419,
            "common_shares": 1014988,
            "book_valuer_per_share": 16.7,
            "book_valuer_per_share_4q_avg": 16.82,
            "equity": 1879619,
            "current_ratio": 276.6,
            "debt_ratio": 31.1,
            "inventory_turnover_ratio": 3.08,
            "account_receivable_turnover_ratio": 1.15,
            "reinvestment_rate": -21.09,
            "research_to_sale_ratio": 0.24,
            "price_fair": 48.53,
            "eps_avg_yearly": 1.39,
            "eps_latest_yearly": 2.44,
            "eps_growth_yearly": 95.21
        },
        "20194": {
            "year_quarter": 20194,
            "year": 2019,
            "quarter": 4,
            "eps": -0.09,
            "eps_growth_year": -145.28,
            "eps_4q": 1.11,
            "eps_4q_growth_year": -53.96,
            "roe": 0.1,
            "roe_4q": 6.88,
            "gross_profit": 98031,
            "gross_margin": 7.3,
            "gross_margin_4q_avg": 6.8,
            "net_income": 1860,
            "revenue": 1343241,
            "common_shares": 1014988,
            "book_valuer_per_share": 16.08,
            "book_valuer_per_share_4q_avg": 16.57,
            "equity": 1720243,
            "current_ratio": 302.73,
            "debt_ratio": 27.77,
            "inventory_turnover_ratio": 2.87,
            "account_receivable_turnover_ratio": 1.37,
            "reinvestment_rate": -23.72,
            "research_to_sale_ratio": 0.3,
            "price_fair": 47.35,
            "eps_avg_yearly": 1.35,
            "eps_latest_yearly": 2.44,
            "eps_growth_yearly": 126.19
        },
        "20201": {
            "year_quarter": 20201,
            "year": 2020,
            "quarter": 1,
            "eps": -0.01,
            "eps_growth_year": -105.88,
            "eps_4q": 0.93,
            "eps_4q_growth_year": -48.84,
            "roe": -0.14,
            "roe_4q": 5.890000000000001,
            "gross_profit": 31308,
            "gross_margin": 6.22,
            "gross_margin_4q_avg": 7.02,
            "net_income": -2327,
            "revenue": 503496,
            "common_shares": 1014988,
            "book_valuer_per_share": 15.5,
            "book_valuer_per_share_4q_avg": 16.1,
            "equity": 1660205,
            "current_ratio": 304.26,
            "debt_ratio": 26.22,
            "inventory_turnover_ratio": 1.02,
            "account_receivable_turnover_ratio": 0.67,
            "reinvestment_rate": -29.33,
            "research_to_sale_ratio": 0.74,
            "price_fair": 50.26,
            "eps_avg_yearly": 1.44,
            "eps_latest_yearly": 2.44,
            "eps_growth_yearly": 166.99
        },
        "20202": {
            "year_quarter": 20202,
            "year": 2020,
            "quarter": 2,
            "eps": 0.46,
            "eps_growth_year": 27.78,
            "eps_4q": 1.01,
            "eps_4q_growth_year": -20.62,
            "roe": 3.17,
            "roe_4q": 6.5600000000000005,
            "gross_profit": 100888,
            "gross_margin": 9.87,
            "gross_margin_4q_avg": 7.45,
            "net_income": 53242,
            "revenue": 1022128,
            "common_shares": 1014988,
            "book_valuer_per_share": 15.8,
            "book_valuer_per_share_4q_avg": 16.02,
            "equity": 1694874,
            "current_ratio": 283.78,
            "debt_ratio": 28.24,
            "inventory_turnover_ratio": 2.04,
            "account_receivable_turnover_ratio": 1.42,
            "reinvestment_rate": 10.42,
            "research_to_sale_ratio": 0.46,
            "price_fair": 53.82,
            "eps_avg_yearly": 1.54,
            "eps_latest_yearly": 2.44,
            "eps_growth_yearly": 185.55
        },
        "20203": {
            "year_quarter": 20203,
            "year": 2020,
            "quarter": 3,
            "eps": 0.48,
            "eps_growth_year": -21.31,
            "eps_4q": 0.84,
            "eps_4q_growth_year": -37.1,
            "roe": 3.35,
            "roe_4q": 6.4799999999999995,
            "gross_profit": 120567,
            "gross_margin": 7.69,
            "gross_margin_4q_avg": 7.77,
            "net_income": 58861,
            "revenue": 1567190,
            "common_shares": 1014988,
            "book_valuer_per_share": 16.97,
            "book_valuer_per_share_4q_avg": 16.09,
            "equity": 1824271,
            "current_ratio": 232.2,
            "debt_ratio": 34.48,
            "inventory_turnover_ratio": 4.27,
            "account_receivable_turnover_ratio": 1.5,
            "reinvestment_rate": 8.83,
            "research_to_sale_ratio": 0.32,
            "price_fair": 59.73,
            "eps_avg_yearly": 1.71,
            "eps_latest_yearly": 1.92,
            "eps_growth_yearly": 197.74
        },
        "20204": {
            "year_quarter": 20204,
            "year": 2020,
            "quarter": 4,
            "eps": 0.58,
            "eps_growth_year": null,
            "eps_4q": 1.51,
            "eps_4q_growth_year": 36.44,
            "roe": 3.92,
            "roe_4q": 10.299999999999999,
            "gross_profit": 184242,
            "gross_margin": 11.66,
            "gross_margin_4q_avg": 8.86,
            "net_income": 73637,
            "revenue": 1579496,
            "common_shares": 1014988,
            "book_valuer_per_share": 17.87,
            "book_valuer_per_share_4q_avg": 16.54,
            "equity": 1933668,
            "current_ratio": 241.58,
            "debt_ratio": 33.59,
            "inventory_turnover_ratio": 4.49,
            "account_receivable_turnover_ratio": 1.26,
            "reinvestment_rate": 5.29,
            "research_to_sale_ratio": 0.29,
            "price_fair": 61.29,
            "eps_avg_yearly": 1.75,
            "eps_latest_yearly": 2.32,
            "eps_growth_yearly": 38.11
        },
        "20211": {
            "year_quarter": 20211,
            "year": 2021,
            "quarter": 1,
            "eps": 0.51,
            "eps_growth_year": null,
            "eps_4q": 2.03,
            "eps_4q_growth_year": 119.26,
            "roe": 2.94,
            "roe_4q": 13.379999999999999,
            "gross_profit": 133444,
            "gross_margin": 10.92,
            "gross_margin_4q_avg": 10.04,
            "net_income": 58167,
            "revenue": 1221525,
            "common_shares": 1014988,
            "book_valuer_per_share": 18.7,
            "book_valuer_per_share_4q_avg": 17.34,
            "equity": 2020983,
            "current_ratio": 253.95,
            "debt_ratio": 32.33,
            "inventory_turnover_ratio": 2.66,
            "account_receivable_turnover_ratio": 1.02,
            "reinvestment_rate": 3.56,
            "research_to_sale_ratio": 0.45,
            "price_fair": 62.3,
            "eps_avg_yearly": 1.78,
            "eps_latest_yearly": 2.04,
            "eps_growth_yearly": 29.47
        },
        "20212": {
            "year_quarter": 20212,
            "year": 2021,
            "quarter": 2,
            "eps": -0.31,
            "eps_growth_year": -167.39,
            "eps_4q": 1.25,
            "eps_4q_growth_year": 24.57,
            "roe": -0.55,
            "roe_4q": 9.66,
            "gross_profit": 161749,
            "gross_margin": 10.41,
            "gross_margin_4q_avg": 10.17,
            "net_income": -10949,
            "revenue": 1553955,
            "common_shares": 1014988,
            "book_valuer_per_share": 18.1,
            "book_valuer_per_share_4q_avg": 17.91,
            "equity": 1980240,
            "current_ratio": 250.45,
            "debt_ratio": 34.02,
            "inventory_turnover_ratio": 2.34,
            "account_receivable_turnover_ratio": 1.41,
            "reinvestment_rate": -13.5,
            "research_to_sale_ratio": 0.32,
            "price_fair": 62.3,
            "eps_avg_yearly": 1.78,
            "eps_latest_yearly": 2.04,
            "eps_growth_yearly": 29.47
        },
        "20213": {
            "year_quarter": 20213,
            "year": 2021,
            "quarter": 3,
            "eps": 0.4,
            "eps_growth_year": -16.67,
            "eps_4q": 1.17,
            "eps_4q_growth_year": 39.55,
            "roe": 2.36,
            "roe_4q": 8.67,
            "gross_profit": 174059,
            "gross_margin": 9.86,
            "gross_margin_4q_avg": 10.71,
            "net_income": 46433,
            "revenue": 1766067,
            "common_shares": 1014988,
            "book_valuer_per_share": 17.74,
            "book_valuer_per_share_4q_avg": 18.1,
            "equity": 1954009,
            "current_ratio": 256.23,
            "debt_ratio": 34.22,
            "inventory_turnover_ratio": 2.9,
            "account_receivable_turnover_ratio": 1.45,
            "reinvestment_rate": -19.67,
            "research_to_sale_ratio": 0.31,
            "price_fair": 67.82,
            "eps_avg_yearly": 1.94,
            "eps_latest_yearly": 2.04,
            "eps_growth_yearly": 43.85
        },
        "20214": {
            "year_quarter": 20214,
            "year": 2021,
            "quarter": 4,
            "eps": 0.67,
            "eps_growth_year": 16.02,
            "eps_4q": 1.27,
            "eps_4q_growth_year": -16.23,
            "roe": 3.45,
            "roe_4q": 8.200000000000001,
            "gross_profit": 207145,
            "gross_margin": 10.48,
            "gross_margin_4q_avg": 10.42,
            "net_income": 69093,
            "revenue": 1976517,
            "common_shares": 1014988,
            "book_valuer_per_share": 18.74,
            "book_valuer_per_share_4q_avg": 18.32,
            "equity": 2057061,
            "current_ratio": 220.57,
            "debt_ratio": 39.52,
            "inventory_turnover_ratio": 3.67,
            "account_receivable_turnover_ratio": 1.47,
            "reinvestment_rate": -17.95,
            "research_to_sale_ratio": 0.26,
            "price_fair": 70.42,
            "eps_avg_yearly": 2.01,
            "eps_latest_yearly": 2.68,
            "eps_growth_yearly": 66.47
        },
        "20221": {
            "year_quarter": 20221,
            "year": 2022,
            "quarter": 1,
            "eps": 0.71,
            "eps_growth_year": 39.22,
            "eps_4q": 1.47,
            "eps_4q_growth_year": -27.48,
            "roe": 3.6,
            "roe_4q": 8.86,
            "gross_profit": 138571,
            "gross_margin": 9.54,
            "gross_margin_4q_avg": 10.07,
            "net_income": 75607,
            "revenue": 1452281,
            "common_shares": 1014988,
            "book_valuer_per_share": 19.52,
            "book_valuer_per_share_4q_avg": 18.53,
            "equity": 2148110,
            "current_ratio": 261.41,
            "debt_ratio": 33.33,
            "inventory_turnover_ratio": 2.23,
            "account_receivable_turnover_ratio": 1.08,
            "reinvestment_rate": -19.29,
            "research_to_sale_ratio": 0.35,
            "price_fair": 73.05,
            "eps_avg_yearly": 2.09,
            "eps_latest_yearly": 2.84,
            "eps_growth_yearly": 62.6
        },
        "20222": {
            "year_quarter": 20222,
            "year": 2022,
            "quarter": 2,
            "eps": 1.05,
            "eps_growth_year": null,
            "eps_4q": 2.84,
            "eps_4q_growth_year": 126.16,
            "roe": 4.68,
            "roe_4q": 14.09,
            "gross_profit": 166252,
            "gross_margin": 10.23,
            "gross_margin_4q_avg": 10.03,
            "net_income": 100786,
            "revenue": 1625793,
            "common_shares": 1014988,
            "book_valuer_per_share": 19.67,
            "book_valuer_per_share_4q_avg": 18.92,
            "equity": 2157841,
            "current_ratio": 295.52,
            "debt_ratio": 29.51,
            "inventory_turnover_ratio": 2.43,
            "account_receivable_turnover_ratio": 1.18,
            "reinvestment_rate": -17.26,
            "research_to_sale_ratio": 0.4,
            "price_fair": 74.84,
            "eps_avg_yearly": 2.14,
            "eps_latest_yearly": 4.2,
            "eps_growth_yearly": 71.66
        },
        "20223": {
            "year_quarter": 20223,
            "year": 2022,
            "quarter": 3,
            "eps": 1.5,
            "eps_growth_year": 275,
            "eps_4q": 3.94,
            "eps_4q_growth_year": 235.7,
            "roe": 7.26,
            "roe_4q": 18.99,
            "gross_profit": 193657,
            "gross_margin": 11.96,
            "gross_margin_4q_avg": 10.55,
            "net_income": 161767,
            "revenue": 1619038,
            "common_shares": 1014988,
            "book_valuer_per_share": 20.93,
            "book_valuer_per_share_4q_avg": 19.72,
            "equity": 2298479,
            "current_ratio": 267.96,
            "debt_ratio": 33.33,
            "inventory_turnover_ratio": 2.49,
            "account_receivable_turnover_ratio": 1.16,
            "reinvestment_rate": -14.31,
            "research_to_sale_ratio": 0.63,
            "price_fair": 87.05,
            "eps_avg_yearly": 2.49,
            "eps_latest_yearly": 6,
            "eps_growth_yearly": 102.03
        },
        "20224": {
            "year_quarter": 20224,
            "year": 2022,
            "quarter": 4,
            "eps": 0.06,
            "eps_growth_year": -91.82,
            "eps_4q": 3.32,
            "eps_4q_growth_year": 162.12,
            "roe": 1.1,
            "roe_4q": 16.64,
            "gross_profit": 124380,
            "gross_margin": 8.28,
            "gross_margin_4q_avg": 10,
            "net_income": 25305,
            "revenue": 1501562,
            "common_shares": 964988,
            "book_valuer_per_share": 20.95,
            "book_valuer_per_share_4q_avg": 20.27,
            "equity": 2307051,
            "current_ratio": 313.24,
            "debt_ratio": 28.05,
            "inventory_turnover_ratio": 2.73,
            "account_receivable_turnover_ratio": 1.27,
            "reinvestment_rate": -14.61,
            "research_to_sale_ratio": 0.8,
            "price_fair": 85.27,
            "eps_avg_yearly": 2.44,
            "eps_latest_yearly": 0.24,
            "eps_growth_yearly": 90.01
        },
        "20231": {
            "year_quarter": 20231,
            "year": 2023,
            "quarter": 1,
            "eps": 0.35,
            "eps_growth_year": -50.7,
            "eps_4q": 2.96,
            "eps_4q_growth_year": 100.79,
            "roe": 1.44,
            "roe_4q": 14.48,
            "gross_profit": 109103,
            "gross_margin": 9.13,
            "gross_margin_4q_avg": 9.9,
            "net_income": 33869,
            "revenue": 1195091,
            "common_shares": 964988,
            "book_valuer_per_share": 21.78,
            "book_valuer_per_share_4q_avg": 20.83,
            "equity": 2388754,
            "current_ratio": 272.42,
            "debt_ratio": 32.04,
            "inventory_turnover_ratio": 2.09,
            "account_receivable_turnover_ratio": 1.2,
            "reinvestment_rate": -14.22,
            "research_to_sale_ratio": 1.39,
            "price_fair": 87.56,
            "eps_avg_yearly": 2.5,
            "eps_latest_yearly": 1.4,
            "eps_growth_yearly": 271.23
        },
        "20232": {
            "year_quarter": 20232,
            "year": 2023,
            "quarter": 2,
            "eps": 0.63,
            "eps_growth_year": -40,
            "eps_4q": 2.54,
            "eps_4q_growth_year": -10.52,
            "roe": 3.24,
            "roe_4q": 13.04,
            "gross_profit": 155795,
            "gross_margin": 10.54,
            "gross_margin_4q_avg": 9.98,
            "net_income": 76778,
            "revenue": 1478081,
            "common_shares": 964988,
            "book_valuer_per_share": 21.29,
            "book_valuer_per_share_4q_avg": 21.24,
            "equity": 2347301,
            "current_ratio": 229.34,
            "debt_ratio": 38.78,
            "inventory_turnover_ratio": 1.95,
            "account_receivable_turnover_ratio": 1.31,
            "reinvestment_rate": -7.45,
            "research_to_sale_ratio": 1.53,
            "price_fair": 91,
            "eps_avg_yearly": 2.6,
            "eps_latest_yearly": 2.52,
            "eps_growth_yearly": 259.67
        }
    },
    "months": {
        "2001-06": {
            "month": "2001-06",
            "price": "24.28",
            "revenue": 378671
        },
        "2001-07": {
            "month": "2001-07",
            "price": "21.46",
            "revenue": 509019
        },
        "2001-08": {
            "month": "2001-08",
            "price": "19.63",
            "revenue": 649775
        },
        "2001-09": {
            "month": "2001-09",
            "price": "15.54",
            "revenue": 562235
        },
        "2001-10": {
            "month": "2001-10",
            "price": "11.80",
            "revenue": 527776
        },
        "2001-11": {
            "month": "2001-11",
            "price": "14.67",
            "revenue": 540704
        },
        "2001-12": {
            "month": "2001-12",
            "price": "18.48",
            "revenue": 507794
        },
        "2002-01": {
            "month": "2002-01",
            "price": "29.77",
            "revenue": 594938
        },
        "2002-02": {
            "month": "2002-02",
            "price": "31.88",
            "revenue": 401091
        },
        "2002-03": {
            "month": "2002-03",
            "price": "29.89",
            "revenue": 428378
        },
        "2002-04": {
            "month": "2002-04",
            "price": "26.63",
            "revenue": 327205
        },
        "2002-05": {
            "month": "2002-05",
            "price": "20.61",
            "revenue": 308125
        },
        "2002-06": {
            "month": "2002-06",
            "price": "18.17",
            "revenue": 258431
        },
        "2002-07": {
            "month": "2002-07",
            "price": "14.75",
            "revenue": 341128
        },
        "2002-08": {
            "month": "2002-08",
            "price": "13.51",
            "revenue": 515668
        },
        "2002-09": {
            "month": "2002-09",
            "price": "13.20",
            "revenue": 549069
        },
        "2002-10": {
            "month": "2002-10",
            "price": "11.98",
            "revenue": 550892
        },
        "2002-11": {
            "month": "2002-11",
            "price": "11.87",
            "revenue": 435448
        },
        "2002-12": {
            "month": "2002-12",
            "price": "10.42",
            "revenue": 370138
        },
        "2003-01": {
            "month": "2003-01",
            "price": "10.03",
            "revenue": 404875
        },
        "2003-02": {
            "month": "2003-02",
            "price": "9.55",
            "revenue": 355556
        },
        "2003-03": {
            "month": "2003-03",
            "price": "8.82",
            "revenue": 396114
        },
        "2003-04": {
            "month": "2003-04",
            "price": "8.80",
            "revenue": 336485
        },
        "2003-05": {
            "month": "2003-05",
            "price": "8.57",
            "revenue": 348552
        },
        "2003-06": {
            "month": "2003-06",
            "price": "11.47",
            "revenue": 294370
        },
        "2003-07": {
            "month": "2003-07",
            "price": "12.10",
            "revenue": 407325
        },
        "2003-08": {
            "month": "2003-08",
            "price": "10.11",
            "revenue": 376302
        },
        "2003-09": {
            "month": "2003-09",
            "price": "9.48",
            "revenue": 286510
        },
        "2003-10": {
            "month": "2003-10",
            "price": "9.67",
            "revenue": 357962
        },
        "2003-11": {
            "month": "2003-11",
            "price": "9.77",
            "revenue": 418794
        },
        "2003-12": {
            "month": "2003-12",
            "price": "9.56",
            "revenue": 326400
        },
        "2004-01": {
            "month": "2004-01",
            "price": "9.72",
            "revenue": 269123
        },
        "2004-02": {
            "month": "2004-02",
            "price": "10.89",
            "revenue": 350802
        },
        "2004-03": {
            "month": "2004-03",
            "price": "10.36",
            "revenue": 291029
        },
        "2004-04": {
            "month": "2004-04",
            "price": "10.56",
            "revenue": 252708
        },
        "2004-05": {
            "month": "2004-05",
            "price": "8.88",
            "revenue": 269005
        },
        "2004-06": {
            "month": "2004-06",
            "price": "7.79",
            "revenue": 254587
        },
        "2004-07": {
            "month": "2004-07",
            "price": "5.81",
            "revenue": 240471
        },
        "2004-08": {
            "month": "2004-08",
            "price": "5.53",
            "revenue": 274085
        },
        "2004-09": {
            "month": "2004-09",
            "price": "4.99",
            "revenue": 277650
        },
        "2004-10": {
            "month": "2004-10",
            "price": "4.83",
            "revenue": 269498
        },
        "2004-11": {
            "month": "2004-11",
            "price": "5.52",
            "revenue": 258433
        },
        "2004-12": {
            "month": "2004-12",
            "price": "5.22",
            "revenue": 272105
        },
        "2005-01": {
            "month": "2005-01",
            "price": "4.34",
            "revenue": 214638
        },
        "2005-02": {
            "month": "2005-02",
            "price": "4.22",
            "revenue": 204487
        },
        "2005-03": {
            "month": "2005-03",
            "price": "4.52",
            "revenue": 187489
        },
        "2005-04": {
            "month": "2005-04",
            "price": "4.09",
            "revenue": 207323
        },
        "2005-05": {
            "month": "2005-05",
            "price": "4.13",
            "revenue": 221730
        },
        "2005-06": {
            "month": "2005-06",
            "price": "5.65",
            "revenue": 154795
        },
        "2005-07": {
            "month": "2005-07",
            "price": "6.58",
            "revenue": 126912
        },
        "2005-08": {
            "month": "2005-08",
            "price": "5.15",
            "revenue": 152346
        },
        "2005-09": {
            "month": "2005-09",
            "price": "4.74",
            "revenue": 162723
        },
        "2005-10": {
            "month": "2005-10",
            "price": "4.19",
            "revenue": 169784
        },
        "2005-11": {
            "month": "2005-11",
            "price": "4.01",
            "revenue": 192303
        },
        "2005-12": {
            "month": "2005-12",
            "price": "4.19",
            "revenue": 170710
        },
        "2006-01": {
            "month": "2006-01",
            "price": "4.50",
            "revenue": 164418
        },
        "2006-02": {
            "month": "2006-02",
            "price": "4.20",
            "revenue": 170554
        },
        "2006-03": {
            "month": "2006-03",
            "price": "4.14",
            "revenue": 202180
        },
        "2006-04": {
            "month": "2006-04",
            "price": "6.92",
            "revenue": 263705
        },
        "2006-05": {
            "month": "2006-05",
            "price": "7.82",
            "revenue": 181158
        },
        "2006-06": {
            "month": "2006-06",
            "price": "8.78",
            "revenue": 177521
        },
        "2006-07": {
            "month": "2006-07",
            "price": "8.05",
            "revenue": 209861
        },
        "2006-08": {
            "month": "2006-08",
            "price": "8.58",
            "revenue": 317109
        },
        "2006-09": {
            "month": "2006-09",
            "price": "9.09",
            "revenue": 382735
        },
        "2006-10": {
            "month": "2006-10",
            "price": "12.61",
            "revenue": 442205
        },
        "2006-11": {
            "month": "2006-11",
            "price": "22.83",
            "revenue": 400028
        },
        "2006-12": {
            "month": "2006-12",
            "price": "25.99",
            "revenue": 446428
        },
        "2007-01": {
            "month": "2007-01",
            "price": "20.36",
            "revenue": 421152
        },
        "2007-02": {
            "month": "2007-02",
            "price": "17.97",
            "revenue": 302552
        },
        "2007-03": {
            "month": "2007-03",
            "price": "19.84",
            "revenue": 398968
        },
        "2007-04": {
            "month": "2007-04",
            "price": "20.44",
            "revenue": 293351
        },
        "2007-05": {
            "month": "2007-05",
            "price": "17.43",
            "revenue": 280412
        },
        "2007-06": {
            "month": "2007-06",
            "price": "17.99",
            "revenue": 253331
        },
        "2007-07": {
            "month": "2007-07",
            "price": "19.01",
            "revenue": 281929
        },
        "2007-08": {
            "month": "2007-08",
            "price": "15.48",
            "revenue": 235608
        },
        "2007-09": {
            "month": "2007-09",
            "price": "12.32",
            "revenue": 161422
        },
        "2007-10": {
            "month": "2007-10",
            "price": "10.74",
            "revenue": 146042
        },
        "2007-11": {
            "month": "2007-11",
            "price": "8.22",
            "revenue": 157282
        },
        "2007-12": {
            "month": "2007-12",
            "price": "6.99",
            "revenue": 153695
        },
        "2008-01": {
            "month": "2008-01",
            "price": "6.16",
            "revenue": 182282
        },
        "2008-02": {
            "month": "2008-02",
            "price": "5.77",
            "revenue": 157226
        },
        "2008-03": {
            "month": "2008-03",
            "price": "7.30",
            "revenue": 185194
        },
        "2008-04": {
            "month": "2008-04",
            "price": "7.19",
            "revenue": 184035
        },
        "2008-05": {
            "month": "2008-05",
            "price": "6.66",
            "revenue": 205771
        },
        "2008-06": {
            "month": "2008-06",
            "price": "5.51",
            "revenue": 103588
        },
        "2008-07": {
            "month": "2008-07",
            "price": "4.29",
            "revenue": 154806
        },
        "2008-08": {
            "month": "2008-08",
            "price": "3.94",
            "revenue": 147840
        },
        "2008-09": {
            "month": "2008-09",
            "price": "2.84",
            "revenue": 162782
        },
        "2008-10": {
            "month": "2008-10",
            "price": "2.26",
            "revenue": 124801
        },
        "2008-11": {
            "month": "2008-11",
            "price": "2.37",
            "revenue": 71638
        },
        "2008-12": {
            "month": "2008-12",
            "price": "2.99",
            "revenue": 78276
        },
        "2009-01": {
            "month": "2009-01",
            "price": "2.87",
            "revenue": 81010
        },
        "2009-02": {
            "month": "2009-02",
            "price": "3.02",
            "revenue": 74523
        },
        "2009-03": {
            "month": "2009-03",
            "price": "5.35",
            "revenue": 146551
        },
        "2009-04": {
            "month": "2009-04",
            "price": "6.13",
            "revenue": 150644
        },
        "2009-05": {
            "month": "2009-05",
            "price": "5.89",
            "revenue": 145548
        },
        "2009-06": {
            "month": "2009-06",
            "price": "5.87",
            "revenue": 165366
        },
        "2009-07": {
            "month": "2009-07",
            "price": "7.17",
            "revenue": 214148
        },
        "2009-08": {
            "month": "2009-08",
            "price": "9.13",
            "revenue": 242966
        },
        "2009-09": {
            "month": "2009-09",
            "price": "12.48",
            "revenue": 289055
        },
        "2009-10": {
            "month": "2009-10",
            "price": "14.82",
            "revenue": 417051
        },
        "2009-11": {
            "month": "2009-11",
            "price": "16.11",
            "revenue": 421086
        },
        "2009-12": {
            "month": "2009-12",
            "price": "17.73",
            "revenue": 406210
        },
        "2010-01": {
            "month": "2010-01",
            "price": "22.59",
            "revenue": 230488
        },
        "2010-02": {
            "month": "2010-02",
            "price": "18.65",
            "revenue": 247035
        },
        "2010-03": {
            "month": "2010-03",
            "price": "20.96",
            "revenue": 485177
        },
        "2010-04": {
            "month": "2010-04",
            "price": "20.79",
            "revenue": 250053
        },
        "2010-05": {
            "month": "2010-05",
            "price": "16.74",
            "revenue": 211338
        },
        "2010-06": {
            "month": "2010-06",
            "price": "16.83",
            "revenue": 134682
        },
        "2010-07": {
            "month": "2010-07",
            "price": "15.71",
            "revenue": 251935
        },
        "2010-08": {
            "month": "2010-08",
            "price": "15.30",
            "revenue": 179860
        },
        "2010-09": {
            "month": "2010-09",
            "price": "13.87",
            "revenue": 267595
        },
        "2010-10": {
            "month": "2010-10",
            "price": "11.82",
            "revenue": 309823
        },
        "2010-11": {
            "month": "2010-11",
            "price": "10.43",
            "revenue": 158892
        },
        "2010-12": {
            "month": "2010-12",
            "price": "11.17",
            "revenue": 102405
        },
        "2011-01": {
            "month": "2011-01",
            "price": "10.85",
            "revenue": 178709
        },
        "2011-02": {
            "month": "2011-02",
            "price": "11.28",
            "revenue": 104573
        },
        "2011-03": {
            "month": "2011-03",
            "price": "10.25",
            "revenue": 147140
        },
        "2011-04": {
            "month": "2011-04",
            "price": "9.75",
            "revenue": 61410
        },
        "2011-05": {
            "month": "2011-05",
            "price": "7.70",
            "revenue": 107025
        },
        "2011-06": {
            "month": "2011-06",
            "price": "7.25",
            "revenue": 91018
        },
        "2011-07": {
            "month": "2011-07",
            "price": "6.59",
            "revenue": 7627
        },
        "2011-08": {
            "month": "2011-08",
            "price": "7.07",
            "revenue": 60125
        },
        "2011-09": {
            "month": "2011-09",
            "price": "6.85",
            "revenue": 76905
        },
        "2011-10": {
            "month": "2011-10",
            "price": "5.89",
            "revenue": 41079
        },
        "2011-11": {
            "month": "2011-11",
            "price": "7.96",
            "revenue": 35283
        },
        "2011-12": {
            "month": "2011-12",
            "price": "10.83",
            "revenue": 6588
        },
        "2012-01": {
            "month": "2012-01",
            "price": "15.54",
            "revenue": 18357
        },
        "2012-02": {
            "month": "2012-02",
            "price": "18.98",
            "revenue": 55440
        },
        "2012-03": {
            "month": "2012-03",
            "price": "28.23",
            "revenue": 157405
        },
        "2012-04": {
            "month": "2012-04",
            "price": "26.47",
            "revenue": 173223
        },
        "2012-05": {
            "month": "2012-05",
            "price": "26.27",
            "revenue": 207217
        },
        "2012-06": {
            "month": "2012-06",
            "price": "33.14",
            "revenue": 184978
        },
        "2012-07": {
            "month": "2012-07",
            "price": "37.92",
            "revenue": 195460
        },
        "2012-08": {
            "month": "2012-08",
            "price": "38.20",
            "revenue": 201966
        },
        "2012-09": {
            "month": "2012-09",
            "price": "35.94",
            "revenue": 221426
        },
        "2012-10": {
            "month": "2012-10",
            "price": "44.79",
            "revenue": 280232
        },
        "2012-11": {
            "month": "2012-11",
            "price": "46.92",
            "revenue": 303386
        },
        "2012-12": {
            "month": "2012-12",
            "price": "44.43",
            "revenue": 327189
        },
        "2013-01": {
            "month": "2013-01",
            "price": "41.11",
            "revenue": 299035
        },
        "2013-02": {
            "month": "2013-02",
            "price": "42.87",
            "revenue": 409891
        },
        "2013-03": {
            "month": "2013-03",
            "price": "46.17",
            "revenue": 426057
        },
        "2013-04": {
            "month": "2013-04",
            "price": "45.06",
            "revenue": 451707
        },
        "2013-05": {
            "month": "2013-05",
            "price": "43.87",
            "revenue": 464305
        },
        "2013-06": {
            "month": "2013-06",
            "price": "43.44",
            "revenue": 519660
        },
        "2013-07": {
            "month": "2013-07",
            "price": "42.11",
            "revenue": 519503
        },
        "2013-08": {
            "month": "2013-08",
            "price": "42.20",
            "revenue": 635691
        },
        "2013-09": {
            "month": "2013-09",
            "price": "45.86",
            "revenue": 500004
        },
        "2013-10": {
            "month": "2013-10",
            "price": "41.60",
            "revenue": 572195
        },
        "2013-11": {
            "month": "2013-11",
            "price": "44.40",
            "revenue": 582778
        },
        "2013-12": {
            "month": "2013-12",
            "price": "44.70",
            "revenue": 758405
        },
        "2014-01": {
            "month": "2014-01",
            "price": "44.82",
            "revenue": 669741
        },
        "2014-02": {
            "month": "2014-02",
            "price": "45.93",
            "revenue": 636093
        },
        "2014-03": {
            "month": "2014-03",
            "price": "44.79",
            "revenue": 640434
        },
        "2014-04": {
            "month": "2014-04",
            "price": "52.78",
            "revenue": 345550
        },
        "2014-05": {
            "month": "2014-05",
            "price": "41.24",
            "revenue": 329200
        },
        "2014-06": {
            "month": "2014-06",
            "price": "40.62",
            "revenue": 415658
        },
        "2014-07": {
            "month": "2014-07",
            "price": "40.15",
            "revenue": 420089
        },
        "2014-08": {
            "month": "2014-08",
            "price": "32.91",
            "revenue": 454820
        },
        "2014-09": {
            "month": "2014-09",
            "price": "29.46",
            "revenue": 451983
        },
        "2014-10": {
            "month": "2014-10",
            "price": "29.72",
            "revenue": 470549
        },
        "2014-11": {
            "month": "2014-11",
            "price": "29.27",
            "revenue": 598949
        },
        "2014-12": {
            "month": "2014-12",
            "price": "28.51",
            "revenue": 431474
        },
        "2015-01": {
            "month": "2015-01",
            "price": "28.33",
            "revenue": 583060
        },
        "2015-02": {
            "month": "2015-02",
            "price": "28.74",
            "revenue": 400206
        },
        "2015-03": {
            "month": "2015-03",
            "price": "28.96",
            "revenue": 735756
        },
        "2015-04": {
            "month": "2015-04",
            "price": "29.94",
            "revenue": 632577
        },
        "2015-05": {
            "month": "2015-05",
            "price": "24.66",
            "revenue": 614265
        },
        "2015-06": {
            "month": "2015-06",
            "price": "24.09",
            "revenue": 592702
        },
        "2015-07": {
            "month": "2015-07",
            "price": "21.30",
            "revenue": 602820
        },
        "2015-08": {
            "month": "2015-08",
            "price": "12.66",
            "revenue": 645337
        },
        "2015-09": {
            "month": "2015-09",
            "price": "14.94",
            "revenue": 620644
        },
        "2015-10": {
            "month": "2015-10",
            "price": "15.16",
            "revenue": 637285
        },
        "2015-11": {
            "month": "2015-11",
            "price": "18.62",
            "revenue": 657726
        },
        "2015-12": {
            "month": "2015-12",
            "price": "21.00",
            "revenue": 662222
        },
        "2016-01": {
            "month": "2016-01",
            "price": "20.26",
            "revenue": 661021
        },
        "2016-02": {
            "month": "2016-02",
            "price": "22.20",
            "revenue": 257347
        },
        "2016-03": {
            "month": "2016-03",
            "price": "20.36",
            "revenue": 590356
        },
        "2016-04": {
            "month": "2016-04",
            "price": "18.61",
            "revenue": 670632
        },
        "2016-05": {
            "month": "2016-05",
            "price": "18.94",
            "revenue": 579746
        },
        "2016-06": {
            "month": "2016-06",
            "price": "19.15",
            "revenue": 550008
        },
        "2016-07": {
            "month": "2016-07",
            "price": "21.82",
            "revenue": 576316
        },
        "2016-08": {
            "month": "2016-08",
            "price": "23.10",
            "revenue": 573808
        },
        "2016-09": {
            "month": "2016-09",
            "price": "24.51",
            "revenue": 511510
        },
        "2016-10": {
            "month": "2016-10",
            "price": "21.66",
            "revenue": 644822
        },
        "2016-11": {
            "month": "2016-11",
            "price": "20.50",
            "revenue": 611802
        },
        "2016-12": {
            "month": "2016-12",
            "price": "20.94",
            "revenue": 460423
        },
        "2017-01": {
            "month": "2017-01",
            "price": "19.98",
            "revenue": 287044
        },
        "2017-02": {
            "month": "2017-02",
            "price": "19.81",
            "revenue": 314458
        },
        "2017-03": {
            "month": "2017-03",
            "price": "19.22",
            "revenue": 393142
        },
        "2017-04": {
            "month": "2017-04",
            "price": "18.47",
            "revenue": 440648
        },
        "2017-05": {
            "month": "2017-05",
            "price": "17.42",
            "revenue": 598626
        },
        "2017-06": {
            "month": "2017-06",
            "price": "17.22",
            "revenue": 544004
        },
        "2017-07": {
            "month": "2017-07",
            "price": "17.24",
            "revenue": 624935
        },
        "2017-08": {
            "month": "2017-08",
            "price": "17.21",
            "revenue": 488822
        },
        "2017-09": {
            "month": "2017-09",
            "price": "17.12",
            "revenue": 639804
        },
        "2017-10": {
            "month": "2017-10",
            "price": "16.97",
            "revenue": 509626
        },
        "2017-11": {
            "month": "2017-11",
            "price": "16.15",
            "revenue": 530985
        },
        "2017-12": {
            "month": "2017-12",
            "price": "15.17",
            "revenue": 400744
        },
        "2018-01": {
            "month": "2018-01",
            "price": "16.99",
            "revenue": 284959
        },
        "2018-02": {
            "month": "2018-02",
            "price": "23.78",
            "revenue": 226885
        },
        "2018-03": {
            "month": "2018-03",
            "price": "32.15",
            "revenue": 441262
        },
        "2018-04": {
            "month": "2018-04",
            "price": "27.11",
            "revenue": 343750
        },
        "2018-05": {
            "month": "2018-05",
            "price": "30.22",
            "revenue": 317592
        },
        "2018-06": {
            "month": "2018-06",
            "price": "30.87",
            "revenue": 307187
        },
        "2018-07": {
            "month": "2018-07",
            "price": "30.93",
            "revenue": 428639
        },
        "2018-08": {
            "month": "2018-08",
            "price": "38.81",
            "revenue": 365830
        },
        "2018-09": {
            "month": "2018-09",
            "price": "47.02",
            "revenue": 314027
        },
        "2018-10": {
            "month": "2018-10",
            "price": "34.73",
            "revenue": 313106
        },
        "2018-11": {
            "month": "2018-11",
            "price": "30.19",
            "revenue": 407478
        },
        "2018-12": {
            "month": "2018-12",
            "price": "35.94",
            "revenue": 332317
        },
        "2019-01": {
            "month": "2019-01",
            "price": "34.80",
            "revenue": 234709
        },
        "2019-02": {
            "month": "2019-02",
            "price": "32.88",
            "revenue": 221417
        },
        "2019-03": {
            "month": "2019-03",
            "price": "31.54",
            "revenue": 396969
        },
        "2019-04": {
            "month": "2019-04",
            "price": "30.86",
            "revenue": 457884
        },
        "2019-05": {
            "month": "2019-05",
            "price": "28.30",
            "revenue": 404686
        },
        "2019-06": {
            "month": "2019-06",
            "price": "29.66",
            "revenue": 481884
        },
        "2019-07": {
            "month": "2019-07",
            "price": "30.87",
            "revenue": 449532
        },
        "2019-08": {
            "month": "2019-08",
            "price": "28.62",
            "revenue": 382448
        },
        "2019-09": {
            "month": "2019-09",
            "price": "27.75",
            "revenue": 376439
        },
        "2019-10": {
            "month": "2019-10",
            "price": "28.90",
            "revenue": 363705
        },
        "2019-11": {
            "month": "2019-11",
            "price": "30.51",
            "revenue": 436171
        },
        "2019-12": {
            "month": "2019-12",
            "price": "30.59",
            "revenue": 538961
        },
        "2020-01": {
            "month": "2020-01",
            "price": "30.58",
            "revenue": 173330
        },
        "2020-02": {
            "month": "2020-02",
            "price": "29.51",
            "revenue": 63465
        },
        "2020-03": {
            "month": "2020-03",
            "price": "26.17",
            "revenue": 266702
        },
        "2020-04": {
            "month": "2020-04",
            "price": "25.88",
            "revenue": 265630
        },
        "2020-05": {
            "month": "2020-05",
            "price": "24.82",
            "revenue": 333561
        },
        "2020-06": {
            "month": "2020-06",
            "price": "24.41",
            "revenue": 422937
        },
        "2020-07": {
            "month": "2020-07",
            "price": "24.88",
            "revenue": 470379
        },
        "2020-08": {
            "month": "2020-08",
            "price": "24.01",
            "revenue": 462857
        },
        "2020-09": {
            "month": "2020-09",
            "price": "24.97",
            "revenue": 633953
        },
        "2020-10": {
            "month": "2020-10",
            "price": "27.49",
            "revenue": 412648
        },
        "2020-11": {
            "month": "2020-11",
            "price": "30.10",
            "revenue": 482300
        },
        "2020-12": {
            "month": "2020-12",
            "price": "29.59",
            "revenue": 684549
        },
        "2021-01": {
            "month": "2021-01",
            "price": "28.00",
            "revenue": 417306
        },
        "2021-02": {
            "month": "2021-02",
            "price": "27.55",
            "revenue": 357571
        },
        "2021-03": {
            "month": "2021-03",
            "price": "32.65",
            "revenue": 446647
        },
        "2021-04": {
            "month": "2021-04",
            "price": "38.01",
            "revenue": 470447
        },
        "2021-05": {
            "month": "2021-05",
            "price": "31.34",
            "revenue": 608799
        },
        "2021-06": {
            "month": "2021-06",
            "price": "30.37",
            "revenue": 474710
        },
        "2021-07": {
            "month": "2021-07",
            "price": "28.38",
            "revenue": 538355
        },
        "2021-08": {
            "month": "2021-08",
            "price": "27.09",
            "revenue": 572013
        },
        "2021-09": {
            "month": "2021-09",
            "price": "25.59",
            "revenue": 655699
        },
        "2021-10": {
            "month": "2021-10",
            "price": "24.74",
            "revenue": 462096
        },
        "2021-11": {
            "month": "2021-11",
            "price": "27.21",
            "revenue": 601399
        },
        "2021-12": {
            "month": "2021-12",
            "price": "28.01",
            "revenue": 913022
        },
        "2022-01": {
            "month": "2022-01",
            "price": "28.74",
            "revenue": 475271
        },
        "2022-02": {
            "month": "2022-02",
            "price": "29.49",
            "revenue": 407437
        },
        "2022-03": {
            "month": "2022-03",
            "price": "26.73",
            "revenue": 569574
        },
        "2022-04": {
            "month": "2022-04",
            "price": "27.67",
            "revenue": 490459
        },
        "2022-05": {
            "month": "2022-05",
            "price": "30.56",
            "revenue": 571380
        },
        "2022-06": {
            "month": "2022-06",
            "price": "29.98",
            "revenue": 563954
        },
        "2022-07": {
            "month": "2022-07",
            "price": "27.56",
            "revenue": 478478
        },
        "2022-08": {
            "month": "2022-08",
            "price": "26.67",
            "revenue": 537114
        },
        "2022-09": {
            "month": "2022-09",
            "price": "25.83",
            "revenue": 603446
        },
        "2022-10": {
            "month": "2022-10",
            "price": "23.22",
            "revenue": 380386
        },
        "2022-11": {
            "month": "2022-11",
            "price": "26.96",
            "revenue": 561258
        },
        "2022-12": {
            "month": "2022-12",
            "price": "28.73",
            "revenue": 559917
        },
        "2023-01": {
            "month": "2023-01",
            "price": "30.12",
            "revenue": 310852
        },
        "2023-02": {
            "month": "2023-02",
            "price": "33.87",
            "revenue": 345160
        },
        "2023-03": {
            "month": "2023-03",
            "price": "32.98",
            "revenue": 539079
        },
        "2023-04": {
            "month": "2023-04",
            "price": "32.29",
            "revenue": 484197
        },
        "2023-05": {
            "month": "2023-05",
            "price": "29.68",
            "revenue": 521813
        },
        "2023-06": {
            "month": "2023-06",
            "price": "39.50",
            "revenue": 472071
        },
        "2023-07": {
            "month": "2023-07",
            "price": "47.34",
            "revenue": 758649
        },
        "2023-08": {
            "month": "2023-08",
            "price": "51.49",
            "revenue": 695313
        }
    }
}
