{
    "summary": {
        "stock_name": "鼎元",
        "stock_id": "2426",
        "category": "光電",
        "main_business": "砷化鎵, 紅外線, 發光二極體, 雷射二極體, 光電晶體, 光二極體,<br>單晶, 磊晶, 晶粒之研發, 製造, 銷售. 兼營相關之進出口貿易<br>光電系統之研究開發, 製造, 銷售.",
        "website_url": "http://www.tyntek.com.tw",
        "ceo": "李榮寰",
        "pe_ratio": -22,
        "report_year_from": 2001,
        "report_year_to": 2023,
        "age": 22,
        "eps_negative_percentage": 26,
        "eps_growth_avg": {
            "last_all": 7.82,
            "last_2y": 22.4,
            "last_4y": 20.26,
            "last_8y": 5.52,
            "last_12y": -2.72,
            "last_16y": -2.4,
            "last_20y": 7.82,
            "at_2006_last_3y": 41.04,
            "at_2007_last_3y": 27.76,
            "at_2008_last_3y": -10.81,
            "at_2009_last_3y": -1.3,
            "at_2010_last_3y": -25.11,
            "at_2011_last_3y": -57.14,
            "at_2012_last_3y": -35.71,
            "at_2013_last_3y": -35.71,
            "at_2014_last_3y": -100,
            "at_2015_last_3y": -3.17,
            "at_2016_last_3y": -13.88,
            "at_2017_last_3y": -19.04,
            "at_2018_last_3y": 10.72,
            "at_2019_last_3y": -4.96,
            "at_2020_last_3y": 17.99,
            "at_2021_last_3y": 50.32,
            "at_2022_last_3y": 0.32,
            "at_2023_last_3y": 0.32,
            "at_2006_last_all": 52.83,
            "at_2007_last_all": 43.37,
            "at_2008_last_all": 22.89,
            "at_2009_last_all": 22.89,
            "at_2010_last_all": 23.6,
            "at_2011_last_all": 9.87,
            "at_2012_last_all": 9.87,
            "at_2013_last_all": 9.87,
            "at_2014_last_all": 9.87,
            "at_2015_last_all": 8.56,
            "at_2016_last_all": 5.55,
            "at_2017_last_all": 2.64,
            "at_2018_last_all": 10.13,
            "at_2019_last_all": 4.7,
            "at_2020_last_all": 8.87,
            "at_2021_last_all": 14.56,
            "at_2022_last_all": 7.82,
            "at_2023_last_all": 7.82
        },
        "latest_eps": -0.84,
        "latest_price": 18.7,
        "latest_roe": -6.26,
        "latest_gross_margin": 4.57,
        "latest_equity": 3964121,
        "latest_revenue": 523242,
        "latest_gross_profit": 23910,
        "latest_net_income": -37814,
        "latest_debt_ratio": 25.43,
        "latest_current_ratio": 377.17,
        "latest_account_receivable_turnover_ratio": 0.77,
        "latest_inventory_turnover_ratio": 0.62,
        "latest_reinvestment_rate": -35.01,
        "latest_research_to_sale_ratio": 7.26
    },
    "eps_dividends": {
        "1997": {
            "cash": 0,
            "stock": 1,
            "eps": 0
        },
        "1999": {
            "cash": 0,
            "stock": 1.6,
            "eps": 0
        },
        "2000": {
            "cash": 0,
            "stock": 1.5,
            "eps": 0
        },
        "2001": {
            "cash": 0,
            "stock": 1.5,
            "eps": 0.23
        },
        "2002": {
            "cash": 0,
            "stock": 0.5,
            "eps": 0.63
        },
        "2003": {
            "cash": 0.1,
            "stock": 0.5,
            "eps": 0.94
        },
        "2004": {
            "cash": 0.2,
            "stock": 0.5,
            "eps": 1.45
        },
        "2005": {
            "cash": 0.5,
            "stock": 0.5,
            "eps": 0.88
        },
        "2006": {
            "cash": 0.43,
            "stock": 0.57,
            "eps": 1.79
        },
        "2007": {
            "cash": 0.6,
            "stock": 0.6,
            "eps": 1.72
        },
        "2008": {
            "cash": 0.6,
            "stock": 0.7,
            "eps": -0.03
        },
        "2009": {
            "cash": 0,
            "stock": 0.3,
            "eps": 0.35
        },
        "2010": {
            "cash": 0.32,
            "stock": 0,
            "eps": 0.45
        },
        "2011": {
            "cash": 0.5,
            "stock": 0.51,
            "eps": -0.49
        },
        "2012": {
            "cash": 0,
            "stock": 0,
            "eps": -1.99
        },
        "2013": {
            "cash": 0,
            "stock": 0,
            "eps": -2.75
        },
        "2014": {
            "cash": 0,
            "stock": 0,
            "eps": 1.26
        },
        "2015": {
            "cash": 0.9,
            "stock": 0,
            "eps": 1.22
        },
        "2016": {
            "cash": 1.02,
            "stock": 0,
            "eps": 0.92
        },
        "2017": {
            "cash": 0.9,
            "stock": 0,
            "eps": 0.65
        },
        "2018": {
            "cash": 0.7,
            "stock": 0,
            "eps": 1.79
        },
        "2019": {
            "cash": 1.2,
            "stock": 0,
            "eps": 0.61
        },
        "2020": {
            "cash": 0.3,
            "stock": 0,
            "eps": 1.02
        },
        "2021": {
            "cash": 0.75,
            "stock": 0,
            "eps": 2.42
        },
        "2022": {
            "cash": 1,
            "stock": 0,
            "eps": -0.61
        },
        "2023": {
            "cash": 0,
            "stock": 0,
            "eps": -0.12
        }
    },
    "dividends": {
        "1997-05-24": {
            "cash": 0,
            "stock": 1
        },
        "1999-06-16": {
            "cash": 0,
            "stock": 1.6
        },
        "2000-06-13": {
            "cash": 0,
            "stock": 1.5
        },
        "2001-06-08": {
            "cash": 0,
            "stock": 1.5
        },
        "2002-06-17": {
            "cash": 0,
            "stock": 0.5
        },
        "2003-04-03": {
            "cash": 0.1,
            "stock": 0.5
        },
        "2004-04-01": {
            "cash": 0.2,
            "stock": 0.5
        },
        "2005-03-24": {
            "cash": 0.5,
            "stock": 0.5
        },
        "2006-07-31": {
            "cash": 0.43,
            "stock": 0.57
        },
        "2007-04-26": {
            "cash": 0.6,
            "stock": 0.6
        },
        "2008-04-17": {
            "cash": 0.6,
            "stock": 0.7
        },
        "2009-04-27": {
            "cash": 0,
            "stock": 0.3
        },
        "2010-03-16": {
            "cash": 0.32,
            "stock": 0
        },
        "2011-01-01": {
            "cash": 0,
            "stock": 0.51
        },
        "2011-04-20": {
            "cash": 0.5,
            "stock": 0
        },
        "2015-07-31": {
            "cash": 0.9,
            "stock": 0
        },
        "2016-08-24": {
            "cash": 1.02,
            "stock": 0
        },
        "2017-08-10": {
            "cash": 0.9,
            "stock": 0
        },
        "2018-08-07": {
            "cash": 0.7,
            "stock": 0
        },
        "2019-08-09": {
            "cash": 1.2,
            "stock": 0
        },
        "2020-07-16": {
            "cash": 0.3,
            "stock": 0
        },
        "2021-08-05": {
            "cash": 0.75,
            "stock": 0
        },
        "2022-09-07": {
            "cash": 1,
            "stock": 0
        }
    },
    "prices": {
        "200101": "17.66",
        "200102": "23.26",
        "200103": "29.29",
        "200104": "29.22",
        "200105": "23.57",
        "200106": "24.00",
        "200107": "17.20",
        "200108": "15.25",
        "200109": "10.82",
        "200110": "9.79",
        "200111": "12.11",
        "200112": "17.18",
        "200201": "19.96",
        "200202": "20.71",
        "200203": "22.78",
        "200204": "25.26",
        "200205": "21.29",
        "200206": "19.83",
        "200207": "17.53",
        "200208": "17.30",
        "200209": "16.44",
        "200210": "15.40",
        "200211": "15.12",
        "200212": "13.32",
        "200301": "12.30",
        "200302": "11.44",
        "200303": "11.51",
        "200304": "11.60",
        "200305": "11.91",
        "200306": "13.78",
        "200307": "13.75",
        "200308": "12.67",
        "200309": "12.03",
        "200310": "12.20",
        "200311": "13.27",
        "200312": "13.26",
        "200401": "13.62",
        "200402": "16.92",
        "200403": "16.93",
        "200404": "17.29",
        "200405": "15.75",
        "200406": "15.49",
        "200407": "13.55",
        "200408": "12.42",
        "200409": "12.99",
        "200410": "11.98",
        "200411": "11.03",
        "200412": "11.47",
        "200501": "11.18",
        "200502": "11.83",
        "200503": "12.08",
        "200504": "11.89",
        "200505": "11.37",
        "200506": "12.48",
        "200507": "18.50",
        "200508": "20.20",
        "200509": "16.81",
        "200510": "15.74",
        "200511": "15.14",
        "200512": "16.70",
        "200601": "16.14",
        "200602": "14.58",
        "200603": "15.97",
        "200604": "20.07",
        "200605": "25.44",
        "200606": "24.92",
        "200607": "25.10",
        "200608": "25.62",
        "200609": "24.26",
        "200610": "23.72",
        "200611": "23.94",
        "200612": "24.18",
        "200701": "27.48",
        "200702": "28.10",
        "200703": "30.68",
        "200704": "30.17",
        "200705": "30.13",
        "200706": "34.79",
        "200707": "41.71",
        "200708": "44.93",
        "200709": "45.82",
        "200710": "43.83",
        "200711": "34.03",
        "200712": "29.73",
        "200801": "26.31",
        "200802": "25.16",
        "200803": "27.78",
        "200804": "29.50",
        "200805": "33.60",
        "200806": "32.87",
        "200807": "26.90",
        "200808": "25.36",
        "200809": "16.86",
        "200810": "13.41",
        "200811": "9.33",
        "200812": "8.84",
        "200901": "10.23",
        "200902": "10.86",
        "200903": "13.05",
        "200904": "15.30",
        "200905": "18.83",
        "200906": "20.53",
        "200907": "21.28",
        "200908": "19.93",
        "200909": "22.25",
        "200910": "29.21",
        "200911": "29.49",
        "200912": "30.41",
        "201001": "29.32",
        "201002": "25.90",
        "201003": "27.16",
        "201004": "27.30",
        "201005": "23.58",
        "201006": "22.64",
        "201007": "24.64",
        "201008": "26.30",
        "201009": "26.21",
        "201010": "24.22",
        "201011": "21.84",
        "201012": "23.44",
        "201101": "24.40",
        "201102": "23.50",
        "201103": "24.06",
        "201104": "22.63",
        "201105": "19.68",
        "201106": "18.12",
        "201107": "15.77",
        "201108": "12.58",
        "201109": "11.34",
        "201110": "11.27",
        "201111": "10.73",
        "201112": "9.96",
        "201201": "10.32",
        "201202": "13.40",
        "201203": "13.80",
        "201204": "12.20",
        "201205": "11.32",
        "201206": "10.74",
        "201207": "10.15",
        "201208": "9.04",
        "201209": "8.93",
        "201210": "7.72",
        "201211": "6.54",
        "201212": "7.19",
        "201301": "7.83",
        "201302": "7.56",
        "201303": "8.28",
        "201304": "7.34",
        "201305": "7.77",
        "201306": "7.18",
        "201307": "6.59",
        "201308": "5.48",
        "201309": "5.62",
        "201310": "7.39",
        "201311": "7.00",
        "201312": "7.79",
        "201401": "8.94",
        "201402": "8.94",
        "201403": "10.66",
        "201404": "10.60",
        "201405": "9.85",
        "201406": "11.70",
        "201407": "10.72",
        "201408": "10.44",
        "201409": "9.88",
        "201410": "7.60",
        "201411": "11.86",
        "201412": "12.36",
        "201501": "13.33",
        "201502": "12.46",
        "201503": "13.95",
        "201504": "15.81",
        "201505": "15.20",
        "201506": "15.03",
        "201507": "13.68",
        "201508": "11.00",
        "201509": "12.19",
        "201510": "14.01",
        "201511": "15.44",
        "201512": "15.80",
        "201601": "14.53",
        "201602": "15.01",
        "201603": "14.85",
        "201604": "13.48",
        "201605": "12.21",
        "201606": "13.02",
        "201607": "13.76",
        "201608": "12.83",
        "201609": "13.06",
        "201610": "12.33",
        "201611": "11.32",
        "201612": "12.07",
        "201701": "12.25",
        "201702": "12.53",
        "201703": "12.84",
        "201704": "13.62",
        "201705": "14.74",
        "201706": "15.03",
        "201707": "13.66",
        "201708": "12.78",
        "201709": "13.39",
        "201710": "13.57",
        "201711": "15.10",
        "201712": "15.60",
        "201801": "16.98",
        "201802": "16.97",
        "201803": "16.86",
        "201804": "16.59",
        "201805": "15.62",
        "201806": "19.35",
        "201807": "22.78",
        "201808": "20.04",
        "201809": "18.76",
        "201810": "16.44",
        "201811": "16.41",
        "201812": "16.69",
        "201901": "16.99",
        "201902": "17.44",
        "201903": "17.76",
        "201904": "17.72",
        "201905": "16.19",
        "201906": "17.01",
        "201907": "17.40",
        "201908": "15.65",
        "201909": "15.97",
        "201910": "15.00",
        "201911": "13.96",
        "201912": "14.48",
        "202001": "14.46",
        "202002": "13.28",
        "202003": "10.53",
        "202004": "11.30",
        "202005": "13.54",
        "202006": "13.65",
        "202007": "13.67",
        "202008": "14.89",
        "202009": "15.98",
        "202010": "16.89",
        "202011": "16.71",
        "202012": "16.40",
        "202101": "17.70",
        "202102": "19.95",
        "202103": "26.65",
        "202104": "29.49",
        "202105": "25.02",
        "202106": "25.86",
        "202107": "26.74",
        "202108": "24.82",
        "202109": "23.72",
        "202110": "22.94",
        "202111": "27.06",
        "202112": "28.57",
        "202201": "28.16",
        "202202": "27.72",
        "202203": "26.01",
        "202204": "23.36",
        "202205": "21.78",
        "202206": "21.08",
        "202207": "18.71",
        "202208": "18.92",
        "202209": "17.22",
        "202210": "15.62",
        "202211": "16.99",
        "202212": "17.44",
        "202301": "16.98",
        "202302": "17.64",
        "202303": "18.22",
        "202304": "18.77",
        "202305": "18.19",
        "202306": "18.68"
    },
    "quarters": {
        "20011": {
            "year_quarter": 20011,
            "year": 2001,
            "quarter": 1,
            "eps": 0.09,
            "eps_growth_year": -68.97,
            "eps_4q": 1.14,
            "eps_4q_growth_year": 4.55,
            "roe": 0.7,
            "roe_4q": 0.7,
            "gross_profit": 41361,
            "gross_margin": 14.36,
            "gross_margin_4q_avg": 14.36,
            "net_income": 9101,
            "revenue": 287959,
            "common_shares": 988624,
            "book_valuer_per_share": 13.14,
            "book_valuer_per_share_4q_avg": 13.14,
            "equity": 1298787,
            "current_ratio": 129.22,
            "debt_ratio": 49.96,
            "inventory_turnover_ratio": 0.3,
            "account_receivable_turnover_ratio": null,
            "reinvestment_rate": null,
            "research_to_sale_ratio": null,
            "price_fair": 0,
            "eps_avg_yearly": 0,
            "eps_latest_yearly": 0,
            "eps_growth_yearly": 0
        },
        "20012": {
            "year_quarter": 20012,
            "year": 2001,
            "quarter": 2,
            "eps": 0.4,
            "eps_growth_year": 8.11,
            "eps_4q": 1.08,
            "eps_4q_growth_year": 6.34,
            "roe": 3.53,
            "roe_4q": 4.2299999999999995,
            "gross_profit": 55930,
            "gross_margin": 14.45,
            "gross_margin_4q_avg": 14.41,
            "net_income": 46503,
            "revenue": 386966,
            "common_shares": 988624,
            "book_valuer_per_share": 13.55,
            "book_valuer_per_share_4q_avg": 13.35,
            "equity": 1339624,
            "current_ratio": 177.31,
            "debt_ratio": 55.37,
            "inventory_turnover_ratio": 0.38,
            "account_receivable_turnover_ratio": null,
            "reinvestment_rate": null,
            "research_to_sale_ratio": null,
            "price_fair": 0,
            "eps_avg_yearly": 0,
            "eps_latest_yearly": 0,
            "eps_growth_yearly": 0
        },
        "20013": {
            "year_quarter": 20013,
            "year": 2001,
            "quarter": 3,
            "eps": -0.26,
            "eps_growth_year": -170.27,
            "eps_4q": 0.51,
            "eps_4q_growth_year": -60.3,
            "roe": -2.26,
            "roe_4q": 1.97,
            "gross_profit": 38157,
            "gross_margin": 12.66,
            "gross_margin_4q_avg": 13.82,
            "net_income": -29953,
            "revenue": 301482,
            "common_shares": 1154297,
            "book_valuer_per_share": 11.36,
            "book_valuer_per_share_4q_avg": 12.68,
            "equity": 1311638,
            "current_ratio": 176.92,
            "debt_ratio": 54.01,
            "inventory_turnover_ratio": 0.31,
            "account_receivable_turnover_ratio": null,
            "reinvestment_rate": null,
            "research_to_sale_ratio": null,
            "price_fair": 0,
            "eps_avg_yearly": 0,
            "eps_latest_yearly": 0,
            "eps_growth_yearly": 0
        },
        "20014": {
            "year_quarter": 20014,
            "year": 2001,
            "quarter": 4,
            "eps": 0,
            "eps_growth_year": -100,
            "eps_4q": 0.22,
            "eps_4q_growth_year": -83.24,
            "roe": -0.03,
            "roe_4q": 1.9400000000000002,
            "gross_profit": 38150,
            "gross_margin": 11.85,
            "gross_margin_4q_avg": 13.33,
            "net_income": -384,
            "revenue": 321919,
            "common_shares": 1154297,
            "book_valuer_per_share": 11.35,
            "book_valuer_per_share_4q_avg": 12.35,
            "equity": 1309931,
            "current_ratio": 174.71,
            "debt_ratio": 53.54,
            "inventory_turnover_ratio": 0.33,
            "account_receivable_turnover_ratio": null,
            "reinvestment_rate": null,
            "research_to_sale_ratio": null,
            "price_fair": 0,
            "eps_avg_yearly": 0,
            "eps_latest_yearly": 0,
            "eps_growth_yearly": 0
        },
        "20021": {
            "year_quarter": 20021,
            "year": 2002,
            "quarter": 1,
            "eps": 0.04,
            "eps_growth_year": -55.56,
            "eps_4q": 0.19,
            "eps_4q_growth_year": -82.9,
            "roe": 0.32,
            "roe_4q": 1.56,
            "gross_profit": 27820,
            "gross_margin": 8.74,
            "gross_margin_4q_avg": 11.93,
            "net_income": 4189,
            "revenue": 318364,
            "common_shares": 1158613,
            "book_valuer_per_share": 11.51,
            "book_valuer_per_share_4q_avg": 11.94,
            "equity": 1333299,
            "current_ratio": 180.14,
            "debt_ratio": 52.98,
            "inventory_turnover_ratio": 0.35,
            "account_receivable_turnover_ratio": null,
            "reinvestment_rate": null,
            "research_to_sale_ratio": null,
            "price_fair": 0,
            "eps_avg_yearly": 0,
            "eps_latest_yearly": 0,
            "eps_growth_yearly": 0
        },
        "20022": {
            "year_quarter": 20022,
            "year": 2002,
            "quarter": 2,
            "eps": 0.21,
            "eps_growth_year": -47.5,
            "eps_4q": -0.01,
            "eps_4q_growth_year": -100.7,
            "roe": 1.79,
            "roe_4q": -0.17999999999999972,
            "gross_profit": 74698,
            "gross_margin": 15.99,
            "gross_margin_4q_avg": 12.31,
            "net_income": 25243,
            "revenue": 467067,
            "common_shares": 1158613,
            "book_valuer_per_share": 12.81,
            "book_valuer_per_share_4q_avg": 11.76,
            "equity": 1484023,
            "current_ratio": 179.68,
            "debt_ratio": 50.99,
            "inventory_turnover_ratio": 0.48,
            "account_receivable_turnover_ratio": null,
            "reinvestment_rate": null,
            "research_to_sale_ratio": null,
            "price_fair": 29.4,
            "eps_avg_yearly": 0.84,
            "eps_latest_yearly": 0.84,
            "eps_growth_yearly": 1700
        },
        "20023": {
            "year_quarter": 20023,
            "year": 2002,
            "quarter": 3,
            "eps": 0.35,
            "eps_growth_year": null,
            "eps_4q": 0.58,
            "eps_4q_growth_year": 15.37,
            "roe": 2.88,
            "roe_4q": 4.96,
            "gross_profit": 74295,
            "gross_margin": 16.88,
            "gross_margin_4q_avg": 13.37,
            "net_income": 43599,
            "revenue": 440012,
            "common_shares": 1297288,
            "book_valuer_per_share": 11.9,
            "book_valuer_per_share_4q_avg": 11.89,
            "equity": 1544381,
            "current_ratio": 166.05,
            "debt_ratio": 51.91,
            "inventory_turnover_ratio": 0.45,
            "account_receivable_turnover_ratio": null,
            "reinvestment_rate": null,
            "research_to_sale_ratio": null,
            "price_fair": 39.2,
            "eps_avg_yearly": 1.12,
            "eps_latest_yearly": 1.4,
            "eps_growth_yearly": 983.33
        },
        "20024": {
            "year_quarter": 20024,
            "year": 2002,
            "quarter": 4,
            "eps": 0.03,
            "eps_growth_year": null,
            "eps_4q": 0.55,
            "eps_4q_growth_year": 147.74,
            "roe": 0.25,
            "roe_4q": 5.24,
            "gross_profit": 37298,
            "gross_margin": 10.1,
            "gross_margin_4q_avg": 12.93,
            "net_income": 4254,
            "revenue": 369134,
            "common_shares": 1549163,
            "book_valuer_per_share": 12.18,
            "book_valuer_per_share_4q_avg": 12.1,
            "equity": 1887305,
            "current_ratio": 197.09,
            "debt_ratio": 45.31,
            "inventory_turnover_ratio": 0.41,
            "account_receivable_turnover_ratio": null,
            "reinvestment_rate": 161.63,
            "research_to_sale_ratio": null,
            "price_fair": 27.53,
            "eps_avg_yearly": 0.79,
            "eps_latest_yearly": 0.12,
            "eps_growth_yearly": 533.65
        },
        "20031": {
            "year_quarter": 20031,
            "year": 2003,
            "quarter": 1,
            "eps": 0.14,
            "eps_growth_year": 250,
            "eps_4q": 0.62,
            "eps_4q_growth_year": 218.95,
            "roe": 1.12,
            "roe_4q": 6.04,
            "gross_profit": 48720,
            "gross_margin": 12.43,
            "gross_margin_4q_avg": 13.85,
            "net_income": 21323,
            "revenue": 391864,
            "common_shares": 1549163,
            "book_valuer_per_share": 12.33,
            "book_valuer_per_share_4q_avg": 12.31,
            "equity": 1910051,
            "current_ratio": 218.93,
            "debt_ratio": 41.39,
            "inventory_turnover_ratio": 0.43,
            "account_receivable_turnover_ratio": null,
            "reinvestment_rate": 138.48,
            "research_to_sale_ratio": null,
            "price_fair": 25.55,
            "eps_avg_yearly": 0.73,
            "eps_latest_yearly": 0.56,
            "eps_growth_yearly": 766.9
        },
        "20032": {
            "year_quarter": 20032,
            "year": 2003,
            "quarter": 2,
            "eps": 0.24,
            "eps_growth_year": 14.29,
            "eps_4q": 0.69,
            "eps_4q_growth_year": null,
            "roe": 1.92,
            "roe_4q": 6.17,
            "gross_profit": 65681,
            "gross_margin": 14.37,
            "gross_margin_4q_avg": 13.45,
            "net_income": 36967,
            "revenue": 457211,
            "common_shares": 1549163,
            "book_valuer_per_share": 12.48,
            "book_valuer_per_share_4q_avg": 12.22,
            "equity": 1932786,
            "current_ratio": 205.69,
            "debt_ratio": 41.9,
            "inventory_turnover_ratio": 0.51,
            "account_receivable_turnover_ratio": null,
            "reinvestment_rate": 133.59,
            "research_to_sale_ratio": null,
            "price_fair": 27.16,
            "eps_avg_yearly": 0.78,
            "eps_latest_yearly": 0.96,
            "eps_growth_yearly": 670.67
        },
        "20033": {
            "year_quarter": 20033,
            "year": 2003,
            "quarter": 3,
            "eps": 0.32,
            "eps_growth_year": -8.57,
            "eps_4q": 0.71,
            "eps_4q_growth_year": 21.09,
            "roe": 2.65,
            "roe_4q": 5.94,
            "gross_profit": 78563,
            "gross_margin": 14.87,
            "gross_margin_4q_avg": 12.94,
            "net_income": 51824,
            "revenue": 528160,
            "common_shares": 1637051,
            "book_valuer_per_share": 12.11,
            "book_valuer_per_share_4q_avg": 12.28,
            "equity": 1983147,
            "current_ratio": 204.25,
            "debt_ratio": 41.81,
            "inventory_turnover_ratio": 0.62,
            "account_receivable_turnover_ratio": null,
            "reinvestment_rate": 100.3,
            "research_to_sale_ratio": null,
            "price_fair": 30.1,
            "eps_avg_yearly": 0.86,
            "eps_latest_yearly": 1.28,
            "eps_growth_yearly": 581.11
        },
        "20034": {
            "year_quarter": 20034,
            "year": 2003,
            "quarter": 4,
            "eps": 0.24,
            "eps_growth_year": 700,
            "eps_4q": 0.91,
            "eps_4q_growth_year": 66.62,
            "roe": 1.97,
            "roe_4q": 7.66,
            "gross_profit": 66369,
            "gross_margin": 13.24,
            "gross_margin_4q_avg": 13.73,
            "net_income": 39554,
            "revenue": 501330,
            "common_shares": 1637051,
            "book_valuer_per_share": 12.38,
            "book_valuer_per_share_4q_avg": 12.33,
            "equity": 2025904,
            "current_ratio": 238.1,
            "debt_ratio": 45.38,
            "inventory_turnover_ratio": 0.64,
            "account_receivable_turnover_ratio": null,
            "reinvestment_rate": 91.25,
            "research_to_sale_ratio": null,
            "price_fair": 30.6,
            "eps_avg_yearly": 0.87,
            "eps_latest_yearly": 0.96,
            "eps_growth_yearly": 483.81
        },
        "20041": {
            "year_quarter": 20041,
            "year": 2004,
            "quarter": 1,
            "eps": 0.18,
            "eps_growth_year": 28.57,
            "eps_4q": 0.96,
            "eps_4q_growth_year": 55.45,
            "roe": 1.39,
            "roe_4q": 7.93,
            "gross_profit": 80965,
            "gross_margin": 15.61,
            "gross_margin_4q_avg": 14.52,
            "net_income": 29480,
            "revenue": 518586,
            "common_shares": 1641163,
            "book_valuer_per_share": 13.5,
            "book_valuer_per_share_4q_avg": 12.62,
            "equity": 2215423,
            "current_ratio": 225.71,
            "debt_ratio": 41.65,
            "inventory_turnover_ratio": 0.62,
            "account_receivable_turnover_ratio": null,
            "reinvestment_rate": 95.41,
            "research_to_sale_ratio": null,
            "price_fair": 29.93,
            "eps_avg_yearly": 0.86,
            "eps_latest_yearly": 0.72,
            "eps_growth_yearly": 410.83
        },
        "20042": {
            "year_quarter": 20042,
            "year": 2004,
            "quarter": 2,
            "eps": 0.53,
            "eps_growth_year": 120.83,
            "eps_4q": 1.24,
            "eps_4q_growth_year": 80.29,
            "roe": 4.16,
            "roe_4q": 10.17,
            "gross_profit": 101549,
            "gross_margin": 16.79,
            "gross_margin_4q_avg": 15.13,
            "net_income": 89916,
            "revenue": 604939,
            "common_shares": 1776853,
            "book_valuer_per_share": 11.85,
            "book_valuer_per_share_4q_avg": 12.46,
            "equity": 2106180,
            "current_ratio": 186.21,
            "debt_ratio": 44.87,
            "inventory_turnover_ratio": 0.69,
            "account_receivable_turnover_ratio": null,
            "reinvestment_rate": 81.29,
            "research_to_sale_ratio": null,
            "price_fair": 34.84,
            "eps_avg_yearly": 1,
            "eps_latest_yearly": 2.12,
            "eps_growth_yearly": 451.6
        },
        "20043": {
            "year_quarter": 20043,
            "year": 2004,
            "quarter": 3,
            "eps": 0.37,
            "eps_growth_year": 15.62,
            "eps_4q": 1.26,
            "eps_4q_growth_year": 77.92,
            "roe": 3.1,
            "roe_4q": 10.620000000000001,
            "gross_profit": 78359,
            "gross_margin": 14.12,
            "gross_margin_4q_avg": 14.94,
            "net_income": 66342,
            "revenue": 554826,
            "common_shares": 1884895,
            "book_valuer_per_share": 11.54,
            "book_valuer_per_share_4q_avg": 12.32,
            "equity": 2176057,
            "current_ratio": 151.22,
            "debt_ratio": 42.28,
            "inventory_turnover_ratio": 0.64,
            "account_receivable_turnover_ratio": null,
            "reinvestment_rate": 74.1,
            "research_to_sale_ratio": null,
            "price_fair": 36.54,
            "eps_avg_yearly": 1.04,
            "eps_latest_yearly": 1.48,
            "eps_growth_yearly": 394.37
        },
        "20044": {
            "year_quarter": 20044,
            "year": 2004,
            "quarter": 4,
            "eps": 0.37,
            "eps_growth_year": 54.17,
            "eps_4q": 1.4,
            "eps_4q_growth_year": 54.03,
            "roe": 3.02,
            "roe_4q": 11.670000000000002,
            "gross_profit": 29094,
            "gross_margin": 6.33,
            "gross_margin_4q_avg": 13.21,
            "net_income": 66801,
            "revenue": 459404,
            "common_shares": 1895473,
            "book_valuer_per_share": 11.84,
            "book_valuer_per_share_4q_avg": 12.18,
            "equity": 2244222,
            "current_ratio": 206.98,
            "debt_ratio": 39.9,
            "inventory_turnover_ratio": 0.6,
            "account_receivable_turnover_ratio": null,
            "reinvestment_rate": 61.43,
            "research_to_sale_ratio": null,
            "price_fair": 37.93,
            "eps_avg_yearly": 1.08,
            "eps_latest_yearly": 1.48,
            "eps_growth_yearly": 358.52
        },
        "20051": {
            "year_quarter": 20051,
            "year": 2005,
            "quarter": 1,
            "eps": 0.1,
            "eps_growth_year": -44.44,
            "eps_4q": 1.31,
            "eps_4q_growth_year": 35.73,
            "roe": 0.82,
            "roe_4q": 11.1,
            "gross_profit": 43206,
            "gross_margin": 9.46,
            "gross_margin_4q_avg": 11.68,
            "net_income": 18465,
            "revenue": 456594,
            "common_shares": 1895473,
            "book_valuer_per_share": 11.94,
            "book_valuer_per_share_4q_avg": 11.79,
            "equity": 2262687,
            "current_ratio": 223.52,
            "debt_ratio": 38.25,
            "inventory_turnover_ratio": 0.59,
            "account_receivable_turnover_ratio": null,
            "reinvestment_rate": 52.48,
            "research_to_sale_ratio": null,
            "price_fair": 35.93,
            "eps_avg_yearly": 1.03,
            "eps_latest_yearly": 0.4,
            "eps_growth_yearly": 304.32
        },
        "20052": {
            "year_quarter": 20052,
            "year": 2005,
            "quarter": 2,
            "eps": 0.11,
            "eps_growth_year": -79.25,
            "eps_4q": 0.95,
            "eps_4q_growth_year": -23.15,
            "roe": 0.89,
            "roe_4q": 7.83,
            "gross_profit": 78312,
            "gross_margin": 12.72,
            "gross_margin_4q_avg": 10.66,
            "net_income": 19740,
            "revenue": 615733,
            "common_shares": 1895473,
            "book_valuer_per_share": 11.45,
            "book_valuer_per_share_4q_avg": 11.69,
            "equity": 2169927,
            "current_ratio": 190.48,
            "debt_ratio": 42.77,
            "inventory_turnover_ratio": 0.74,
            "account_receivable_turnover_ratio": null,
            "reinvestment_rate": 44.41,
            "research_to_sale_ratio": null,
            "price_fair": 34.35,
            "eps_avg_yearly": 0.98,
            "eps_latest_yearly": 0.44,
            "eps_growth_yearly": 283.98
        },
        "20053": {
            "year_quarter": 20053,
            "year": 2005,
            "quarter": 3,
            "eps": 0.22,
            "eps_growth_year": -40.54,
            "eps_4q": 0.75,
            "eps_4q_growth_year": -40.49,
            "roe": 1.79,
            "roe_4q": 6.52,
            "gross_profit": 97219,
            "gross_margin": 13.85,
            "gross_margin_4q_avg": 10.59,
            "net_income": 43777,
            "revenue": 701907,
            "common_shares": 2313881,
            "book_valuer_per_share": 11.8,
            "book_valuer_per_share_4q_avg": 11.76,
            "equity": 2730697,
            "current_ratio": 225.12,
            "debt_ratio": 32.14,
            "inventory_turnover_ratio": 0.84,
            "account_receivable_turnover_ratio": null,
            "reinvestment_rate": 26.19,
            "research_to_sale_ratio": null,
            "price_fair": 34.1,
            "eps_avg_yearly": 0.97,
            "eps_latest_yearly": 0.88,
            "eps_growth_yearly": 292.27
        },
        "20054": {
            "year_quarter": 20054,
            "year": 2005,
            "quarter": 4,
            "eps": 0.45,
            "eps_growth_year": 21.62,
            "eps_4q": 0.85,
            "eps_4q_growth_year": -39.24,
            "roe": 3.25,
            "roe_4q": 6.75,
            "gross_profit": 92491,
            "gross_margin": 14.54,
            "gross_margin_4q_avg": 12.64,
            "net_income": 92247,
            "revenue": 636066,
            "common_shares": 2363769,
            "book_valuer_per_share": 12.21,
            "book_valuer_per_share_4q_avg": 11.85,
            "equity": 2953440,
            "current_ratio": 224.56,
            "debt_ratio": 31.86,
            "inventory_turnover_ratio": 0.71,
            "account_receivable_turnover_ratio": null,
            "reinvestment_rate": 28.14,
            "research_to_sale_ratio": null,
            "price_fair": 36.03,
            "eps_avg_yearly": 1.03,
            "eps_latest_yearly": 1.8,
            "eps_growth_yearly": 300.67
        },
        "20061": {
            "year_quarter": 20061,
            "year": 2006,
            "quarter": 1,
            "eps": 0.51,
            "eps_growth_year": 410,
            "eps_4q": 1.17,
            "eps_4q_growth_year": -10.68,
            "roe": 4.08,
            "roe_4q": 10.010000000000002,
            "gross_profit": 96432,
            "gross_margin": 15.32,
            "gross_margin_4q_avg": 14.11,
            "net_income": 120665,
            "revenue": 629552,
            "common_shares": 2393035,
            "book_valuer_per_share": 12.39,
            "book_valuer_per_share_4q_avg": 11.96,
            "equity": 2965184,
            "current_ratio": 218.45,
            "debt_ratio": 31.37,
            "inventory_turnover_ratio": 0.66,
            "account_receivable_turnover_ratio": null,
            "reinvestment_rate": 23.27,
            "research_to_sale_ratio": null,
            "price_fair": 38.24,
            "eps_avg_yearly": 1.09,
            "eps_latest_yearly": 2.04,
            "eps_growth_yearly": 285.21
        },
        "20062": {
            "year_quarter": 20062,
            "year": 2006,
            "quarter": 2,
            "eps": 0.65,
            "eps_growth_year": 490.91,
            "eps_4q": 1.73,
            "eps_4q_growth_year": 81.33,
            "roe": 5,
            "roe_4q": 14.120000000000001,
            "gross_profit": 136153,
            "gross_margin": 16.55,
            "gross_margin_4q_avg": 15.07,
            "net_income": 154295,
            "revenue": 822670,
            "common_shares": 2396560,
            "book_valuer_per_share": 13.36,
            "book_valuer_per_share_4q_avg": 12.44,
            "equity": 3201059,
            "current_ratio": 275.95,
            "debt_ratio": 24.98,
            "inventory_turnover_ratio": 0.83,
            "account_receivable_turnover_ratio": null,
            "reinvestment_rate": 17.12,
            "research_to_sale_ratio": null,
            "price_fair": 42.09,
            "eps_avg_yearly": 1.2,
            "eps_latest_yearly": 2.6,
            "eps_growth_yearly": 185.82
        },
        "20063": {
            "year_quarter": 20063,
            "year": 2006,
            "quarter": 3,
            "eps": 0.3,
            "eps_growth_year": 36.36,
            "eps_4q": 1.86,
            "eps_4q_growth_year": 148.14,
            "roe": 2.23,
            "roe_4q": 14.56,
            "gross_profit": 153451,
            "gross_margin": 19.86,
            "gross_margin_4q_avg": 16.57,
            "net_income": 70826,
            "revenue": 772719,
            "common_shares": 2396653,
            "book_valuer_per_share": 13.17,
            "book_valuer_per_share_4q_avg": 12.78,
            "equity": 3157408,
            "current_ratio": 217.51,
            "debt_ratio": 29.27,
            "inventory_turnover_ratio": 0.76,
            "account_receivable_turnover_ratio": null,
            "reinvestment_rate": 6.13,
            "research_to_sale_ratio": null,
            "price_fair": 41.65,
            "eps_avg_yearly": 1.19,
            "eps_latest_yearly": 1.2,
            "eps_growth_yearly": 155.69
        },
        "20064": {
            "year_quarter": 20064,
            "year": 2006,
            "quarter": 4,
            "eps": 0.33,
            "eps_growth_year": -26.67,
            "eps_4q": 1.68,
            "eps_4q_growth_year": 97.96,
            "roe": 2.59,
            "roe_4q": 13.9,
            "gross_profit": 141202,
            "gross_margin": 21.41,
            "gross_margin_4q_avg": 18.29,
            "net_income": 84369,
            "revenue": 659520,
            "common_shares": 2541103,
            "book_valuer_per_share": 12.8,
            "book_valuer_per_share_4q_avg": 12.93,
            "equity": 3352185,
            "current_ratio": 228.53,
            "debt_ratio": 31.4,
            "inventory_turnover_ratio": 0.49,
            "account_receivable_turnover_ratio": null,
            "reinvestment_rate": 15.35,
            "research_to_sale_ratio": null,
            "price_fair": 44.28,
            "eps_avg_yearly": 1.27,
            "eps_latest_yearly": 1.32,
            "eps_growth_yearly": 181.05
        },
        "20071": {
            "year_quarter": 20071,
            "year": 2007,
            "quarter": 1,
            "eps": 0.48,
            "eps_growth_year": -5.88,
            "eps_4q": 1.71,
            "eps_4q_growth_year": 46.32,
            "roe": 3.58,
            "roe_4q": 13.4,
            "gross_profit": 133389,
            "gross_margin": 21.8,
            "gross_margin_4q_avg": 19.91,
            "net_income": 120820,
            "revenue": 611944,
            "common_shares": 2541103,
            "book_valuer_per_share": 13.37,
            "book_valuer_per_share_4q_avg": 13.18,
            "equity": 3398057,
            "current_ratio": 354.67,
            "debt_ratio": 28.84,
            "inventory_turnover_ratio": 0.45,
            "account_receivable_turnover_ratio": null,
            "reinvestment_rate": 2.1,
            "research_to_sale_ratio": null,
            "price_fair": 47.25,
            "eps_avg_yearly": 1.35,
            "eps_latest_yearly": 1.92,
            "eps_growth_yearly": 100.75
        },
        "20072": {
            "year_quarter": 20072,
            "year": 2007,
            "quarter": 2,
            "eps": 0.66,
            "eps_growth_year": 1.54,
            "eps_4q": 1.75,
            "eps_4q_growth_year": 0.8,
            "roe": 4.94,
            "roe_4q": 13.34,
            "gross_profit": 178773,
            "gross_margin": 23.97,
            "gross_margin_4q_avg": 21.76,
            "net_income": 167862,
            "revenue": 745678,
            "common_shares": 2545121,
            "book_valuer_per_share": 13.37,
            "book_valuer_per_share_4q_avg": 13.18,
            "equity": 3402391,
            "current_ratio": 333.13,
            "debt_ratio": 28.79,
            "inventory_turnover_ratio": 0.72,
            "account_receivable_turnover_ratio": null,
            "reinvestment_rate": 4.3,
            "research_to_sale_ratio": null,
            "price_fair": 50.93,
            "eps_avg_yearly": 1.46,
            "eps_latest_yearly": 2.64,
            "eps_growth_yearly": 92.26
        },
        "20073": {
            "year_quarter": 20073,
            "year": 2007,
            "quarter": 3,
            "eps": 0.61,
            "eps_growth_year": 103.33,
            "eps_4q": 1.97,
            "eps_4q_growth_year": 6.04,
            "roe": 4.62,
            "roe_4q": 15.73,
            "gross_profit": 186568,
            "gross_margin": 22.81,
            "gross_margin_4q_avg": 22.5,
            "net_income": 167646,
            "revenue": 818008,
            "common_shares": 2835577,
            "book_valuer_per_share": 13.59,
            "book_valuer_per_share_4q_avg": 13.28,
            "equity": 3852434,
            "current_ratio": 285.59,
            "debt_ratio": 25.01,
            "inventory_turnover_ratio": 0.8,
            "account_receivable_turnover_ratio": null,
            "reinvestment_rate": 8.9,
            "research_to_sale_ratio": null,
            "price_fair": 53.46,
            "eps_avg_yearly": 1.53,
            "eps_latest_yearly": 2.44,
            "eps_growth_yearly": 82.04
        },
        "20074": {
            "year_quarter": 20074,
            "year": 2007,
            "quarter": 4,
            "eps": -0.03,
            "eps_growth_year": -109.09,
            "eps_4q": 1.7,
            "eps_4q_growth_year": 1.16,
            "roe": -0.24,
            "roe_4q": 12.9,
            "gross_profit": 182203,
            "gross_margin": 21.68,
            "gross_margin_4q_avg": 22.57,
            "net_income": -9403,
            "revenue": 840552,
            "common_shares": 2836451,
            "book_valuer_per_share": 13.57,
            "book_valuer_per_share_4q_avg": 13.48,
            "equity": 4117413,
            "current_ratio": 264.87,
            "debt_ratio": 30.19,
            "inventory_turnover_ratio": 0.57,
            "account_receivable_turnover_ratio": null,
            "reinvestment_rate": 38.31,
            "research_to_sale_ratio": null,
            "price_fair": 54.79,
            "eps_avg_yearly": 1.57,
            "eps_latest_yearly": 2.44,
            "eps_growth_yearly": 94.17
        },
        "20081": {
            "year_quarter": 20081,
            "year": 2008,
            "quarter": 1,
            "eps": 0.01,
            "eps_growth_year": -97.92,
            "eps_4q": 1.05,
            "eps_4q_growth_year": -38.61,
            "roe": 0.08,
            "roe_4q": 9.4,
            "gross_profit": 175140,
            "gross_margin": 12.59,
            "gross_margin_4q_avg": 20.26,
            "net_income": 3130,
            "revenue": 1391376,
            "common_shares": 2836451,
            "book_valuer_per_share": 13.14,
            "book_valuer_per_share_4q_avg": 13.42,
            "equity": 3991964,
            "current_ratio": 200.3,
            "debt_ratio": 31.53,
            "inventory_turnover_ratio": 0.86,
            "account_receivable_turnover_ratio": null,
            "reinvestment_rate": 53.91,
            "research_to_sale_ratio": null,
            "price_fair": 56.9,
            "eps_avg_yearly": 1.63,
            "eps_latest_yearly": 2.44,
            "eps_growth_yearly": 108.04
        },
        "20082": {
            "year_quarter": 20082,
            "year": 2008,
            "quarter": 2,
            "eps": 0.3,
            "eps_growth_year": -54.55,
            "eps_4q": 0.74,
            "eps_4q_growth_year": -57.7,
            "roe": 2.46,
            "roe_4q": 6.92,
            "gross_profit": 201069,
            "gross_margin": 9.93,
            "gross_margin_4q_avg": 16.75,
            "net_income": 99519,
            "revenue": 2024487,
            "common_shares": 2843287,
            "book_valuer_per_share": 13.04,
            "book_valuer_per_share_4q_avg": 13.34,
            "equity": 4090729,
            "current_ratio": 176.78,
            "debt_ratio": 36.74,
            "inventory_turnover_ratio": 1.44,
            "account_receivable_turnover_ratio": null,
            "reinvestment_rate": 63.72,
            "research_to_sale_ratio": null,
            "price_fair": 54.6,
            "eps_avg_yearly": 1.56,
            "eps_latest_yearly": 1.2,
            "eps_growth_yearly": 881.06
        },
        "20083": {
            "year_quarter": 20083,
            "year": 2008,
            "quarter": 3,
            "eps": 0.13,
            "eps_growth_year": -78.69,
            "eps_4q": 0.55,
            "eps_4q_growth_year": -72.22,
            "roe": 0.68,
            "roe_4q": 2.9800000000000004,
            "gross_profit": 167898,
            "gross_margin": 9.61,
            "gross_margin_4q_avg": 13.45,
            "net_income": 27509,
            "revenue": 1746382,
            "common_shares": 3078562,
            "book_valuer_per_share": 11.96,
            "book_valuer_per_share_4q_avg": 12.93,
            "equity": 4053276,
            "current_ratio": 154.01,
            "debt_ratio": 40.74,
            "inventory_turnover_ratio": 1.23,
            "account_receivable_turnover_ratio": null,
            "reinvestment_rate": 65.17,
            "research_to_sale_ratio": null,
            "price_fair": 52.2,
            "eps_avg_yearly": 1.49,
            "eps_latest_yearly": 0.52,
            "eps_growth_yearly": 873.49
        },
        "20084": {
            "year_quarter": 20084,
            "year": 2008,
            "quarter": 4,
            "eps": -0.47,
            "eps_growth_year": null,
            "eps_4q": -0.02,
            "eps_4q_growth_year": -101.01,
            "roe": -4.52,
            "roe_4q": -1.2999999999999994,
            "gross_profit": -6908,
            "gross_margin": -0.73,
            "gross_margin_4q_avg": 7.85,
            "net_income": -177102,
            "revenue": 948830,
            "common_shares": 3078562,
            "book_valuer_per_share": 11.22,
            "book_valuer_per_share_4q_avg": 12.34,
            "equity": 3789954,
            "current_ratio": 151.16,
            "debt_ratio": 38.16,
            "inventory_turnover_ratio": 0.7,
            "account_receivable_turnover_ratio": 1.85,
            "reinvestment_rate": 64.94,
            "research_to_sale_ratio": null,
            "price_fair": 52.23,
            "eps_avg_yearly": 1.49,
            "eps_latest_yearly": 0.52,
            "eps_growth_yearly": 940.68
        },
        "20091": {
            "year_quarter": 20091,
            "year": 2009,
            "quarter": 1,
            "eps": -0.28,
            "eps_growth_year": -2900,
            "eps_4q": -0.34,
            "eps_4q_growth_year": -132.84,
            "roe": -3.24,
            "roe_4q": -4.62,
            "gross_profit": -88343,
            "gross_margin": -14.02,
            "gross_margin_4q_avg": 1.2,
            "net_income": -123396,
            "revenue": 630151,
            "common_shares": 3078562,
            "book_valuer_per_share": 11.08,
            "book_valuer_per_share_4q_avg": 11.83,
            "equity": 3828381,
            "current_ratio": 184.66,
            "debt_ratio": 31.81,
            "inventory_turnover_ratio": 0.6,
            "account_receivable_turnover_ratio": 0.64,
            "reinvestment_rate": 74.05,
            "research_to_sale_ratio": null,
            "price_fair": 55.42,
            "eps_avg_yearly": 1.58,
            "eps_latest_yearly": 0.52,
            "eps_growth_yearly": 1043.4
        },
        "20092": {
            "year_quarter": 20092,
            "year": 2009,
            "quarter": 2,
            "eps": -0.11,
            "eps_growth_year": -136.67,
            "eps_4q": -0.73,
            "eps_4q_growth_year": -198.58,
            "roe": -1.68,
            "roe_4q": -8.76,
            "gross_profit": 68581,
            "gross_margin": 10.16,
            "gross_margin_4q_avg": 1.26,
            "net_income": -65051,
            "revenue": 674839,
            "common_shares": 3078562,
            "book_valuer_per_share": 11.18,
            "book_valuer_per_share_4q_avg": 11.36,
            "equity": 3923463,
            "current_ratio": 184.75,
            "debt_ratio": 31.7,
            "inventory_turnover_ratio": 0.56,
            "account_receivable_turnover_ratio": 0.69,
            "reinvestment_rate": 70.77,
            "research_to_sale_ratio": null,
            "price_fair": 59.05,
            "eps_avg_yearly": 1.69,
            "eps_latest_yearly": 0.52,
            "eps_growth_yearly": 1134.62
        },
        "20093": {
            "year_quarter": 20093,
            "year": 2009,
            "quarter": 3,
            "eps": 0.11,
            "eps_growth_year": -15.38,
            "eps_4q": -32.87,
            "eps_4q_growth_year": -6114.79,
            "roe": 0.02,
            "roe_4q": -9.42,
            "gross_profit": 133451,
            "gross_margin": 11.67,
            "gross_margin_4q_avg": 1.77,
            "net_income": 769,
            "revenue": 1143613,
            "common_shares": 3168237,
            "book_valuer_per_share": 11.36,
            "book_valuer_per_share_4q_avg": 11.21,
            "equity": 4052130,
            "current_ratio": 176.47,
            "debt_ratio": 35.28,
            "inventory_turnover_ratio": 0.93,
            "account_receivable_turnover_ratio": 0.97,
            "reinvestment_rate": 72.82,
            "research_to_sale_ratio": null,
            "price_fair": 61.88,
            "eps_avg_yearly": 1.77,
            "eps_latest_yearly": 0.52,
            "eps_growth_yearly": 1208.08
        },
        "20094": {
            "year_quarter": 20094,
            "year": 2009,
            "quarter": 4,
            "eps": 0.63,
            "eps_growth_year": null,
            "eps_4q": 0.32,
            "eps_4q_growth_year": null,
            "roe": 4.02,
            "roe_4q": -0.8800000000000008,
            "gross_profit": 82760,
            "gross_margin": 7.27,
            "gross_margin_4q_avg": 3.77,
            "net_income": 175028,
            "revenue": 1137818,
            "common_shares": 3420622,
            "book_valuer_per_share": 12.74,
            "book_valuer_per_share_4q_avg": 11.59,
            "equity": 4655819,
            "current_ratio": 235.42,
            "debt_ratio": 31.62,
            "inventory_turnover_ratio": 0.96,
            "account_receivable_turnover_ratio": 1.72,
            "reinvestment_rate": 110.32,
            "research_to_sale_ratio": null,
            "price_fair": 64.4,
            "eps_avg_yearly": 1.84,
            "eps_latest_yearly": 2.52,
            "eps_growth_yearly": 1355.35
        },
        "20101": {
            "year_quarter": 20101,
            "year": 2010,
            "quarter": 1,
            "eps": 0.06,
            "eps_growth_year": null,
            "eps_4q": 0.65,
            "eps_4q_growth_year": null,
            "roe": 0.21,
            "roe_4q": 2.5699999999999994,
            "gross_profit": 138169,
            "gross_margin": 12.09,
            "gross_margin_4q_avg": 10.3,
            "net_income": 9653,
            "revenue": 1142576,
            "common_shares": 3421105,
            "book_valuer_per_share": 12.75,
            "book_valuer_per_share_4q_avg": 12.01,
            "equity": 4652967,
            "current_ratio": 225.21,
            "debt_ratio": 32.88,
            "inventory_turnover_ratio": 0.88,
            "account_receivable_turnover_ratio": 0.89,
            "reinvestment_rate": 138.61,
            "research_to_sale_ratio": 2.41,
            "price_fair": 58.1,
            "eps_avg_yearly": 1.66,
            "eps_latest_yearly": 0.24,
            "eps_growth_yearly": 1313.83
        },
        "20102": {
            "year_quarter": 20102,
            "year": 2010,
            "quarter": 2,
            "eps": 0.15,
            "eps_growth_year": null,
            "eps_4q": 0.9,
            "eps_4q_growth_year": null,
            "roe": 0.93,
            "roe_4q": 5.18,
            "gross_profit": 221526,
            "gross_margin": 13.78,
            "gross_margin_4q_avg": 11.2,
            "net_income": 42740,
            "revenue": 1607044,
            "common_shares": 3421105,
            "book_valuer_per_share": 12.55,
            "book_valuer_per_share_4q_avg": 12.35,
            "equity": 4574560,
            "current_ratio": 196.05,
            "debt_ratio": 37.22,
            "inventory_turnover_ratio": 1.21,
            "account_receivable_turnover_ratio": 1.12,
            "reinvestment_rate": 167.1,
            "research_to_sale_ratio": 1.86,
            "price_fair": 51.1,
            "eps_avg_yearly": 1.46,
            "eps_latest_yearly": 0.6,
            "eps_growth_yearly": 1362.85
        },
        "20103": {
            "year_quarter": 20103,
            "year": 2010,
            "quarter": 3,
            "eps": 0.37,
            "eps_growth_year": 237.74,
            "eps_4q": 1.16,
            "eps_4q_growth_year": null,
            "roe": 2.37,
            "roe_4q": 7.529999999999999,
            "gross_profit": 238495,
            "gross_margin": 15.18,
            "gross_margin_4q_avg": 12.08,
            "net_income": 111670,
            "revenue": 1571590,
            "common_shares": 3424082,
            "book_valuer_per_share": 13.16,
            "book_valuer_per_share_4q_avg": 12.8,
            "equity": 4838286,
            "current_ratio": 199.71,
            "debt_ratio": 36.13,
            "inventory_turnover_ratio": 1.11,
            "account_receivable_turnover_ratio": 0.96,
            "reinvestment_rate": 182.28,
            "research_to_sale_ratio": 3.75,
            "price_fair": 52.08,
            "eps_avg_yearly": 1.49,
            "eps_latest_yearly": 1.48,
            "eps_growth_yearly": 1443.05
        },
        "20104": {
            "year_quarter": 20104,
            "year": 2010,
            "quarter": 4,
            "eps": -0.13,
            "eps_growth_year": -121.41,
            "eps_4q": 0.45,
            "eps_4q_growth_year": 39.5,
            "roe": -2.01,
            "roe_4q": 1.5000000000000004,
            "gross_profit": 97571,
            "gross_margin": 7.19,
            "gross_margin_4q_avg": 12.06,
            "net_income": -96524,
            "revenue": 1357938,
            "common_shares": 3425511,
            "book_valuer_per_share": 13.05,
            "book_valuer_per_share_4q_avg": 12.88,
            "equity": 4785692,
            "current_ratio": 172.95,
            "debt_ratio": 33.79,
            "inventory_turnover_ratio": 1.01,
            "account_receivable_turnover_ratio": 0.91,
            "reinvestment_rate": 218.85,
            "research_to_sale_ratio": 2.6,
            "price_fair": 52.73,
            "eps_avg_yearly": 1.51,
            "eps_latest_yearly": 1.48,
            "eps_growth_yearly": 1598.95
        },
        "20111": {
            "year_quarter": 20111,
            "year": 2011,
            "quarter": 1,
            "eps": 0.1,
            "eps_growth_year": 66.67,
            "eps_4q": 0.48,
            "eps_4q_growth_year": -25.69,
            "roe": 0.48,
            "roe_4q": 1.7700000000000005,
            "gross_profit": 140213,
            "gross_margin": 11.16,
            "gross_margin_4q_avg": 11.83,
            "net_income": 23374,
            "revenue": 1256827,
            "common_shares": 3438263,
            "book_valuer_per_share": 13.25,
            "book_valuer_per_share_4q_avg": 13,
            "equity": 4887152,
            "current_ratio": 170.25,
            "debt_ratio": 33.49,
            "inventory_turnover_ratio": 0.84,
            "account_receivable_turnover_ratio": 0.9,
            "reinvestment_rate": 302.9,
            "research_to_sale_ratio": 2.9,
            "price_fair": 50.93,
            "eps_avg_yearly": 1.46,
            "eps_latest_yearly": 1.48,
            "eps_growth_yearly": 1776.09
        },
        "20112": {
            "year_quarter": 20112,
            "year": 2011,
            "quarter": 2,
            "eps": -0.02,
            "eps_growth_year": -110.36,
            "eps_4q": 0.31,
            "eps_4q_growth_year": -65.14,
            "roe": -0.88,
            "roe_4q": -0.03999999999999959,
            "gross_profit": 130131,
            "gross_margin": 11.98,
            "gross_margin_4q_avg": 11.38,
            "net_income": -41902,
            "revenue": 1086024,
            "common_shares": 3438263,
            "book_valuer_per_share": 12.6,
            "book_valuer_per_share_4q_avg": 13.02,
            "equity": 4628004,
            "current_ratio": 169.65,
            "debt_ratio": 39.38,
            "inventory_turnover_ratio": 0.68,
            "account_receivable_turnover_ratio": 0.77,
            "reinvestment_rate": 452.81,
            "research_to_sale_ratio": 2.93,
            "price_fair": 45,
            "eps_avg_yearly": 1.29,
            "eps_latest_yearly": 1.48,
            "eps_growth_yearly": 2008.39
        },
        "20113": {
            "year_quarter": 20113,
            "year": 2011,
            "quarter": 3,
            "eps": -0.15,
            "eps_growth_year": -140.79,
            "eps_4q": -0.2,
            "eps_4q_growth_year": -117.44,
            "roe": -1.63,
            "roe_4q": -4.039999999999999,
            "gross_profit": 66616,
            "gross_margin": 7.17,
            "gross_margin_4q_avg": 9.38,
            "net_income": -74343,
            "revenue": 928989,
            "common_shares": 3438263,
            "book_valuer_per_share": 12.37,
            "book_valuer_per_share_4q_avg": 12.82,
            "equity": 4475798,
            "current_ratio": 168.6,
            "debt_ratio": 42.15,
            "inventory_turnover_ratio": 0.59,
            "account_receivable_turnover_ratio": 0.7,
            "reinvestment_rate": 1184.45,
            "research_to_sale_ratio": 3.37,
            "price_fair": 38.27,
            "eps_avg_yearly": 1.09,
            "eps_latest_yearly": 1.48,
            "eps_growth_yearly": 2348.17
        },
        "20114": {
            "year_quarter": 20114,
            "year": 2011,
            "quarter": 4,
            "eps": -0.42,
            "eps_growth_year": null,
            "eps_4q": -0.48,
            "eps_4q_growth_year": -208.5,
            "roe": -4.73,
            "roe_4q": -6.76,
            "gross_profit": -36681,
            "gross_margin": -5.14,
            "gross_margin_4q_avg": 6.29,
            "net_income": -206090,
            "revenue": 712938,
            "common_shares": 3438263,
            "book_valuer_per_share": 11.89,
            "book_valuer_per_share_4q_avg": 12.53,
            "equity": 4237639,
            "current_ratio": 174.28,
            "debt_ratio": 39.51,
            "inventory_turnover_ratio": 0.53,
            "account_receivable_turnover_ratio": 0.62,
            "reinvestment_rate": 3465.78,
            "research_to_sale_ratio": 6.05,
            "price_fair": 38.27,
            "eps_avg_yearly": 1.09,
            "eps_latest_yearly": 1.48,
            "eps_growth_yearly": 2348.17
        },
        "20121": {
            "year_quarter": 20121,
            "year": 2012,
            "quarter": 1,
            "eps": -0.23,
            "eps_growth_year": -330,
            "eps_4q": -0.82,
            "eps_4q_growth_year": -270.33,
            "roe": -2.31,
            "roe_4q": -9.550000000000002,
            "gross_profit": -59118,
            "gross_margin": -6.94,
            "gross_margin_4q_avg": 1.77,
            "net_income": -97147,
            "revenue": 852019,
            "common_shares": 3438263,
            "book_valuer_per_share": 11.73,
            "book_valuer_per_share_4q_avg": 12.15,
            "equity": 4165641,
            "current_ratio": 158.35,
            "debt_ratio": 41.14,
            "inventory_turnover_ratio": 0.68,
            "account_receivable_turnover_ratio": 0.81,
            "reinvestment_rate": null,
            "research_to_sale_ratio": 4.3,
            "price_fair": 38.27,
            "eps_avg_yearly": 1.09,
            "eps_latest_yearly": 1.48,
            "eps_growth_yearly": 2348.17
        },
        "20122": {
            "year_quarter": 20122,
            "year": 2012,
            "quarter": 2,
            "eps": -0.85,
            "eps_growth_year": null,
            "eps_4q": -1.61,
            "eps_4q_growth_year": -612.48,
            "roe": -8.91,
            "roe_4q": -17.580000000000002,
            "gross_profit": -35851,
            "gross_margin": -3.82,
            "gross_margin_4q_avg": -2.18,
            "net_income": -354026,
            "revenue": 937666,
            "common_shares": 3438263,
            "book_valuer_per_share": 10.76,
            "book_valuer_per_share_4q_avg": 11.69,
            "equity": 3782711,
            "current_ratio": 139.49,
            "debt_ratio": 46.12,
            "inventory_turnover_ratio": 0.73,
            "account_receivable_turnover_ratio": 0.83,
            "reinvestment_rate": null,
            "research_to_sale_ratio": 4.03,
            "price_fair": 37.52,
            "eps_avg_yearly": 1.07,
            "eps_latest_yearly": 1.48,
            "eps_growth_yearly": 497.8
        },
        "20123": {
            "year_quarter": 20123,
            "year": 2012,
            "quarter": 3,
            "eps": -0.3,
            "eps_growth_year": null,
            "eps_4q": -1.76,
            "eps_4q_growth_year": null,
            "roe": -3.35,
            "roe_4q": -19.3,
            "gross_profit": -3551,
            "gross_margin": -0.43,
            "gross_margin_4q_avg": -4.08,
            "net_income": -124239,
            "revenue": 818153,
            "common_shares": 3610176,
            "book_valuer_per_share": 9.86,
            "book_valuer_per_share_4q_avg": 11.06,
            "equity": 3627399,
            "current_ratio": 170.69,
            "debt_ratio": 46.78,
            "inventory_turnover_ratio": 0.63,
            "account_receivable_turnover_ratio": 0.7,
            "reinvestment_rate": null,
            "research_to_sale_ratio": 4.66,
            "price_fair": 42.35,
            "eps_avg_yearly": 1.21,
            "eps_latest_yearly": 1.48,
            "eps_growth_yearly": 678.92
        },
        "20124": {
            "year_quarter": 20124,
            "year": 2012,
            "quarter": 4,
            "eps": -0.61,
            "eps_growth_year": null,
            "eps_4q": -1.98,
            "eps_4q_growth_year": null,
            "roe": -7.1,
            "roe_4q": -21.669999999999998,
            "gross_profit": -133885,
            "gross_margin": -18.28,
            "gross_margin_4q_avg": -7.37,
            "net_income": -248612,
            "revenue": 732355,
            "common_shares": 3610176,
            "book_valuer_per_share": 9.21,
            "book_valuer_per_share_4q_avg": 10.39,
            "equity": 3371222,
            "current_ratio": 156.24,
            "debt_ratio": 47.23,
            "inventory_turnover_ratio": 0.74,
            "account_receivable_turnover_ratio": 0.65,
            "reinvestment_rate": null,
            "research_to_sale_ratio": 4.95,
            "price_fair": 42.35,
            "eps_avg_yearly": 1.21,
            "eps_latest_yearly": 1.48,
            "eps_growth_yearly": 678.92
        },
        "20131": {
            "year_quarter": 20131,
            "year": 2013,
            "quarter": 1,
            "eps": -0.3,
            "eps_growth_year": null,
            "eps_4q": -2.06,
            "eps_4q_growth_year": null,
            "roe": -3.78,
            "roe_4q": -23.14,
            "gross_profit": -8192,
            "gross_margin": -1.06,
            "gross_margin_4q_avg": -5.9,
            "net_income": -124541,
            "revenue": 770515,
            "common_shares": 3610176,
            "book_valuer_per_share": 8.84,
            "book_valuer_per_share_4q_avg": 9.67,
            "equity": 3221109,
            "current_ratio": 147.01,
            "debt_ratio": 49.52,
            "inventory_turnover_ratio": 0.71,
            "account_receivable_turnover_ratio": 0.72,
            "reinvestment_rate": null,
            "research_to_sale_ratio": 5.75,
            "price_fair": 42.35,
            "eps_avg_yearly": 1.21,
            "eps_latest_yearly": 1.48,
            "eps_growth_yearly": 678.92
        },
        "20132": {
            "year_quarter": 20132,
            "year": 2013,
            "quarter": 2,
            "eps": -0.24,
            "eps_growth_year": null,
            "eps_4q": -1.45,
            "eps_4q_growth_year": null,
            "roe": -3.29,
            "roe_4q": -17.52,
            "gross_profit": -109122,
            "gross_margin": -12.34,
            "gross_margin_4q_avg": -8.03,
            "net_income": -104407,
            "revenue": 884188,
            "common_shares": 3610176,
            "book_valuer_per_share": 8.61,
            "book_valuer_per_share_4q_avg": 9.13,
            "equity": 3120558,
            "current_ratio": 173.65,
            "debt_ratio": 46.01,
            "inventory_turnover_ratio": 1.02,
            "account_receivable_turnover_ratio": 0.78,
            "reinvestment_rate": null,
            "research_to_sale_ratio": 2.3,
            "price_fair": 42.35,
            "eps_avg_yearly": 1.21,
            "eps_latest_yearly": 1.48,
            "eps_growth_yearly": 678.92
        },
        "20133": {
            "year_quarter": 20133,
            "year": 2013,
            "quarter": 3,
            "eps": -0.03,
            "eps_growth_year": null,
            "eps_4q": -1.19,
            "eps_4q_growth_year": null,
            "roe": -0.17,
            "roe_4q": -14.34,
            "gross_profit": 94971,
            "gross_margin": 9.52,
            "gross_margin_4q_avg": -5.54,
            "net_income": -5238,
            "revenue": 998114,
            "common_shares": 3610176,
            "book_valuer_per_share": 8.49,
            "book_valuer_per_share_4q_avg": 8.79,
            "equity": 3088028,
            "current_ratio": 177.01,
            "debt_ratio": 46.76,
            "inventory_turnover_ratio": 1.09,
            "account_receivable_turnover_ratio": 0.79,
            "reinvestment_rate": null,
            "research_to_sale_ratio": 2.63,
            "price_fair": 42.35,
            "eps_avg_yearly": 1.21,
            "eps_latest_yearly": 1.48,
            "eps_growth_yearly": 678.92
        },
        "20134": {
            "year_quarter": 20134,
            "year": 2013,
            "quarter": 4,
            "eps": -2.18,
            "eps_growth_year": null,
            "eps_4q": -2.75,
            "eps_4q_growth_year": null,
            "roe": -27.83,
            "roe_4q": -35.07,
            "gross_profit": 35981,
            "gross_margin": 2.42,
            "gross_margin_4q_avg": -0.37,
            "net_income": -781937,
            "revenue": 1488330,
            "common_shares": 3610176,
            "book_valuer_per_share": 6.95,
            "book_valuer_per_share_4q_avg": 8.22,
            "equity": 2531202,
            "current_ratio": 153.83,
            "debt_ratio": 52.98,
            "inventory_turnover_ratio": 1.96,
            "account_receivable_turnover_ratio": 1.07,
            "reinvestment_rate": null,
            "research_to_sale_ratio": 1.99,
            "price_fair": 27.07,
            "eps_avg_yearly": 0.77,
            "eps_latest_yearly": 1.48,
            "eps_growth_yearly": 274.92
        },
        "20141": {
            "year_quarter": 20141,
            "year": 2014,
            "quarter": 1,
            "eps": 0.23,
            "eps_growth_year": null,
            "eps_4q": -2.23,
            "eps_4q_growth_year": null,
            "roe": 3.33,
            "roe_4q": -27.96,
            "gross_profit": 154434,
            "gross_margin": 11.92,
            "gross_margin_4q_avg": 2.88,
            "net_income": 85842,
            "revenue": 1295094,
            "common_shares": 3610176,
            "book_valuer_per_share": 7.18,
            "book_valuer_per_share_4q_avg": 7.81,
            "equity": 2619562,
            "current_ratio": 163.37,
            "debt_ratio": 51.64,
            "inventory_turnover_ratio": 1.62,
            "account_receivable_turnover_ratio": 0.88,
            "reinvestment_rate": null,
            "research_to_sale_ratio": 1.77,
            "price_fair": 36.4,
            "eps_avg_yearly": 1.04,
            "eps_latest_yearly": 1.48,
            "eps_growth_yearly": 593.33
        },
        "20142": {
            "year_quarter": 20142,
            "year": 2014,
            "quarter": 2,
            "eps": 0.25,
            "eps_growth_year": null,
            "eps_4q": -1.73,
            "eps_4q_growth_year": null,
            "roe": 3.54,
            "roe_4q": -21.13,
            "gross_profit": 234881,
            "gross_margin": 16.45,
            "gross_margin_4q_avg": 10.08,
            "net_income": 94185,
            "revenue": 1427499,
            "common_shares": 3610176,
            "book_valuer_per_share": 7.38,
            "book_valuer_per_share_4q_avg": 7.5,
            "equity": 2695149,
            "current_ratio": 164.42,
            "debt_ratio": 48.12,
            "inventory_turnover_ratio": 1.57,
            "account_receivable_turnover_ratio": 1.04,
            "reinvestment_rate": null,
            "research_to_sale_ratio": 1.86,
            "price_fair": 43.4,
            "eps_avg_yearly": 1.24,
            "eps_latest_yearly": 1,
            "eps_growth_yearly": 310.72
        },
        "20143": {
            "year_quarter": 20143,
            "year": 2014,
            "quarter": 3,
            "eps": 0.36,
            "eps_growth_year": null,
            "eps_4q": -2.2,
            "eps_4q_growth_year": null,
            "roe": 3.06,
            "roe_4q": -17.9,
            "gross_profit": 205935,
            "gross_margin": 18.3,
            "gross_margin_4q_avg": 12.27,
            "net_income": 84012,
            "revenue": 1125401,
            "common_shares": 2392453,
            "book_valuer_per_share": 11.58,
            "book_valuer_per_share_4q_avg": 8.27,
            "equity": 2799135,
            "current_ratio": 171.82,
            "debt_ratio": 47.45,
            "inventory_turnover_ratio": 1.16,
            "account_receivable_turnover_ratio": 0.84,
            "reinvestment_rate": null,
            "research_to_sale_ratio": 2.51,
            "price_fair": 42.7,
            "eps_avg_yearly": 1.22,
            "eps_latest_yearly": 1.44,
            "eps_growth_yearly": 105.39
        },
        "20144": {
            "year_quarter": 20144,
            "year": 2014,
            "quarter": 4,
            "eps": 0.42,
            "eps_growth_year": null,
            "eps_4q": 1.5,
            "eps_4q_growth_year": null,
            "roe": 3.47,
            "roe_4q": 13.4,
            "gross_profit": 159004,
            "gross_margin": 16.67,
            "gross_margin_4q_avg": 15.84,
            "net_income": 99277,
            "revenue": 954086,
            "common_shares": 2359318,
            "book_valuer_per_share": 12.08,
            "book_valuer_per_share_4q_avg": 9.56,
            "equity": 2916572,
            "current_ratio": 178.11,
            "debt_ratio": 43.49,
            "inventory_turnover_ratio": 1.01,
            "account_receivable_turnover_ratio": 0.75,
            "reinvestment_rate": null,
            "research_to_sale_ratio": 3.03,
            "price_fair": 48.07,
            "eps_avg_yearly": 1.37,
            "eps_latest_yearly": 1.68,
            "eps_growth_yearly": 92.48
        },
        "20151": {
            "year_quarter": 20151,
            "year": 2015,
            "quarter": 1,
            "eps": 0.34,
            "eps_growth_year": 47.83,
            "eps_4q": 1.29,
            "eps_4q_growth_year": null,
            "roe": 2.71,
            "roe_4q": 12.780000000000001,
            "gross_profit": 187673,
            "gross_margin": 21.8,
            "gross_margin_4q_avg": 18.31,
            "net_income": 86340,
            "revenue": 860764,
            "common_shares": 2759318,
            "book_valuer_per_share": 12.31,
            "book_valuer_per_share_4q_avg": 10.84,
            "equity": 3465660,
            "current_ratio": 233.87,
            "debt_ratio": 32.34,
            "inventory_turnover_ratio": 0.87,
            "account_receivable_turnover_ratio": 0.75,
            "reinvestment_rate": null,
            "research_to_sale_ratio": 3.35,
            "price_fair": 47.95,
            "eps_avg_yearly": 1.37,
            "eps_latest_yearly": 1.36,
            "eps_growth_yearly": 50.31
        },
        "20152": {
            "year_quarter": 20152,
            "year": 2015,
            "quarter": 2,
            "eps": 0.37,
            "eps_growth_year": 48,
            "eps_4q": 1.34,
            "eps_4q_growth_year": null,
            "roe": 3.22,
            "roe_4q": 12.46,
            "gross_profit": 206891,
            "gross_margin": 21.5,
            "gross_margin_4q_avg": 19.57,
            "net_income": 109145,
            "revenue": 962063,
            "common_shares": 2759318,
            "book_valuer_per_share": 11.7,
            "book_valuer_per_share_4q_avg": 11.92,
            "equity": 3305267,
            "current_ratio": 202.21,
            "debt_ratio": 36.73,
            "inventory_turnover_ratio": 0.97,
            "account_receivable_turnover_ratio": 0.86,
            "reinvestment_rate": null,
            "research_to_sale_ratio": 3.29,
            "price_fair": 48.72,
            "eps_avg_yearly": 1.39,
            "eps_latest_yearly": 1.48,
            "eps_growth_yearly": 47.31
        },
        "20153": {
            "year_quarter": 20153,
            "year": 2015,
            "quarter": 3,
            "eps": 0.41,
            "eps_growth_year": 13.89,
            "eps_4q": 1.45,
            "eps_4q_growth_year": null,
            "roe": 3.23,
            "roe_4q": 12.63,
            "gross_profit": 191842,
            "gross_margin": 21.55,
            "gross_margin_4q_avg": 20.38,
            "net_income": 108816,
            "revenue": 890199,
            "common_shares": 2759318,
            "book_valuer_per_share": 12.17,
            "book_valuer_per_share_4q_avg": 12.07,
            "equity": 3429238,
            "current_ratio": 227.33,
            "debt_ratio": 34.05,
            "inventory_turnover_ratio": 0.87,
            "account_receivable_turnover_ratio": 0.81,
            "reinvestment_rate": null,
            "research_to_sale_ratio": 3.03,
            "price_fair": 50.17,
            "eps_avg_yearly": 1.43,
            "eps_latest_yearly": 1.64,
            "eps_growth_yearly": 46.63
        },
        "20154": {
            "year_quarter": 20154,
            "year": 2015,
            "quarter": 4,
            "eps": 0.1,
            "eps_growth_year": -75.04,
            "eps_4q": 1.14,
            "eps_4q_growth_year": -24.19,
            "roe": 0.27,
            "roe_4q": 9.43,
            "gross_profit": 192046,
            "gross_margin": 22.68,
            "gross_margin_4q_avg": 21.88,
            "net_income": 9534,
            "revenue": 846837,
            "common_shares": 2905471,
            "book_valuer_per_share": 12.26,
            "book_valuer_per_share_4q_avg": 12.11,
            "equity": 3612727,
            "current_ratio": 253.66,
            "debt_ratio": 28,
            "inventory_turnover_ratio": 0.81,
            "account_receivable_turnover_ratio": 0.81,
            "reinvestment_rate": null,
            "research_to_sale_ratio": 3.23,
            "price_fair": 3.86,
            "eps_avg_yearly": 1.29,
            "eps_latest_yearly": 0.4,
            "eps_growth_yearly": -3.23
        },
        "20161": {
            "year_quarter": 20161,
            "year": 2016,
            "quarter": 1,
            "eps": 0.11,
            "eps_growth_year": -67.65,
            "eps_4q": 0.95,
            "eps_4q_growth_year": -27,
            "roe": 0.69,
            "roe_4q": 7.41,
            "gross_profit": 169022,
            "gross_margin": 23.44,
            "gross_margin_4q_avg": 22.29,
            "net_income": 25062,
            "revenue": 721135,
            "common_shares": 2927834,
            "book_valuer_per_share": 12.37,
            "book_valuer_per_share_4q_avg": 12.13,
            "equity": 3664684,
            "current_ratio": 263.37,
            "debt_ratio": 26.58,
            "inventory_turnover_ratio": 0.72,
            "account_receivable_turnover_ratio": 0.74,
            "reinvestment_rate": null,
            "research_to_sale_ratio": 3.83,
            "price_fair": 14.36,
            "eps_avg_yearly": 1.18,
            "eps_latest_yearly": 0.44,
            "eps_growth_yearly": 2.17
        },
        "20162": {
            "year_quarter": 20162,
            "year": 2016,
            "quarter": 2,
            "eps": 0.18,
            "eps_growth_year": -51.35,
            "eps_4q": 0.77,
            "eps_4q_growth_year": -42.33,
            "roe": 1.21,
            "roe_4q": 5.4,
            "gross_profit": 185359,
            "gross_margin": 23.57,
            "gross_margin_4q_avg": 22.81,
            "net_income": 42770,
            "revenue": 786367,
            "common_shares": 2927834,
            "book_valuer_per_share": 11.45,
            "book_valuer_per_share_4q_avg": 12.06,
            "equity": 3387266,
            "current_ratio": 206.96,
            "debt_ratio": 33.85,
            "inventory_turnover_ratio": 0.79,
            "account_receivable_turnover_ratio": 0.8,
            "reinvestment_rate": null,
            "research_to_sale_ratio": 3.4,
            "price_fair": 39.51,
            "eps_avg_yearly": 1.13,
            "eps_latest_yearly": 0.72,
            "eps_growth_yearly": 30.21
        },
        "20163": {
            "year_quarter": 20163,
            "year": 2016,
            "quarter": 3,
            "eps": 0.07,
            "eps_growth_year": -82.93,
            "eps_4q": 0.45,
            "eps_4q_growth_year": -68.66,
            "roe": 0.33,
            "roe_4q": 2.5,
            "gross_profit": 180621,
            "gross_margin": 21.82,
            "gross_margin_4q_avg": 22.88,
            "net_income": 11058,
            "revenue": 827677,
            "common_shares": 2927834,
            "book_valuer_per_share": 11.48,
            "book_valuer_per_share_4q_avg": 11.89,
            "equity": 3386480,
            "current_ratio": 228.92,
            "debt_ratio": 31.19,
            "inventory_turnover_ratio": 0.88,
            "account_receivable_turnover_ratio": 0.78,
            "reinvestment_rate": null,
            "research_to_sale_ratio": 3.46,
            "price_fair": 13.31,
            "eps_avg_yearly": 1.04,
            "eps_latest_yearly": 0.28,
            "eps_growth_yearly": 2.75
        },
        "20164": {
            "year_quarter": 20164,
            "year": 2016,
            "quarter": 4,
            "eps": 0.56,
            "eps_growth_year": 432.72,
            "eps_4q": 0.91,
            "eps_4q_growth_year": -20.24,
            "roe": 4.61,
            "roe_4q": 6.84,
            "gross_profit": 178714,
            "gross_margin": 22.66,
            "gross_margin_4q_avg": 22.87,
            "net_income": 159330,
            "revenue": 788720,
            "common_shares": 2927834,
            "book_valuer_per_share": 11.95,
            "book_valuer_per_share_4q_avg": 11.81,
            "equity": 3521715,
            "current_ratio": 237.25,
            "debt_ratio": 29.41,
            "inventory_turnover_ratio": 0.86,
            "account_receivable_turnover_ratio": 0.75,
            "reinvestment_rate": null,
            "research_to_sale_ratio": 3.9,
            "price_fair": 40.35,
            "eps_avg_yearly": 1.15,
            "eps_latest_yearly": 2.24,
            "eps_growth_yearly": 257.04
        },
        "20171": {
            "year_quarter": 20171,
            "year": 2017,
            "quarter": 1,
            "eps": -0.19,
            "eps_growth_year": -272.73,
            "eps_4q": 0.61,
            "eps_4q_growth_year": -35.25,
            "roe": -1.77,
            "roe_4q": 4.380000000000001,
            "gross_profit": 157449,
            "gross_margin": 21.95,
            "gross_margin_4q_avg": 22.5,
            "net_income": -64287,
            "revenue": 717299,
            "common_shares": 2936590,
            "book_valuer_per_share": 11.81,
            "book_valuer_per_share_4q_avg": 11.67,
            "equity": 3761995,
            "current_ratio": 241.94,
            "debt_ratio": 30,
            "inventory_turnover_ratio": 0.73,
            "account_receivable_turnover_ratio": 0.75,
            "reinvestment_rate": -7813.81,
            "research_to_sale_ratio": 4.63,
            "price_fair": 40.35,
            "eps_avg_yearly": 1.15,
            "eps_latest_yearly": 2.24,
            "eps_growth_yearly": 257.04
        },
        "20172": {
            "year_quarter": 20172,
            "year": 2017,
            "quarter": 2,
            "eps": 0.32,
            "eps_growth_year": 77.78,
            "eps_4q": 0.76,
            "eps_4q_growth_year": -2.34,
            "roe": 2.28,
            "roe_4q": 5.45,
            "gross_profit": 202760,
            "gross_margin": 24.72,
            "gross_margin_4q_avg": 22.79,
            "net_income": 84166,
            "revenue": 820105,
            "common_shares": 2952383,
            "book_valuer_per_share": 11.25,
            "book_valuer_per_share_4q_avg": 11.62,
            "equity": 3614621,
            "current_ratio": 190.39,
            "debt_ratio": 37.22,
            "inventory_turnover_ratio": 0.74,
            "account_receivable_turnover_ratio": 0.83,
            "reinvestment_rate": -687.41,
            "research_to_sale_ratio": 3.75,
            "price_fair": 40.35,
            "eps_avg_yearly": 1.15,
            "eps_latest_yearly": 2.24,
            "eps_growth_yearly": 257.04
        },
        "20173": {
            "year_quarter": 20173,
            "year": 2017,
            "quarter": 3,
            "eps": 0.21,
            "eps_growth_year": 200,
            "eps_4q": 0.89,
            "eps_4q_growth_year": 96.45,
            "roe": 1.68,
            "roe_4q": 6.800000000000001,
            "gross_profit": 186740,
            "gross_margin": 23.88,
            "gross_margin_4q_avg": 23.3,
            "net_income": 61675,
            "revenue": 781850,
            "common_shares": 2990775,
            "book_valuer_per_share": 11.5,
            "book_valuer_per_share_4q_avg": 11.63,
            "equity": 3732094,
            "current_ratio": 198.63,
            "debt_ratio": 35.8,
            "inventory_turnover_ratio": 0.7,
            "account_receivable_turnover_ratio": 0.75,
            "reinvestment_rate": -443.19,
            "research_to_sale_ratio": 3.78,
            "price_fair": 39.43,
            "eps_avg_yearly": 1.13,
            "eps_latest_yearly": 0.84,
            "eps_growth_yearly": 224.16
        },
        "20174": {
            "year_quarter": 20174,
            "year": 2017,
            "quarter": 4,
            "eps": 0.31,
            "eps_growth_year": -43.97,
            "eps_4q": 0.66,
            "eps_4q_growth_year": -27.71,
            "roe": 1.63,
            "roe_4q": 3.82,
            "gross_profit": 185451,
            "gross_margin": 23.03,
            "gross_margin_4q_avg": 23.4,
            "net_income": 61484,
            "revenue": 805266,
            "common_shares": 2998179,
            "book_valuer_per_share": 11.79,
            "book_valuer_per_share_4q_avg": 11.59,
            "equity": 3792187,
            "current_ratio": 187.34,
            "debt_ratio": 43.07,
            "inventory_turnover_ratio": 0.72,
            "account_receivable_turnover_ratio": 0.79,
            "reinvestment_rate": 1.36,
            "research_to_sale_ratio": 4.16,
            "price_fair": 39.74,
            "eps_avg_yearly": 1.14,
            "eps_latest_yearly": 1.24,
            "eps_growth_yearly": 221.57
        },
        "20181": {
            "year_quarter": 20181,
            "year": 2018,
            "quarter": 1,
            "eps": 0.03,
            "eps_growth_year": null,
            "eps_4q": 0.87,
            "eps_4q_growth_year": 41.78,
            "roe": 0.04,
            "roe_4q": 5.629999999999999,
            "gross_profit": 171524,
            "gross_margin": 21.27,
            "gross_margin_4q_avg": 23.23,
            "net_income": 1513,
            "revenue": 806371,
            "common_shares": 3006223,
            "book_valuer_per_share": 11.85,
            "book_valuer_per_share_4q_avg": 11.6,
            "equity": 3811892,
            "current_ratio": 194.56,
            "debt_ratio": 44.05,
            "inventory_turnover_ratio": 0.74,
            "account_receivable_turnover_ratio": 0.81,
            "reinvestment_rate": 5.83,
            "research_to_sale_ratio": 4.05,
            "price_fair": 37.2,
            "eps_avg_yearly": 1.06,
            "eps_latest_yearly": 0.12,
            "eps_growth_yearly": 179.94
        },
        "20182": {
            "year_quarter": 20182,
            "year": 2018,
            "quarter": 2,
            "eps": 1.47,
            "eps_growth_year": 359.38,
            "eps_4q": 2.02,
            "eps_4q_growth_year": 167.94,
            "roe": 11.36,
            "roe_4q": 14.709999999999997,
            "gross_profit": 189031,
            "gross_margin": 22.4,
            "gross_margin_4q_avg": 22.65,
            "net_income": 445454,
            "revenue": 843998,
            "common_shares": 3006223,
            "book_valuer_per_share": 12.57,
            "book_valuer_per_share_4q_avg": 11.93,
            "equity": 4031163,
            "current_ratio": 196.78,
            "debt_ratio": 41.81,
            "inventory_turnover_ratio": 0.71,
            "account_receivable_turnover_ratio": 0.81,
            "reinvestment_rate": 25.5,
            "research_to_sale_ratio": 4.08,
            "price_fair": 49.4,
            "eps_avg_yearly": 1.41,
            "eps_latest_yearly": 5.88,
            "eps_growth_yearly": 1548.88
        },
        "20183": {
            "year_quarter": 20183,
            "year": 2018,
            "quarter": 3,
            "eps": 0.3,
            "eps_growth_year": 42.86,
            "eps_4q": 2.11,
            "eps_4q_growth_year": 137.6,
            "roe": -0.01,
            "roe_4q": 13.02,
            "gross_profit": 165324,
            "gross_margin": 21.27,
            "gross_margin_4q_avg": 21.99,
            "net_income": -529,
            "revenue": 777157,
            "common_shares": 3006223,
            "book_valuer_per_share": 12.94,
            "book_valuer_per_share_4q_avg": 12.29,
            "equity": 4271587,
            "current_ratio": 193.41,
            "debt_ratio": 42.6,
            "inventory_turnover_ratio": 0.62,
            "account_receivable_turnover_ratio": 0.71,
            "reinvestment_rate": 35.16,
            "research_to_sale_ratio": 3.81,
            "price_fair": 48.8,
            "eps_avg_yearly": 1.39,
            "eps_latest_yearly": 1.2,
            "eps_growth_yearly": 1513.57
        },
        "20184": {
            "year_quarter": 20184,
            "year": 2018,
            "quarter": 4,
            "eps": -0.01,
            "eps_growth_year": -104.39,
            "eps_4q": 1.79,
            "eps_4q_growth_year": 172.91,
            "roe": 0.97,
            "roe_4q": 12.36,
            "gross_profit": 88607,
            "gross_margin": 14.75,
            "gross_margin_4q_avg": 19.92,
            "net_income": 41713,
            "revenue": 600605,
            "common_shares": 3006223,
            "book_valuer_per_share": 12.92,
            "book_valuer_per_share_4q_avg": 12.57,
            "equity": 4307426,
            "current_ratio": 270.22,
            "debt_ratio": 33.03,
            "inventory_turnover_ratio": 0.5,
            "account_receivable_turnover_ratio": 0.61,
            "reinvestment_rate": 33.53,
            "research_to_sale_ratio": 6.05,
            "price_fair": 48.03,
            "eps_avg_yearly": 1.37,
            "eps_latest_yearly": 1.2,
            "eps_growth_yearly": 1624.87
        },
        "20191": {
            "year_quarter": 20191,
            "year": 2019,
            "quarter": 1,
            "eps": 0.12,
            "eps_growth_year": 300,
            "eps_4q": 1.88,
            "eps_4q_growth_year": 116.38,
            "roe": 1.03,
            "roe_4q": 13.35,
            "gross_profit": 101263,
            "gross_margin": 17.88,
            "gross_margin_4q_avg": 19.08,
            "net_income": 44458,
            "revenue": 566398,
            "common_shares": 3006223,
            "book_valuer_per_share": 13.06,
            "book_valuer_per_share_4q_avg": 12.87,
            "equity": 4360405,
            "current_ratio": 266.25,
            "debt_ratio": 34.19,
            "inventory_turnover_ratio": 0.45,
            "account_receivable_turnover_ratio": 0.67,
            "reinvestment_rate": 45.48,
            "research_to_sale_ratio": 6.49,
            "price_fair": 48.07,
            "eps_avg_yearly": 1.37,
            "eps_latest_yearly": 1.2,
            "eps_growth_yearly": 1766.63
        },
        "20192": {
            "year_quarter": 20192,
            "year": 2019,
            "quarter": 2,
            "eps": 0.09,
            "eps_growth_year": -93.88,
            "eps_4q": 0.49,
            "eps_4q_growth_year": -75.65,
            "roe": 1.09,
            "roe_4q": 3.08,
            "gross_profit": 148067,
            "gross_margin": 19.49,
            "gross_margin_4q_avg": 18.35,
            "net_income": 43480,
            "revenue": 759843,
            "common_shares": 3006223,
            "book_valuer_per_share": 11.93,
            "book_valuer_per_share_4q_avg": 12.71,
            "equity": 3615589,
            "current_ratio": 199.26,
            "debt_ratio": 39.64,
            "inventory_turnover_ratio": 0.67,
            "account_receivable_turnover_ratio": 0.96,
            "reinvestment_rate": 70.71,
            "research_to_sale_ratio": 4.72,
            "price_fair": 44.8,
            "eps_avg_yearly": 1.28,
            "eps_latest_yearly": 0.36,
            "eps_growth_yearly": 1755.35
        },
        "20193": {
            "year_quarter": 20193,
            "year": 2019,
            "quarter": 3,
            "eps": -0.07,
            "eps_growth_year": -123.33,
            "eps_4q": 0.12,
            "eps_4q_growth_year": -94.35,
            "roe": -0.56,
            "roe_4q": 2.5300000000000002,
            "gross_profit": 64068,
            "gross_margin": 11.07,
            "gross_margin_4q_avg": 15.8,
            "net_income": -20067,
            "revenue": 578838,
            "common_shares": 3006223,
            "book_valuer_per_share": 11.81,
            "book_valuer_per_share_4q_avg": 12.43,
            "equity": 3582084,
            "current_ratio": 202.34,
            "debt_ratio": 39.53,
            "inventory_turnover_ratio": 0.7,
            "account_receivable_turnover_ratio": 0.75,
            "reinvestment_rate": 77.72,
            "research_to_sale_ratio": 6.2,
            "price_fair": 43.65,
            "eps_avg_yearly": 1.25,
            "eps_latest_yearly": 0.36,
            "eps_growth_yearly": 1911
        },
        "20194": {
            "year_quarter": 20194,
            "year": 2019,
            "quarter": 4,
            "eps": 0.47,
            "eps_growth_year": null,
            "eps_4q": 0.6,
            "eps_4q_growth_year": -66.56,
            "roe": 3.88,
            "roe_4q": 5.44,
            "gross_profit": 71674,
            "gross_margin": 11.66,
            "gross_margin_4q_avg": 15.03,
            "net_income": 141519,
            "revenue": 614776,
            "common_shares": 3006223,
            "book_valuer_per_share": 12.27,
            "book_valuer_per_share_4q_avg": 12.27,
            "equity": 3721374,
            "current_ratio": 224.72,
            "debt_ratio": 40.28,
            "inventory_turnover_ratio": 0.79,
            "account_receivable_turnover_ratio": 0.76,
            "reinvestment_rate": 48.52,
            "research_to_sale_ratio": 5.93,
            "price_fair": 46.62,
            "eps_avg_yearly": 1.33,
            "eps_latest_yearly": 0.36,
            "eps_growth_yearly": 2132.34
        },
        "20201": {
            "year_quarter": 20201,
            "year": 2020,
            "quarter": 1,
            "eps": -0.78,
            "eps_growth_year": -750,
            "eps_4q": -0.3,
            "eps_4q_growth_year": -115.86,
            "roe": -6.55,
            "roe_4q": -2.1399999999999997,
            "gross_profit": 64486,
            "gross_margin": 13.12,
            "gross_margin_4q_avg": 13.84,
            "net_income": -232623,
            "revenue": 491637,
            "common_shares": 3006223,
            "book_valuer_per_share": 11.13,
            "book_valuer_per_share_4q_avg": 11.79,
            "equity": 3379373,
            "current_ratio": 226.65,
            "debt_ratio": 40.44,
            "inventory_turnover_ratio": 0.61,
            "account_receivable_turnover_ratio": 0.64,
            "reinvestment_rate": 61.65,
            "research_to_sale_ratio": 6.22,
            "price_fair": 50.09,
            "eps_avg_yearly": 1.43,
            "eps_latest_yearly": 0.36,
            "eps_growth_yearly": 2364.82
        },
        "20202": {
            "year_quarter": 20202,
            "year": 2020,
            "quarter": 2,
            "eps": 1.78,
            "eps_growth_year": 1877.78,
            "eps_4q": 1.39,
            "eps_4q_growth_year": 183.06,
            "roe": 14.64,
            "roe_4q": 11.409999999999998,
            "gross_profit": 86392,
            "gross_margin": 13.45,
            "gross_margin_4q_avg": 12.33,
            "net_income": 531631,
            "revenue": 642145,
            "common_shares": 3006223,
            "book_valuer_per_share": 12.92,
            "book_valuer_per_share_4q_avg": 12.03,
            "equity": 3885669,
            "current_ratio": 270.94,
            "debt_ratio": 36.77,
            "inventory_turnover_ratio": 0.78,
            "account_receivable_turnover_ratio": 0.87,
            "reinvestment_rate": 40.72,
            "research_to_sale_ratio": 4.86,
            "price_fair": 53.2,
            "eps_avg_yearly": 1.52,
            "eps_latest_yearly": 0.36,
            "eps_growth_yearly": 2628.61
        },
        "20203": {
            "year_quarter": 20203,
            "year": 2020,
            "quarter": 3,
            "eps": -0.12,
            "eps_growth_year": null,
            "eps_4q": 1.34,
            "eps_4q_growth_year": 1019.78,
            "roe": -0.94,
            "roe_4q": 11.030000000000001,
            "gross_profit": 100579,
            "gross_margin": 15.5,
            "gross_margin_4q_avg": 13.43,
            "net_income": -36484,
            "revenue": 648851,
            "common_shares": 3006223,
            "book_valuer_per_share": 12.83,
            "book_valuer_per_share_4q_avg": 12.29,
            "equity": 3890685,
            "current_ratio": 269.75,
            "debt_ratio": 34.78,
            "inventory_turnover_ratio": 0.79,
            "account_receivable_turnover_ratio": 0.8,
            "reinvestment_rate": 60.16,
            "research_to_sale_ratio": 5.46,
            "price_fair": 59.4,
            "eps_avg_yearly": 1.7,
            "eps_latest_yearly": 0.36,
            "eps_growth_yearly": 3039.05
        },
        "20204": {
            "year_quarter": 20204,
            "year": 2020,
            "quarter": 4,
            "eps": 0.14,
            "eps_growth_year": -69.71,
            "eps_4q": 1.01,
            "eps_4q_growth_year": 69.3,
            "roe": 1.16,
            "roe_4q": 8.310000000000002,
            "gross_profit": 109285,
            "gross_margin": 16.92,
            "gross_margin_4q_avg": 14.75,
            "net_income": 45377,
            "revenue": 645983,
            "common_shares": 3006223,
            "book_valuer_per_share": 13,
            "book_valuer_per_share_4q_avg": 12.47,
            "equity": 3946162,
            "current_ratio": 258.59,
            "debt_ratio": 36.44,
            "inventory_turnover_ratio": 0.75,
            "account_receivable_turnover_ratio": 0.75,
            "reinvestment_rate": 70.84,
            "research_to_sale_ratio": 4.79,
            "price_fair": 56.23,
            "eps_avg_yearly": 1.61,
            "eps_latest_yearly": 0.36,
            "eps_growth_yearly": 3078.89
        },
        "20211": {
            "year_quarter": 20211,
            "year": 2021,
            "quarter": 1,
            "eps": 0.25,
            "eps_growth_year": null,
            "eps_4q": 2.04,
            "eps_4q_growth_year": null,
            "roe": 1.95,
            "roe_4q": 16.810000000000002,
            "gross_profit": 144095,
            "gross_margin": 18.97,
            "gross_margin_4q_avg": 16.21,
            "net_income": 75514,
            "revenue": 759434,
            "common_shares": 3006223,
            "book_valuer_per_share": 12.56,
            "book_valuer_per_share_4q_avg": 12.83,
            "equity": 3813401,
            "current_ratio": 220.15,
            "debt_ratio": 39.32,
            "inventory_turnover_ratio": 0.83,
            "account_receivable_turnover_ratio": 0.81,
            "reinvestment_rate": 63.35,
            "research_to_sale_ratio": 4.57,
            "price_fair": 53.2,
            "eps_avg_yearly": 1.52,
            "eps_latest_yearly": 1,
            "eps_growth_yearly": 2683.94
        },
        "20212": {
            "year_quarter": 20212,
            "year": 2021,
            "quarter": 2,
            "eps": 0.07,
            "eps_growth_year": -96.07,
            "eps_4q": 0.34,
            "eps_4q_growth_year": -75.88,
            "roe": 0.54,
            "roe_4q": 2.7100000000000004,
            "gross_profit": 192537,
            "gross_margin": 23.16,
            "gross_margin_4q_avg": 18.64,
            "net_income": 20738,
            "revenue": 831182,
            "common_shares": 3006223,
            "book_valuer_per_share": 12.66,
            "book_valuer_per_share_4q_avg": 12.76,
            "equity": 3843649,
            "current_ratio": 239.29,
            "debt_ratio": 38.55,
            "inventory_turnover_ratio": 0.85,
            "account_receivable_turnover_ratio": 0.78,
            "reinvestment_rate": 62.84,
            "research_to_sale_ratio": 3.84,
            "price_fair": 47.78,
            "eps_avg_yearly": 1.37,
            "eps_latest_yearly": 0.28,
            "eps_growth_yearly": 2312.45
        },
        "20213": {
            "year_quarter": 20213,
            "year": 2021,
            "quarter": 3,
            "eps": 0.37,
            "eps_growth_year": null,
            "eps_4q": 0.82,
            "eps_4q_growth_year": -38.36,
            "roe": 2.83,
            "roe_4q": 6.48,
            "gross_profit": 194983,
            "gross_margin": 23.43,
            "gross_margin_4q_avg": 20.62,
            "net_income": 110583,
            "revenue": 832209,
            "common_shares": 3006223,
            "book_valuer_per_share": 13.07,
            "book_valuer_per_share_4q_avg": 12.82,
            "equity": 3969076,
            "current_ratio": 245.83,
            "debt_ratio": 37.63,
            "inventory_turnover_ratio": 0.82,
            "account_receivable_turnover_ratio": 0.72,
            "reinvestment_rate": 61.74,
            "research_to_sale_ratio": 3.78,
            "price_fair": 50.58,
            "eps_avg_yearly": 1.45,
            "eps_latest_yearly": 1.48,
            "eps_growth_yearly": 2543.92
        },
        "20214": {
            "year_quarter": 20214,
            "year": 2021,
            "quarter": 4,
            "eps": 1.73,
            "eps_growth_year": 1126.19,
            "eps_4q": 2.41,
            "eps_4q_growth_year": 138.05,
            "roe": 12.27,
            "roe_4q": 17.59,
            "gross_profit": 185046,
            "gross_margin": 24.99,
            "gross_margin_4q_avg": 22.64,
            "net_income": 519297,
            "revenue": 740550,
            "common_shares": 3006223,
            "book_valuer_per_share": 14.83,
            "book_valuer_per_share_4q_avg": 13.28,
            "equity": 4496436,
            "current_ratio": 339.97,
            "debt_ratio": 28.79,
            "inventory_turnover_ratio": 0.68,
            "account_receivable_turnover_ratio": 0.64,
            "reinvestment_rate": 5.89,
            "research_to_sale_ratio": 4.7,
            "price_fair": 75.43,
            "eps_avg_yearly": 2.16,
            "eps_latest_yearly": 6.92,
            "eps_growth_yearly": 2703.9
        },
        "20221": {
            "year_quarter": 20221,
            "year": 2022,
            "quarter": 1,
            "eps": 0.11,
            "eps_growth_year": -56,
            "eps_4q": 2.28,
            "eps_4q_growth_year": 11.65,
            "roe": 0.78,
            "roe_4q": 16.419999999999998,
            "gross_profit": 170476,
            "gross_margin": 24.96,
            "gross_margin_4q_avg": 24.14,
            "net_income": 33996,
            "revenue": 683131,
            "common_shares": 3006223,
            "book_valuer_per_share": 13.93,
            "book_valuer_per_share_4q_avg": 13.62,
            "equity": 4225908,
            "current_ratio": 293.27,
            "debt_ratio": 31.46,
            "inventory_turnover_ratio": 0.59,
            "account_receivable_turnover_ratio": 0.66,
            "reinvestment_rate": -4.65,
            "research_to_sale_ratio": 4.92,
            "price_fair": 76.83,
            "eps_avg_yearly": 2.2,
            "eps_latest_yearly": 0.44,
            "eps_growth_yearly": 2702.24
        },
        "20222": {
            "year_quarter": 20222,
            "year": 2022,
            "quarter": 2,
            "eps": -0.29,
            "eps_growth_year": -514.29,
            "eps_4q": 1.92,
            "eps_4q_growth_year": 470.36,
            "roe": -2.07,
            "roe_4q": 13.81,
            "gross_profit": 140529,
            "gross_margin": 21.08,
            "gross_margin_4q_avg": 23.62,
            "net_income": -86633,
            "revenue": 666759,
            "common_shares": 3006223,
            "book_valuer_per_share": 13.59,
            "book_valuer_per_share_4q_avg": 13.86,
            "equity": 4125176,
            "current_ratio": 291.57,
            "debt_ratio": 32.01,
            "inventory_turnover_ratio": 0.6,
            "account_receivable_turnover_ratio": 0.7,
            "reinvestment_rate": -26.77,
            "research_to_sale_ratio": 5.01,
            "price_fair": 58.4,
            "eps_avg_yearly": 1.67,
            "eps_latest_yearly": 0.44,
            "eps_growth_yearly": 345.42
        },
        "20223": {
            "year_quarter": 20223,
            "year": 2022,
            "quarter": 3,
            "eps": -0.21,
            "eps_growth_year": -156.76,
            "eps_4q": 1.34,
            "eps_4q_growth_year": 63.02,
            "roe": -1.56,
            "roe_4q": 9.42,
            "gross_profit": 46944,
            "gross_margin": 8.14,
            "gross_margin_4q_avg": 19.79,
            "net_income": -63840,
            "revenue": 576433,
            "common_shares": 3006223,
            "book_valuer_per_share": 13.37,
            "book_valuer_per_share_4q_avg": 13.93,
            "equity": 4056992,
            "current_ratio": 356.54,
            "debt_ratio": 27.46,
            "inventory_turnover_ratio": 0.61,
            "account_receivable_turnover_ratio": 0.64,
            "reinvestment_rate": -28.87,
            "research_to_sale_ratio": 6.28,
            "price_fair": 61.13,
            "eps_avg_yearly": 1.75,
            "eps_latest_yearly": 0.44,
            "eps_growth_yearly": 456.05
        },
        "20224": {
            "year_quarter": 20224,
            "year": 2022,
            "quarter": 4,
            "eps": -0.22,
            "eps_growth_year": -112.72,
            "eps_4q": -0.6,
            "eps_4q_growth_year": -125.04,
            "roe": -1.69,
            "roe_4q": -4.54,
            "gross_profit": 28655,
            "gross_margin": 5.81,
            "gross_margin_4q_avg": 15,
            "net_income": -67946,
            "revenue": 493186,
            "common_shares": 3006223,
            "book_valuer_per_share": 13.17,
            "book_valuer_per_share_4q_avg": 13.52,
            "equity": 3995581,
            "current_ratio": 357.14,
            "debt_ratio": 26.42,
            "inventory_turnover_ratio": 0.56,
            "account_receivable_turnover_ratio": 0.64,
            "reinvestment_rate": -21.06,
            "research_to_sale_ratio": 7.79,
            "price_fair": 61.13,
            "eps_avg_yearly": 1.75,
            "eps_latest_yearly": 0.44,
            "eps_growth_yearly": 456.05
        },
        "20231": {
            "year_quarter": 20231,
            "year": 2023,
            "quarter": 1,
            "eps": -0.12,
            "eps_growth_year": -209.09,
            "eps_4q": -0.84,
            "eps_4q_growth_year": -136.89,
            "roe": -0.95,
            "roe_4q": -6.27,
            "gross_profit": 23910,
            "gross_margin": 4.57,
            "gross_margin_4q_avg": 9.9,
            "net_income": -37814,
            "revenue": 523242,
            "common_shares": 3006223,
            "book_valuer_per_share": 13.07,
            "book_valuer_per_share_4q_avg": 13.3,
            "equity": 3964121,
            "current_ratio": 377.17,
            "debt_ratio": 25.43,
            "inventory_turnover_ratio": 0.62,
            "account_receivable_turnover_ratio": 0.77,
            "reinvestment_rate": -35.01,
            "research_to_sale_ratio": 7.26,
            "price_fair": 61.13,
            "eps_avg_yearly": 1.75,
            "eps_latest_yearly": 0.44,
            "eps_growth_yearly": 456.05
        }
    },
    "months": {
        "2001-06": {
            "month": "2001-06",
            "price": "24.00",
            "revenue": 126085
        },
        "2001-07": {
            "month": "2001-07",
            "price": "17.20",
            "revenue": 100958
        },
        "2001-08": {
            "month": "2001-08",
            "price": "15.25",
            "revenue": 100243
        },
        "2001-09": {
            "month": "2001-09",
            "price": "10.82",
            "revenue": 100885
        },
        "2001-10": {
            "month": "2001-10",
            "price": "9.79",
            "revenue": 105313
        },
        "2001-11": {
            "month": "2001-11",
            "price": "12.11",
            "revenue": 103784
        },
        "2001-12": {
            "month": "2001-12",
            "price": "17.18",
            "revenue": 113334
        },
        "2002-01": {
            "month": "2002-01",
            "price": "19.96",
            "revenue": 100201
        },
        "2002-02": {
            "month": "2002-02",
            "price": "20.71",
            "revenue": 92481
        },
        "2002-03": {
            "month": "2002-03",
            "price": "22.78",
            "revenue": 125682
        },
        "2002-04": {
            "month": "2002-04",
            "price": "25.26",
            "revenue": 152027
        },
        "2002-05": {
            "month": "2002-05",
            "price": "21.29",
            "revenue": 161666
        },
        "2002-06": {
            "month": "2002-06",
            "price": "19.83",
            "revenue": 153374
        },
        "2002-07": {
            "month": "2002-07",
            "price": "17.53",
            "revenue": 154073
        },
        "2002-08": {
            "month": "2002-08",
            "price": "17.30",
            "revenue": 143794
        },
        "2002-09": {
            "month": "2002-09",
            "price": "16.44",
            "revenue": 141368
        },
        "2002-10": {
            "month": "2002-10",
            "price": "15.40",
            "revenue": 125361
        },
        "2002-11": {
            "month": "2002-11",
            "price": "15.12",
            "revenue": 121723
        },
        "2002-12": {
            "month": "2002-12",
            "price": "13.32",
            "revenue": 122049
        },
        "2003-01": {
            "month": "2003-01",
            "price": "12.30",
            "revenue": 121453
        },
        "2003-02": {
            "month": "2003-02",
            "price": "11.44",
            "revenue": 123652
        },
        "2003-03": {
            "month": "2003-03",
            "price": "11.51",
            "revenue": 146759
        },
        "2003-04": {
            "month": "2003-04",
            "price": "11.60",
            "revenue": 165228
        },
        "2003-05": {
            "month": "2003-05",
            "price": "11.91",
            "revenue": 141063
        },
        "2003-06": {
            "month": "2003-06",
            "price": "13.78",
            "revenue": 162726
        },
        "2003-07": {
            "month": "2003-07",
            "price": "13.75",
            "revenue": 171382
        },
        "2003-08": {
            "month": "2003-08",
            "price": "12.67",
            "revenue": 176189
        },
        "2003-09": {
            "month": "2003-09",
            "price": "12.03",
            "revenue": 180587
        },
        "2003-10": {
            "month": "2003-10",
            "price": "12.20",
            "revenue": 181672
        },
        "2003-11": {
            "month": "2003-11",
            "price": "13.27",
            "revenue": 167496
        },
        "2003-12": {
            "month": "2003-12",
            "price": "13.26",
            "revenue": 140445
        },
        "2004-01": {
            "month": "2004-01",
            "price": "13.62",
            "revenue": 152074
        },
        "2004-02": {
            "month": "2004-02",
            "price": "16.92",
            "revenue": 176088
        },
        "2004-03": {
            "month": "2004-03",
            "price": "16.93",
            "revenue": 190424
        },
        "2004-04": {
            "month": "2004-04",
            "price": "17.29",
            "revenue": 200957
        },
        "2004-05": {
            "month": "2004-05",
            "price": "15.75",
            "revenue": 200969
        },
        "2004-06": {
            "month": "2004-06",
            "price": "15.49",
            "revenue": 203078
        },
        "2004-07": {
            "month": "2004-07",
            "price": "13.55",
            "revenue": 200527
        },
        "2004-08": {
            "month": "2004-08",
            "price": "12.42",
            "revenue": 186417
        },
        "2004-09": {
            "month": "2004-09",
            "price": "12.99",
            "revenue": 167914
        },
        "2004-10": {
            "month": "2004-10",
            "price": "11.98",
            "revenue": 156539
        },
        "2004-11": {
            "month": "2004-11",
            "price": "11.03",
            "revenue": 151580
        },
        "2004-12": {
            "month": "2004-12",
            "price": "11.47",
            "revenue": 151290
        },
        "2005-01": {
            "month": "2005-01",
            "price": "11.18",
            "revenue": 155152
        },
        "2005-02": {
            "month": "2005-02",
            "price": "11.83",
            "revenue": 122087
        },
        "2005-03": {
            "month": "2005-03",
            "price": "12.08",
            "revenue": 179354
        },
        "2005-04": {
            "month": "2005-04",
            "price": "11.89",
            "revenue": 201802
        },
        "2005-05": {
            "month": "2005-05",
            "price": "11.37",
            "revenue": 204512
        },
        "2005-06": {
            "month": "2005-06",
            "price": "12.48",
            "revenue": 207384
        },
        "2005-07": {
            "month": "2005-07",
            "price": "18.50",
            "revenue": 222034
        },
        "2005-08": {
            "month": "2005-08",
            "price": "20.20",
            "revenue": 240688
        },
        "2005-09": {
            "month": "2005-09",
            "price": "16.81",
            "revenue": 241222
        },
        "2005-10": {
            "month": "2005-10",
            "price": "15.74",
            "revenue": 223384
        },
        "2005-11": {
            "month": "2005-11",
            "price": "15.14",
            "revenue": 212674
        },
        "2005-12": {
            "month": "2005-12",
            "price": "16.70",
            "revenue": 200009
        },
        "2006-01": {
            "month": "2006-01",
            "price": "16.14",
            "revenue": 180486
        },
        "2006-02": {
            "month": "2006-02",
            "price": "14.58",
            "revenue": 201202
        },
        "2006-03": {
            "month": "2006-03",
            "price": "15.97",
            "revenue": 247863
        },
        "2006-04": {
            "month": "2006-04",
            "price": "20.07",
            "revenue": 267624
        },
        "2006-05": {
            "month": "2006-05",
            "price": "25.44",
            "revenue": 271612
        },
        "2006-06": {
            "month": "2006-06",
            "price": "24.92",
            "revenue": 283433
        },
        "2006-07": {
            "month": "2006-07",
            "price": "25.10",
            "revenue": 303854
        },
        "2006-08": {
            "month": "2006-08",
            "price": "25.62",
            "revenue": 325697
        },
        "2006-09": {
            "month": "2006-09",
            "price": "24.26",
            "revenue": 318824
        },
        "2006-10": {
            "month": "2006-10",
            "price": "23.72",
            "revenue": 251817
        },
        "2006-11": {
            "month": "2006-11",
            "price": "23.94",
            "revenue": 245734
        },
        "2006-12": {
            "month": "2006-12",
            "price": "24.18",
            "revenue": 238609
        },
        "2007-01": {
            "month": "2007-01",
            "price": "27.48",
            "revenue": 239686
        },
        "2007-02": {
            "month": "2007-02",
            "price": "28.10",
            "revenue": 182144
        },
        "2007-03": {
            "month": "2007-03",
            "price": "30.68",
            "revenue": 241884
        },
        "2007-04": {
            "month": "2007-04",
            "price": "30.17",
            "revenue": 287618
        },
        "2007-05": {
            "month": "2007-05",
            "price": "30.13",
            "revenue": 300376
        },
        "2007-06": {
            "month": "2007-06",
            "price": "34.79",
            "revenue": 331304
        },
        "2007-07": {
            "month": "2007-07",
            "price": "41.71",
            "revenue": 352274
        },
        "2007-08": {
            "month": "2007-08",
            "price": "44.93",
            "revenue": 410187
        },
        "2007-09": {
            "month": "2007-09",
            "price": "45.82",
            "revenue": 411119
        },
        "2007-10": {
            "month": "2007-10",
            "price": "43.83",
            "revenue": 461292
        },
        "2007-11": {
            "month": "2007-11",
            "price": "34.03",
            "revenue": 453395
        },
        "2007-12": {
            "month": "2007-12",
            "price": "29.73",
            "revenue": 424161
        },
        "2008-01": {
            "month": "2008-01",
            "price": "26.31",
            "revenue": 400503
        },
        "2008-02": {
            "month": "2008-02",
            "price": "25.16",
            "revenue": 339013
        },
        "2008-03": {
            "month": "2008-03",
            "price": "27.78",
            "revenue": 468826
        },
        "2008-04": {
            "month": "2008-04",
            "price": "29.50",
            "revenue": 454232
        },
        "2008-05": {
            "month": "2008-05",
            "price": "33.60",
            "revenue": 521656
        },
        "2008-06": {
            "month": "2008-06",
            "price": "32.87",
            "revenue": 658989
        },
        "2008-07": {
            "month": "2008-07",
            "price": "26.90",
            "revenue": 539904
        },
        "2008-08": {
            "month": "2008-08",
            "price": "25.36",
            "revenue": 504945
        },
        "2008-09": {
            "month": "2008-09",
            "price": "16.86",
            "revenue": 395739
        },
        "2008-10": {
            "month": "2008-10",
            "price": "13.41",
            "revenue": 323643
        },
        "2008-11": {
            "month": "2008-11",
            "price": "9.33",
            "revenue": 191478
        },
        "2008-12": {
            "month": "2008-12",
            "price": "8.84",
            "revenue": 115955
        },
        "2009-01": {
            "month": "2009-01",
            "price": "10.23",
            "revenue": 112846
        },
        "2009-02": {
            "month": "2009-02",
            "price": "10.86",
            "revenue": 183740
        },
        "2009-03": {
            "month": "2009-03",
            "price": "13.05",
            "revenue": 255800
        },
        "2009-04": {
            "month": "2009-04",
            "price": "15.30",
            "revenue": 232742
        },
        "2009-05": {
            "month": "2009-05",
            "price": "18.83",
            "revenue": 224345
        },
        "2009-06": {
            "month": "2009-06",
            "price": "20.53",
            "revenue": 187276
        },
        "2009-07": {
            "month": "2009-07",
            "price": "21.28",
            "revenue": 314458
        },
        "2009-08": {
            "month": "2009-08",
            "price": "19.93",
            "revenue": 307804
        },
        "2009-09": {
            "month": "2009-09",
            "price": "22.25",
            "revenue": 380991
        },
        "2009-10": {
            "month": "2009-10",
            "price": "29.21",
            "revenue": 381508
        },
        "2009-11": {
            "month": "2009-11",
            "price": "29.49",
            "revenue": 298042
        },
        "2009-12": {
            "month": "2009-12",
            "price": "30.41",
            "revenue": 304517
        },
        "2010-01": {
            "month": "2010-01",
            "price": "29.32",
            "revenue": 328951
        },
        "2010-02": {
            "month": "2010-02",
            "price": "25.90",
            "revenue": 302405
        },
        "2010-03": {
            "month": "2010-03",
            "price": "27.16",
            "revenue": 359017
        },
        "2010-04": {
            "month": "2010-04",
            "price": "27.30",
            "revenue": 426520
        },
        "2010-05": {
            "month": "2010-05",
            "price": "23.58",
            "revenue": 455864
        },
        "2010-06": {
            "month": "2010-06",
            "price": "22.64",
            "revenue": 449445
        },
        "2010-07": {
            "month": "2010-07",
            "price": "24.64",
            "revenue": 485998
        },
        "2010-08": {
            "month": "2010-08",
            "price": "26.30",
            "revenue": 459263
        },
        "2010-09": {
            "month": "2010-09",
            "price": "26.21",
            "revenue": 402807
        },
        "2010-10": {
            "month": "2010-10",
            "price": "24.22",
            "revenue": 357391
        },
        "2010-11": {
            "month": "2010-11",
            "price": "21.84",
            "revenue": 368384
        },
        "2010-12": {
            "month": "2010-12",
            "price": "23.44",
            "revenue": 336903
        },
        "2011-01": {
            "month": "2011-01",
            "price": "24.40",
            "revenue": 336972
        },
        "2011-02": {
            "month": "2011-02",
            "price": "23.50",
            "revenue": 288288
        },
        "2011-03": {
            "month": "2011-03",
            "price": "24.06",
            "revenue": 435022
        },
        "2011-04": {
            "month": "2011-04",
            "price": "22.63",
            "revenue": 362842
        },
        "2011-05": {
            "month": "2011-05",
            "price": "19.68",
            "revenue": 335635
        },
        "2011-06": {
            "month": "2011-06",
            "price": "18.12",
            "revenue": 308694
        },
        "2011-07": {
            "month": "2011-07",
            "price": "15.77",
            "revenue": 315015
        },
        "2011-08": {
            "month": "2011-08",
            "price": "12.58",
            "revenue": 282810
        },
        "2011-09": {
            "month": "2011-09",
            "price": "11.34",
            "revenue": 252345
        },
        "2011-10": {
            "month": "2011-10",
            "price": "11.27",
            "revenue": 257336
        },
        "2011-11": {
            "month": "2011-11",
            "price": "10.73",
            "revenue": 218417
        },
        "2011-12": {
            "month": "2011-12",
            "price": "9.96",
            "revenue": 216519
        },
        "2012-01": {
            "month": "2012-01",
            "price": "10.32",
            "revenue": 196457
        },
        "2012-02": {
            "month": "2012-02",
            "price": "13.40",
            "revenue": 266844
        },
        "2012-03": {
            "month": "2012-03",
            "price": "13.80",
            "revenue": 307622
        },
        "2012-04": {
            "month": "2012-04",
            "price": "12.20",
            "revenue": 299695
        },
        "2012-05": {
            "month": "2012-05",
            "price": "11.32",
            "revenue": 299208
        },
        "2012-06": {
            "month": "2012-06",
            "price": "10.74",
            "revenue": 281020
        },
        "2012-07": {
            "month": "2012-07",
            "price": "10.15",
            "revenue": 274221
        },
        "2012-08": {
            "month": "2012-08",
            "price": "9.04",
            "revenue": 267786
        },
        "2012-09": {
            "month": "2012-09",
            "price": "8.93",
            "revenue": 243734
        },
        "2012-10": {
            "month": "2012-10",
            "price": "7.72",
            "revenue": 244840
        },
        "2012-11": {
            "month": "2012-11",
            "price": "6.54",
            "revenue": 235960
        },
        "2012-12": {
            "month": "2012-12",
            "price": "7.19",
            "revenue": 229270
        },
        "2013-01": {
            "month": "2013-01",
            "price": "7.83",
            "revenue": 276817
        },
        "2013-02": {
            "month": "2013-02",
            "price": "7.56",
            "revenue": 217427
        },
        "2013-03": {
            "month": "2013-03",
            "price": "8.28",
            "revenue": 276271
        },
        "2013-04": {
            "month": "2013-04",
            "price": "7.34",
            "revenue": 299954
        },
        "2013-05": {
            "month": "2013-05",
            "price": "7.77",
            "revenue": 294778
        },
        "2013-06": {
            "month": "2013-06",
            "price": "7.18",
            "revenue": 289385
        },
        "2013-07": {
            "month": "2013-07",
            "price": "6.59",
            "revenue": 247129
        },
        "2013-08": {
            "month": "2013-08",
            "price": "5.48",
            "revenue": 312034
        },
        "2013-09": {
            "month": "2013-09",
            "price": "5.62",
            "revenue": 438287
        },
        "2013-10": {
            "month": "2013-10",
            "price": "7.39",
            "revenue": 541731
        },
        "2013-11": {
            "month": "2013-11",
            "price": "7.00",
            "revenue": 400641
        },
        "2013-12": {
            "month": "2013-12",
            "price": "7.79",
            "revenue": 549084
        },
        "2014-01": {
            "month": "2014-01",
            "price": "8.94",
            "revenue": 436220
        },
        "2014-02": {
            "month": "2014-02",
            "price": "8.94",
            "revenue": 401976
        },
        "2014-03": {
            "month": "2014-03",
            "price": "10.66",
            "revenue": 456898
        },
        "2014-04": {
            "month": "2014-04",
            "price": "10.60",
            "revenue": 531486
        },
        "2014-05": {
            "month": "2014-05",
            "price": "9.85",
            "revenue": 463612
        },
        "2014-06": {
            "month": "2014-06",
            "price": "11.70",
            "revenue": 432393
        },
        "2014-07": {
            "month": "2014-07",
            "price": "10.72",
            "revenue": 412179
        },
        "2014-08": {
            "month": "2014-08",
            "price": "10.44",
            "revenue": 353511
        },
        "2014-09": {
            "month": "2014-09",
            "price": "9.88",
            "revenue": 359775
        },
        "2014-10": {
            "month": "2014-10",
            "price": "7.60",
            "revenue": 328523
        },
        "2014-11": {
            "month": "2014-11",
            "price": "11.86",
            "revenue": 336829
        },
        "2014-12": {
            "month": "2014-12",
            "price": "12.36",
            "revenue": 288735
        },
        "2015-01": {
            "month": "2015-01",
            "price": "13.33",
            "revenue": 296235
        },
        "2015-02": {
            "month": "2015-02",
            "price": "12.46",
            "revenue": 214034
        },
        "2015-03": {
            "month": "2015-03",
            "price": "13.95",
            "revenue": 350575
        },
        "2015-04": {
            "month": "2015-04",
            "price": "15.81",
            "revenue": 325802
        },
        "2015-05": {
            "month": "2015-05",
            "price": "15.20",
            "revenue": 326526
        },
        "2015-06": {
            "month": "2015-06",
            "price": "15.03",
            "revenue": 326715
        },
        "2015-07": {
            "month": "2015-07",
            "price": "13.68",
            "revenue": 279149
        },
        "2015-08": {
            "month": "2015-08",
            "price": "11.00",
            "revenue": 309823
        },
        "2015-09": {
            "month": "2015-09",
            "price": "12.19",
            "revenue": 301226
        },
        "2015-10": {
            "month": "2015-10",
            "price": "14.01",
            "revenue": 288126
        },
        "2015-11": {
            "month": "2015-11",
            "price": "15.44",
            "revenue": 284572
        },
        "2015-12": {
            "month": "2015-12",
            "price": "15.80",
            "revenue": 257255
        },
        "2016-01": {
            "month": "2016-01",
            "price": "14.53",
            "revenue": 256925
        },
        "2016-02": {
            "month": "2016-02",
            "price": "15.01",
            "revenue": 192401
        },
        "2016-03": {
            "month": "2016-03",
            "price": "14.85",
            "revenue": 271808
        },
        "2016-04": {
            "month": "2016-04",
            "price": "13.48",
            "revenue": 251351
        },
        "2016-05": {
            "month": "2016-05",
            "price": "12.21",
            "revenue": 261179
        },
        "2016-06": {
            "month": "2016-06",
            "price": "13.02",
            "revenue": 273838
        },
        "2016-07": {
            "month": "2016-07",
            "price": "13.76",
            "revenue": 261659
        },
        "2016-08": {
            "month": "2016-08",
            "price": "12.83",
            "revenue": 274167
        },
        "2016-09": {
            "month": "2016-09",
            "price": "13.06",
            "revenue": 291852
        },
        "2016-10": {
            "month": "2016-10",
            "price": "12.33",
            "revenue": 281244
        },
        "2016-11": {
            "month": "2016-11",
            "price": "11.32",
            "revenue": 268476
        },
        "2016-12": {
            "month": "2016-12",
            "price": "12.07",
            "revenue": 239001
        },
        "2017-01": {
            "month": "2017-01",
            "price": "12.25",
            "revenue": 226165
        },
        "2017-02": {
            "month": "2017-02",
            "price": "12.53",
            "revenue": 227890
        },
        "2017-03": {
            "month": "2017-03",
            "price": "12.84",
            "revenue": 263244
        },
        "2017-04": {
            "month": "2017-04",
            "price": "13.62",
            "revenue": 272570
        },
        "2017-05": {
            "month": "2017-05",
            "price": "14.74",
            "revenue": 271293
        },
        "2017-06": {
            "month": "2017-06",
            "price": "15.03",
            "revenue": 276242
        },
        "2017-07": {
            "month": "2017-07",
            "price": "13.66",
            "revenue": 303406
        },
        "2017-08": {
            "month": "2017-08",
            "price": "12.78",
            "revenue": 267921
        },
        "2017-09": {
            "month": "2017-09",
            "price": "13.39",
            "revenue": 210473
        },
        "2017-10": {
            "month": "2017-10",
            "price": "13.57",
            "revenue": 258959
        },
        "2017-11": {
            "month": "2017-11",
            "price": "15.10",
            "revenue": 273382
        },
        "2017-12": {
            "month": "2017-12",
            "price": "15.60",
            "revenue": 273792
        },
        "2018-01": {
            "month": "2018-01",
            "price": "16.98",
            "revenue": 291728
        },
        "2018-02": {
            "month": "2018-02",
            "price": "16.97",
            "revenue": 207966
        },
        "2018-03": {
            "month": "2018-03",
            "price": "16.86",
            "revenue": 306451
        },
        "2018-04": {
            "month": "2018-04",
            "price": "16.59",
            "revenue": 274617
        },
        "2018-05": {
            "month": "2018-05",
            "price": "15.62",
            "revenue": 290213
        },
        "2018-06": {
            "month": "2018-06",
            "price": "19.35",
            "revenue": 279393
        },
        "2018-07": {
            "month": "2018-07",
            "price": "22.78",
            "revenue": 280307
        },
        "2018-08": {
            "month": "2018-08",
            "price": "20.04",
            "revenue": 281636
        },
        "2018-09": {
            "month": "2018-09",
            "price": "18.76",
            "revenue": 215215
        },
        "2018-10": {
            "month": "2018-10",
            "price": "16.44",
            "revenue": 219717
        },
        "2018-11": {
            "month": "2018-11",
            "price": "16.41",
            "revenue": 184832
        },
        "2018-12": {
            "month": "2018-12",
            "price": "16.69",
            "revenue": 196056
        },
        "2019-01": {
            "month": "2019-01",
            "price": "16.99",
            "revenue": 214060
        },
        "2019-02": {
            "month": "2019-02",
            "price": "17.44",
            "revenue": 154068
        },
        "2019-03": {
            "month": "2019-03",
            "price": "17.76",
            "revenue": 198270
        },
        "2019-04": {
            "month": "2019-04",
            "price": "17.72",
            "revenue": 198532
        },
        "2019-05": {
            "month": "2019-05",
            "price": "16.19",
            "revenue": 358081
        },
        "2019-06": {
            "month": "2019-06",
            "price": "17.01",
            "revenue": 199966
        },
        "2019-07": {
            "month": "2019-07",
            "price": "17.40",
            "revenue": 201752
        },
        "2019-08": {
            "month": "2019-08",
            "price": "15.65",
            "revenue": 190860
        },
        "2019-09": {
            "month": "2019-09",
            "price": "15.97",
            "revenue": 186227
        },
        "2019-10": {
            "month": "2019-10",
            "price": "15.00",
            "revenue": 197905
        },
        "2019-11": {
            "month": "2019-11",
            "price": "13.96",
            "revenue": 200061
        },
        "2019-12": {
            "month": "2019-12",
            "price": "14.48",
            "revenue": 216810
        },
        "2020-01": {
            "month": "2020-01",
            "price": "14.46",
            "revenue": 167147
        },
        "2020-02": {
            "month": "2020-02",
            "price": "13.28",
            "revenue": 144595
        },
        "2020-03": {
            "month": "2020-03",
            "price": "10.53",
            "revenue": 179895
        },
        "2020-04": {
            "month": "2020-04",
            "price": "11.30",
            "revenue": 222865
        },
        "2020-05": {
            "month": "2020-05",
            "price": "13.54",
            "revenue": 214568
        },
        "2020-06": {
            "month": "2020-06",
            "price": "13.65",
            "revenue": 204712
        },
        "2020-07": {
            "month": "2020-07",
            "price": "13.67",
            "revenue": 219065
        },
        "2020-08": {
            "month": "2020-08",
            "price": "14.89",
            "revenue": 217983
        },
        "2020-09": {
            "month": "2020-09",
            "price": "15.98",
            "revenue": 211803
        },
        "2020-10": {
            "month": "2020-10",
            "price": "16.89",
            "revenue": 199966
        },
        "2020-11": {
            "month": "2020-11",
            "price": "16.71",
            "revenue": 219388
        },
        "2020-12": {
            "month": "2020-12",
            "price": "16.40",
            "revenue": 226629
        },
        "2021-01": {
            "month": "2021-01",
            "price": "17.70",
            "revenue": 254109
        },
        "2021-02": {
            "month": "2021-02",
            "price": "19.95",
            "revenue": 228107
        },
        "2021-03": {
            "month": "2021-03",
            "price": "26.65",
            "revenue": 277218
        },
        "2021-04": {
            "month": "2021-04",
            "price": "29.49",
            "revenue": 279978
        },
        "2021-05": {
            "month": "2021-05",
            "price": "25.02",
            "revenue": 282599
        },
        "2021-06": {
            "month": "2021-06",
            "price": "25.86",
            "revenue": 268605
        },
        "2021-07": {
            "month": "2021-07",
            "price": "26.74",
            "revenue": 277533
        },
        "2021-08": {
            "month": "2021-08",
            "price": "24.82",
            "revenue": 287718
        },
        "2021-09": {
            "month": "2021-09",
            "price": "23.72",
            "revenue": 266958
        },
        "2021-10": {
            "month": "2021-10",
            "price": "22.94",
            "revenue": 243893
        },
        "2021-11": {
            "month": "2021-11",
            "price": "27.06",
            "revenue": 250669
        },
        "2021-12": {
            "month": "2021-12",
            "price": "28.57",
            "revenue": 245988
        },
        "2022-01": {
            "month": "2022-01",
            "price": "28.16",
            "revenue": 233276
        },
        "2022-02": {
            "month": "2022-02",
            "price": "27.72",
            "revenue": 214871
        },
        "2022-03": {
            "month": "2022-03",
            "price": "26.01",
            "revenue": 234984
        },
        "2022-04": {
            "month": "2022-04",
            "price": "23.36",
            "revenue": 222343
        },
        "2022-05": {
            "month": "2022-05",
            "price": "21.78",
            "revenue": 233112
        },
        "2022-06": {
            "month": "2022-06",
            "price": "21.08",
            "revenue": 211304
        },
        "2022-07": {
            "month": "2022-07",
            "price": "18.71",
            "revenue": 193096
        },
        "2022-08": {
            "month": "2022-08",
            "price": "18.92",
            "revenue": 193195
        },
        "2022-09": {
            "month": "2022-09",
            "price": "17.22",
            "revenue": 190142
        },
        "2022-10": {
            "month": "2022-10",
            "price": "15.62",
            "revenue": 172726
        },
        "2022-11": {
            "month": "2022-11",
            "price": "16.99",
            "revenue": 169301
        },
        "2022-12": {
            "month": "2022-12",
            "price": "17.44",
            "revenue": 151159
        },
        "2023-01": {
            "month": "2023-01",
            "price": "16.98",
            "revenue": 171730
        },
        "2023-02": {
            "month": "2023-02",
            "price": "17.64",
            "revenue": 169136
        },
        "2023-03": {
            "month": "2023-03",
            "price": "18.22",
            "revenue": 182376
        },
        "2023-04": {
            "month": "2023-04",
            "price": "18.77",
            "revenue": 188842
        },
        "2023-05": {
            "month": "2023-05",
            "price": "18.19",
            "revenue": 196488
        }
    }
}
