{
    "summary": {
        "stock_name": "三商電",
        "stock_id": "2427",
        "category": "資訊服務",
        "main_business": "金融自動化服務機器之銷售、租賃及維護。<br>系統整合業務之軟、硬體規劃、開發建置及維護。",
        "website_url": "http://www.mds.com.tw",
        "ceo": "陳翔中",
        "pe_ratio": 23,
        "report_year_from": 2001,
        "report_year_to": 2023,
        "age": 23,
        "eps_negative_percentage": 17,
        "eps_growth_avg": {
            "last_all": -16.96,
            "last_2y": 17.04,
            "last_4y": 10.54,
            "last_8y": 28.86,
            "last_12y": 6.7,
            "last_16y": -8.54,
            "last_20y": -13.95,
            "at_2006_last_3y": -39.17,
            "at_2007_last_3y": -92.5,
            "at_2008_last_3y": -100,
            "at_2009_last_3y": -100,
            "at_2010_last_3y": -100,
            "at_2011_last_3y": -45.65,
            "at_2012_last_3y": -59.77,
            "at_2013_last_3y": -59.77,
            "at_2014_last_3y": -59.77,
            "at_2015_last_3y": -48.78,
            "at_2016_last_3y": 0.16,
            "at_2017_last_3y": 47.08,
            "at_2018_last_3y": 51.76,
            "at_2019_last_3y": 41.34,
            "at_2020_last_3y": 27.03,
            "at_2021_last_3y": 23.48,
            "at_2022_last_3y": 14.14,
            "at_2023_last_3y": 13.17,
            "at_2024_last_3y": 13.17,
            "at_2006_last_all": -46.41,
            "at_2007_last_all": -57.13,
            "at_2008_last_all": -57.13,
            "at_2009_last_all": -64.28,
            "at_2010_last_all": -64.28,
            "at_2011_last_all": -53.85,
            "at_2012_last_all": -58.12,
            "at_2013_last_all": -62.77,
            "at_2014_last_all": -62.77,
            "at_2015_last_all": -52.33,
            "at_2016_last_all": -42.22,
            "at_2017_last_all": -35.31,
            "at_2018_last_all": -27.53,
            "at_2019_last_all": -25.57,
            "at_2020_last_all": -23.76,
            "at_2021_last_all": -20.61,
            "at_2022_last_all": -17.73,
            "at_2023_last_all": -16.96,
            "at_2024_last_all": -16.96
        },
        "latest_eps": 1.09,
        "latest_price": 25.25,
        "latest_roe": 8.11,
        "latest_gross_margin": 30.52,
        "latest_equity": 2576338,
        "latest_revenue": 988535,
        "latest_gross_profit": 301678,
        "latest_net_income": 60926,
        "latest_debt_ratio": 56.76,
        "latest_current_ratio": 168.06,
        "latest_account_receivable_turnover_ratio": 2.69,
        "latest_inventory_turnover_ratio": 0.31,
        "latest_reinvestment_rate": 66.23,
        "latest_research_to_sale_ratio": 5.29
    },
    "eps_dividends": {
        "1999": {
            "cash": 0,
            "stock": 3,
            "eps": 0
        },
        "2000": {
            "cash": 0,
            "stock": 2.5,
            "eps": 0
        },
        "2001": {
            "cash": 0,
            "stock": 2.5,
            "eps": 1.57
        },
        "2002": {
            "cash": 0,
            "stock": 2,
            "eps": 0.5
        },
        "2003": {
            "cash": 0,
            "stock": 1.05,
            "eps": 0.8
        },
        "2004": {
            "cash": 0.5,
            "stock": 0.5,
            "eps": 0.18
        },
        "2005": {
            "cash": 0,
            "stock": 0.15,
            "eps": -1.7
        },
        "2006": {
            "cash": 0,
            "stock": 0,
            "eps": 0.01
        },
        "2007": {
            "cash": 0,
            "stock": 0,
            "eps": -2.05
        },
        "2008": {
            "cash": 0,
            "stock": 0,
            "eps": 0.03
        },
        "2009": {
            "cash": 0,
            "stock": 0,
            "eps": -0.66
        },
        "2010": {
            "cash": 0,
            "stock": 0,
            "eps": 0.23
        },
        "2011": {
            "cash": 0.35,
            "stock": 0,
            "eps": 0.25
        },
        "2012": {
            "cash": 0,
            "stock": 0,
            "eps": 0.03
        },
        "2013": {
            "cash": 0,
            "stock": 0,
            "eps": -0.08
        },
        "2014": {
            "cash": 0,
            "stock": 0,
            "eps": 0.12
        },
        "2015": {
            "cash": 0.25,
            "stock": 0,
            "eps": 0.17
        },
        "2016": {
            "cash": 0.1,
            "stock": 0,
            "eps": 0.27
        },
        "2017": {
            "cash": 0.2,
            "stock": 0,
            "eps": 0.38
        },
        "2018": {
            "cash": 0.25,
            "stock": 0,
            "eps": 0.63
        },
        "2019": {
            "cash": 0.4,
            "stock": 0,
            "eps": 0.63
        },
        "2020": {
            "cash": 0.35,
            "stock": 0,
            "eps": 0.64
        },
        "2021": {
            "cash": 0.3,
            "stock": 0,
            "eps": 0.81
        },
        "2022": {
            "cash": 0.35,
            "stock": 0,
            "eps": 1.04
        },
        "2023": {
            "cash": 0.35,
            "stock": 0,
            "eps": 1
        }
    },
    "dividends": {
        "1999-03-12": {
            "cash": 0,
            "stock": 3
        },
        "2000-03-31": {
            "cash": 0,
            "stock": 2.5
        },
        "2001-04-27": {
            "cash": 0,
            "stock": 2.5
        },
        "2002-05-24": {
            "cash": 0,
            "stock": 2
        },
        "2003-04-01": {
            "cash": 0,
            "stock": 1.05
        },
        "2004-03-25": {
            "cash": 0.5,
            "stock": 0.5
        },
        "2005-04-28": {
            "cash": 0,
            "stock": 0.15
        },
        "2011-01-01": {
            "cash": 0.35,
            "stock": 0
        },
        "2015-08-18": {
            "cash": 0.25,
            "stock": 0
        },
        "2016-08-25": {
            "cash": 0.1,
            "stock": 0
        },
        "2017-08-17": {
            "cash": 0.2,
            "stock": 0
        },
        "2018-08-17": {
            "cash": 0.25,
            "stock": 0
        },
        "2019-08-23": {
            "cash": 0.4,
            "stock": 0
        },
        "2020-08-20": {
            "cash": 0.35,
            "stock": 0
        },
        "2021-09-17": {
            "cash": 0.3,
            "stock": 0
        },
        "2022-08-31": {
            "cash": 0.35,
            "stock": 0
        },
        "2023-08-11": {
            "cash": 0.35,
            "stock": 0
        }
    },
    "prices": {
        "200101": "39.63",
        "200102": "49.58",
        "200103": "54.68",
        "200104": "50.60",
        "200105": "44.36",
        "200106": "42.51",
        "200107": "34.20",
        "200108": "30.28",
        "200109": "24.10",
        "200110": "23.06",
        "200111": "25.77",
        "200112": "30.02",
        "200201": "31.52",
        "200202": "28.87",
        "200203": "28.68",
        "200204": "30.20",
        "200205": "25.99",
        "200206": "24.39",
        "200207": "20.00",
        "200208": "16.44",
        "200209": "14.64",
        "200210": "14.52",
        "200211": "15.71",
        "200212": "13.99",
        "200301": "13.69",
        "200302": "13.10",
        "200303": "13.60",
        "200304": "13.68",
        "200305": "14.14",
        "200306": "16.52",
        "200307": "16.74",
        "200308": "15.92",
        "200309": "15.89",
        "200310": "17.38",
        "200311": "18.00",
        "200312": "17.71",
        "200401": "19.36",
        "200402": "23.36",
        "200403": "20.42",
        "200404": "19.64",
        "200405": "15.59",
        "200406": "14.71",
        "200407": "13.39",
        "200408": "12.36",
        "200409": "12.66",
        "200410": "12.01",
        "200411": "10.96",
        "200412": "9.69",
        "200501": "10.20",
        "200502": "10.68",
        "200503": "10.62",
        "200504": "9.31",
        "200505": "8.98",
        "200506": "9.69",
        "200507": "10.52",
        "200508": "9.31",
        "200509": "8.17",
        "200510": "7.07",
        "200511": "6.40",
        "200512": "6.92",
        "200601": "7.16",
        "200602": "6.53",
        "200603": "6.34",
        "200604": "6.62",
        "200605": "7.51",
        "200606": "6.50",
        "200607": "6.24",
        "200608": "6.34",
        "200609": "6.28",
        "200610": "6.66",
        "200611": "7.07",
        "200612": "8.12",
        "200701": "8.96",
        "200702": "8.12",
        "200703": "8.22",
        "200704": "8.80",
        "200705": "8.04",
        "200706": "8.32",
        "200707": "9.86",
        "200708": "8.75",
        "200709": "8.09",
        "200710": "7.86",
        "200711": "7.16",
        "200712": "6.13",
        "200801": "6.72",
        "200802": "6.94",
        "200803": "7.17",
        "200804": "7.74",
        "200805": "8.03",
        "200806": "6.97",
        "200807": "6.48",
        "200808": "7.10",
        "200809": "6.11",
        "200810": "5.12",
        "200811": "4.74",
        "200812": "5.56",
        "200901": "6.00",
        "200902": "5.55",
        "200903": "6.22",
        "200904": "6.81",
        "200905": "6.90",
        "200906": "6.49",
        "200907": "6.26",
        "200908": "6.22",
        "200909": "6.92",
        "200910": "7.80",
        "200911": "8.32",
        "200912": "10.48",
        "201001": "9.98",
        "201002": "8.41",
        "201003": "9.13",
        "201004": "9.40",
        "201005": "8.89",
        "201006": "10.07",
        "201007": "17.34",
        "201008": "20.44",
        "201009": "19.25",
        "201010": "20.49",
        "201011": "17.77",
        "201012": "17.59",
        "201101": "16.65",
        "201102": "15.22",
        "201103": "13.94",
        "201104": "14.49",
        "201105": "15.70",
        "201106": "14.81",
        "201107": "13.75",
        "201108": "15.68",
        "201109": "16.09",
        "201110": "13.83",
        "201111": "11.91",
        "201112": "9.63",
        "201201": "10.26",
        "201202": "13.08",
        "201203": "12.97",
        "201204": "10.60",
        "201205": "10.28",
        "201206": "9.99",
        "201207": "9.70",
        "201208": "9.72",
        "201209": "10.29",
        "201210": "9.35",
        "201211": "8.07",
        "201212": "8.92",
        "201301": "9.18",
        "201302": "9.01",
        "201303": "8.99",
        "201304": "8.76",
        "201305": "8.90",
        "201306": "8.85",
        "201307": "8.59",
        "201308": "8.62",
        "201309": "8.47",
        "201310": "8.72",
        "201311": "8.53",
        "201312": "8.62",
        "201401": "8.79",
        "201402": "8.71",
        "201403": "9.33",
        "201404": "9.65",
        "201405": "9.12",
        "201406": "9.50",
        "201407": "9.56",
        "201408": "9.17",
        "201409": "9.13",
        "201410": "7.98",
        "201411": "7.98",
        "201412": "8.41",
        "201501": "8.97",
        "201502": "8.76",
        "201503": "9.00",
        "201504": "8.82",
        "201505": "8.40",
        "201506": "7.36",
        "201507": "6.79",
        "201508": "5.76",
        "201509": "5.91",
        "201510": "6.47",
        "201511": "6.47",
        "201512": "6.37",
        "201601": "6.06",
        "201602": "6.02",
        "201603": "6.34",
        "201604": "6.30",
        "201605": "6.02",
        "201606": "6.09",
        "201607": "7.10",
        "201608": "7.31",
        "201609": "7.36",
        "201610": "6.95",
        "201611": "6.82",
        "201612": "7.09",
        "201701": "7.91",
        "201702": "8.41",
        "201703": "8.75",
        "201704": "8.25",
        "201705": "7.93",
        "201706": "7.84",
        "201707": "8.59",
        "201708": "8.45",
        "201709": "8.90",
        "201710": "9.08",
        "201711": "9.91",
        "201712": "10.02",
        "201801": "11.94",
        "201802": "11.92",
        "201803": "12.01",
        "201804": "11.64",
        "201805": "10.82",
        "201806": "11.04",
        "201807": "10.84",
        "201808": "10.42",
        "201809": "10.14",
        "201810": "10.48",
        "201811": "11.40",
        "201812": "11.35",
        "201901": "10.65",
        "201902": "10.50",
        "201903": "10.71",
        "201904": "10.77",
        "201905": "10.29",
        "201906": "10.29",
        "201907": "10.38",
        "201908": "10.25",
        "201909": "10.51",
        "201910": "10.61",
        "201911": "10.77",
        "201912": "10.62",
        "202001": "10.84",
        "202002": "10.62",
        "202003": "9.86",
        "202004": "9.97",
        "202005": "10.06",
        "202006": "10.25",
        "202007": "10.60",
        "202008": "10.42",
        "202009": "10.62",
        "202010": "10.46",
        "202011": "10.75",
        "202012": "11.73",
        "202101": "11.46",
        "202102": "11.37",
        "202103": "11.55",
        "202104": "12.06",
        "202105": "11.68",
        "202106": "11.28",
        "202107": "11.19",
        "202108": "10.76",
        "202109": "10.71",
        "202110": "10.54",
        "202111": "10.82",
        "202112": "11.68",
        "202201": "13.33",
        "202202": "13.00",
        "202203": "12.73",
        "202204": "12.41",
        "202205": "12.30",
        "202206": "12.76",
        "202207": "13.01",
        "202208": "13.02",
        "202209": "12.34",
        "202210": "11.01",
        "202211": "11.48",
        "202212": "11.98",
        "202301": "12.00",
        "202302": "12.57",
        "202303": "14.12",
        "202304": "15.11",
        "202305": "19.30",
        "202306": "26.31",
        "202307": "28.89",
        "202308": "24.08",
        "202309": "24.88",
        "202310": "27.60",
        "202311": "27.92",
        "202312": "26.41"
    },
    "quarters": {
        "20011": {
            "year_quarter": 20011,
            "year": 2001,
            "quarter": 1,
            "eps": 0.49,
            "eps_growth_year": -51.49,
            "eps_4q": 2.28,
            "eps_4q_growth_year": -4.89,
            "roe": 2.16,
            "roe_4q": 2.16,
            "gross_profit": 163770,
            "gross_margin": 32.87,
            "gross_margin_4q_avg": 32.87,
            "net_income": 60387,
            "net_income_4q": null,
            "revenue": 498239,
            "revenue_4q": null,
            "common_shares": 1244100,
            "book_valuer_per_share": 22.75,
            "book_valuer_per_share_4q_avg": 22.75,
            "equity": 2830694,
            "current_ratio": 322.11,
            "debt_ratio": 20.91,
            "inventory_turnover_ratio": 0.37,
            "account_receivable_turnover_ratio": null,
            "reinvestment_rate": null,
            "research_to_sale_ratio": null,
            "price_fair": 0,
            "eps_avg_yearly": 0,
            "eps_latest_yearly": 0,
            "eps_growth_yearly": 0
        },
        "20012": {
            "year_quarter": 20012,
            "year": 2001,
            "quarter": 2,
            "eps": 0.45,
            "eps_growth_year": -55,
            "eps_4q": 1.71,
            "eps_4q_growth_year": -29.2,
            "roe": 2.42,
            "roe_4q": 4.58,
            "gross_profit": 221790,
            "gross_margin": 13.61,
            "gross_margin_4q_avg": 23.24,
            "net_income": 69381,
            "net_income_4q": null,
            "revenue": 1630004,
            "revenue_4q": null,
            "common_shares": 1572274,
            "book_valuer_per_share": 18.42,
            "book_valuer_per_share_4q_avg": 20.59,
            "equity": 2896452,
            "current_ratio": 191.84,
            "debt_ratio": 38.05,
            "inventory_turnover_ratio": 1.48,
            "account_receivable_turnover_ratio": null,
            "reinvestment_rate": null,
            "research_to_sale_ratio": null,
            "price_fair": 0,
            "eps_avg_yearly": 0,
            "eps_latest_yearly": 0,
            "eps_growth_yearly": 0
        },
        "20013": {
            "year_quarter": 20013,
            "year": 2001,
            "quarter": 3,
            "eps": 0.38,
            "eps_growth_year": -29.63,
            "eps_4q": 1.69,
            "eps_4q_growth_year": -33.66,
            "roe": 2.04,
            "roe_4q": 6.62,
            "gross_profit": 216638,
            "gross_margin": 21.86,
            "gross_margin_4q_avg": 22.78,
            "net_income": 59119,
            "net_income_4q": null,
            "revenue": 991114,
            "revenue_4q": null,
            "common_shares": 1572274,
            "book_valuer_per_share": 18.52,
            "book_valuer_per_share_4q_avg": 19.9,
            "equity": 2911204,
            "current_ratio": 189.76,
            "debt_ratio": 38.5,
            "inventory_turnover_ratio": 0.69,
            "account_receivable_turnover_ratio": null,
            "reinvestment_rate": null,
            "research_to_sale_ratio": null,
            "price_fair": 0,
            "eps_avg_yearly": 0,
            "eps_latest_yearly": 0,
            "eps_growth_yearly": 0
        },
        "20014": {
            "year_quarter": 20014,
            "year": 2001,
            "quarter": 4,
            "eps": 0.25,
            "eps_growth_year": -60.32,
            "eps_4q": 1.47,
            "eps_4q_growth_year": -44.35,
            "roe": 1.32,
            "roe_4q": 7.94,
            "gross_profit": 154879,
            "gross_margin": 14.88,
            "gross_margin_4q_avg": 20.81,
            "net_income": 38833,
            "net_income_4q": null,
            "revenue": 1040682,
            "revenue_4q": null,
            "common_shares": 1572274,
            "book_valuer_per_share": 18.92,
            "book_valuer_per_share_4q_avg": 19.65,
            "equity": 2974602,
            "current_ratio": 215.36,
            "debt_ratio": 34.27,
            "inventory_turnover_ratio": 0.73,
            "account_receivable_turnover_ratio": null,
            "reinvestment_rate": null,
            "research_to_sale_ratio": null,
            "price_fair": 0,
            "eps_avg_yearly": 0,
            "eps_latest_yearly": 0,
            "eps_growth_yearly": 0
        },
        "20021": {
            "year_quarter": 20021,
            "year": 2002,
            "quarter": 1,
            "eps": 0.26,
            "eps_growth_year": -46.94,
            "eps_4q": 1.33,
            "eps_4q_growth_year": -41.58,
            "roe": 1.35,
            "roe_4q": 7.13,
            "gross_profit": 187257,
            "gross_margin": 28.14,
            "gross_margin_4q_avg": 19.62,
            "net_income": 40651,
            "net_income_4q": null,
            "revenue": 665547,
            "revenue_4q": null,
            "common_shares": 1572274,
            "book_valuer_per_share": 19.3,
            "book_valuer_per_share_4q_avg": 18.79,
            "equity": 3034970,
            "current_ratio": 255.19,
            "debt_ratio": 28.19,
            "inventory_turnover_ratio": 0.36,
            "account_receivable_turnover_ratio": null,
            "reinvestment_rate": null,
            "research_to_sale_ratio": null,
            "price_fair": 27.04,
            "eps_avg_yearly": 1.04,
            "eps_latest_yearly": 1.04,
            "eps_growth_yearly": 16
        },
        "20022": {
            "year_quarter": 20022,
            "year": 2002,
            "quarter": 2,
            "eps": 0.11,
            "eps_growth_year": -75.56,
            "eps_4q": 0.83,
            "eps_4q_growth_year": -51.22,
            "roe": 0.69,
            "roe_4q": 5.4,
            "gross_profit": 153487,
            "gross_margin": 19.23,
            "gross_margin_4q_avg": 21.03,
            "net_income": 21040,
            "net_income_4q": null,
            "revenue": 798066,
            "revenue_4q": null,
            "common_shares": 1572274,
            "book_valuer_per_share": 19.39,
            "book_valuer_per_share_4q_avg": 19.03,
            "equity": 3047991,
            "current_ratio": 256.51,
            "debt_ratio": 27.78,
            "inventory_turnover_ratio": 0.48,
            "account_receivable_turnover_ratio": null,
            "reinvestment_rate": null,
            "research_to_sale_ratio": null,
            "price_fair": 2.22,
            "eps_avg_yearly": 0.74,
            "eps_latest_yearly": 0.44,
            "eps_growth_yearly": -107.38
        },
        "20023": {
            "year_quarter": 20023,
            "year": 2002,
            "quarter": 3,
            "eps": 0.04,
            "eps_growth_year": -89.47,
            "eps_4q": 0.58,
            "eps_4q_growth_year": -65.81,
            "roe": 0.25,
            "roe_4q": 3.6100000000000003,
            "gross_profit": 148221,
            "gross_margin": 23.71,
            "gross_margin_4q_avg": 21.49,
            "net_income": 7493,
            "net_income_4q": null,
            "revenue": 625176,
            "revenue_4q": null,
            "common_shares": 1895357,
            "book_valuer_per_share": 15.99,
            "book_valuer_per_share_4q_avg": 18.4,
            "equity": 3029786,
            "current_ratio": 218.32,
            "debt_ratio": 34.06,
            "inventory_turnover_ratio": 0.36,
            "account_receivable_turnover_ratio": null,
            "reinvestment_rate": null,
            "research_to_sale_ratio": null,
            "price_fair": 1.64,
            "eps_avg_yearly": 0.55,
            "eps_latest_yearly": 0.16,
            "eps_growth_yearly": -156.44
        },
        "20024": {
            "year_quarter": 20024,
            "year": 2002,
            "quarter": 4,
            "eps": 0.09,
            "eps_growth_year": -64,
            "eps_4q": 0.45,
            "eps_4q_growth_year": -69.49,
            "roe": 0.57,
            "roe_4q": 2.86,
            "gross_profit": 233367,
            "gross_margin": 13.84,
            "gross_margin_4q_avg": 21.23,
            "net_income": 17428,
            "net_income_4q": null,
            "revenue": 1686240,
            "revenue_4q": null,
            "common_shares": 1895357,
            "book_valuer_per_share": 16.03,
            "book_valuer_per_share_4q_avg": 17.68,
            "equity": 3037667,
            "current_ratio": 185.16,
            "debt_ratio": 44.07,
            "inventory_turnover_ratio": 1.06,
            "account_receivable_turnover_ratio": null,
            "reinvestment_rate": 41.22,
            "research_to_sale_ratio": null,
            "price_fair": 8.84,
            "eps_avg_yearly": 0.5,
            "eps_latest_yearly": 0.36,
            "eps_growth_yearly": 7.67
        },
        "20031": {
            "year_quarter": 20031,
            "year": 2003,
            "quarter": 1,
            "eps": 0.18,
            "eps_growth_year": -30.77,
            "eps_4q": 0.43,
            "eps_4q_growth_year": -68.03,
            "roe": 1.1,
            "roe_4q": 2.61,
            "gross_profit": 177772,
            "gross_margin": 37.61,
            "gross_margin_4q_avg": 23.6,
            "net_income": 33734,
            "net_income_4q": null,
            "revenue": 472693,
            "revenue_4q": null,
            "common_shares": 1895357,
            "book_valuer_per_share": 16.21,
            "book_valuer_per_share_4q_avg": 16.91,
            "equity": 3071485,
            "current_ratio": 287.79,
            "debt_ratio": 35.11,
            "inventory_turnover_ratio": 0.21,
            "account_receivable_turnover_ratio": null,
            "reinvestment_rate": 37.65,
            "research_to_sale_ratio": null,
            "price_fair": 19.04,
            "eps_avg_yearly": 0.54,
            "eps_latest_yearly": 0.72,
            "eps_growth_yearly": 86.14
        },
        "20032": {
            "year_quarter": 20032,
            "year": 2003,
            "quarter": 2,
            "eps": 0.21,
            "eps_growth_year": 90.91,
            "eps_4q": 0.5,
            "eps_4q_growth_year": -40.69,
            "roe": 1.43,
            "roe_4q": 3.35,
            "gross_profit": 181612,
            "gross_margin": 18.21,
            "gross_margin_4q_avg": 23.34,
            "net_income": 43219,
            "net_income_4q": null,
            "revenue": 997499,
            "revenue_4q": null,
            "common_shares": 1895357,
            "book_valuer_per_share": 15.79,
            "book_valuer_per_share_4q_avg": 16.01,
            "equity": 2991956,
            "current_ratio": 255.84,
            "debt_ratio": 38.2,
            "inventory_turnover_ratio": 0.59,
            "account_receivable_turnover_ratio": null,
            "reinvestment_rate": 39.98,
            "research_to_sale_ratio": null,
            "price_fair": 20.77,
            "eps_avg_yearly": 0.59,
            "eps_latest_yearly": 0.84,
            "eps_growth_yearly": 82.89
        },
        "20033": {
            "year_quarter": 20033,
            "year": 2003,
            "quarter": 3,
            "eps": 0.12,
            "eps_growth_year": 200,
            "eps_4q": 0.57,
            "eps_4q_growth_year": -0.98,
            "roe": 0.85,
            "roe_4q": 3.9499999999999997,
            "gross_profit": 172360,
            "gross_margin": 23.28,
            "gross_margin_4q_avg": 23.24,
            "net_income": 25114,
            "net_income_4q": null,
            "revenue": 740489,
            "revenue_4q": null,
            "common_shares": 2084893,
            "book_valuer_per_share": 14.12,
            "book_valuer_per_share_4q_avg": 15.54,
            "equity": 2944517,
            "current_ratio": 234.85,
            "debt_ratio": 40.93,
            "inventory_turnover_ratio": 0.41,
            "account_receivable_turnover_ratio": null,
            "reinvestment_rate": 25.06,
            "research_to_sale_ratio": null,
            "price_fair": 20.2,
            "eps_avg_yearly": 0.58,
            "eps_latest_yearly": 0.48,
            "eps_growth_yearly": 46.56
        },
        "20034": {
            "year_quarter": 20034,
            "year": 2003,
            "quarter": 4,
            "eps": 0.29,
            "eps_growth_year": 222.22,
            "eps_4q": 0.79,
            "eps_4q_growth_year": 77.01,
            "roe": 2,
            "roe_4q": 5.380000000000001,
            "gross_profit": 239620,
            "gross_margin": 13.48,
            "gross_margin_4q_avg": 23.15,
            "net_income": 58995,
            "net_income_4q": null,
            "revenue": 1777849,
            "revenue_4q": null,
            "common_shares": 2084893,
            "book_valuer_per_share": 14.11,
            "book_valuer_per_share_4q_avg": 15.06,
            "equity": 2941641,
            "current_ratio": 204.2,
            "debt_ratio": 48.21,
            "inventory_turnover_ratio": 1.16,
            "account_receivable_turnover_ratio": null,
            "reinvestment_rate": 30.01,
            "research_to_sale_ratio": null,
            "price_fair": 22.75,
            "eps_avg_yearly": 0.65,
            "eps_latest_yearly": 1.16,
            "eps_growth_yearly": 111.57
        },
        "20041": {
            "year_quarter": 20041,
            "year": 2004,
            "quarter": 1,
            "eps": 0.33,
            "eps_growth_year": 83.33,
            "eps_4q": 0.95,
            "eps_4q_growth_year": 124.22,
            "roe": 2.17,
            "roe_4q": 6.449999999999999,
            "gross_profit": 238902,
            "gross_margin": 24.85,
            "gross_margin_4q_avg": 19.96,
            "net_income": 67391,
            "net_income_4q": null,
            "revenue": 961248,
            "revenue_4q": null,
            "common_shares": 2084893,
            "book_valuer_per_share": 15.66,
            "book_valuer_per_share_4q_avg": 14.92,
            "equity": 3264999,
            "current_ratio": 249.95,
            "debt_ratio": 38.58,
            "inventory_turnover_ratio": 0.53,
            "account_receivable_turnover_ratio": null,
            "reinvestment_rate": 25.8,
            "research_to_sale_ratio": null,
            "price_fair": 25.36,
            "eps_avg_yearly": 0.72,
            "eps_latest_yearly": 1.32,
            "eps_growth_yearly": 105.31
        },
        "20042": {
            "year_quarter": 20042,
            "year": 2004,
            "quarter": 2,
            "eps": 0.21,
            "eps_growth_year": 0,
            "eps_4q": 0.94,
            "eps_4q_growth_year": 90.33,
            "roe": 1.35,
            "roe_4q": 6.369999999999999,
            "gross_profit": 256071,
            "gross_margin": 37.29,
            "gross_margin_4q_avg": 24.73,
            "net_income": 43454,
            "net_income_4q": null,
            "revenue": 686645,
            "revenue_4q": null,
            "common_shares": 2084893,
            "book_valuer_per_share": 15.3,
            "book_valuer_per_share_4q_avg": 14.8,
            "equity": 3189530,
            "current_ratio": 255.26,
            "debt_ratio": 37.87,
            "inventory_turnover_ratio": 0.27,
            "account_receivable_turnover_ratio": null,
            "reinvestment_rate": 26.46,
            "research_to_sale_ratio": null,
            "price_fair": 25.76,
            "eps_avg_yearly": 0.74,
            "eps_latest_yearly": 0.84,
            "eps_growth_yearly": 80.23
        },
        "20043": {
            "year_quarter": 20043,
            "year": 2004,
            "quarter": 3,
            "eps": 0.02,
            "eps_growth_year": -83.33,
            "eps_4q": 0.77,
            "eps_4q_growth_year": 35.35,
            "roe": 0.14,
            "roe_4q": 5.66,
            "gross_profit": 139347,
            "gross_margin": 21.86,
            "gross_margin_4q_avg": 24.37,
            "net_income": 4512,
            "net_income_4q": null,
            "revenue": 637457,
            "revenue_4q": null,
            "common_shares": 2189138,
            "book_valuer_per_share": 14.54,
            "book_valuer_per_share_4q_avg": 14.9,
            "equity": 3182004,
            "current_ratio": 216.68,
            "debt_ratio": 42.49,
            "inventory_turnover_ratio": 0.27,
            "account_receivable_turnover_ratio": null,
            "reinvestment_rate": 15.18,
            "research_to_sale_ratio": null,
            "price_fair": 23.67,
            "eps_avg_yearly": 0.68,
            "eps_latest_yearly": 0.08,
            "eps_growth_yearly": 40.04
        },
        "20044": {
            "year_quarter": 20044,
            "year": 2004,
            "quarter": 4,
            "eps": -0.38,
            "eps_growth_year": -231.03,
            "eps_4q": 0.2,
            "eps_4q_growth_year": -74.22,
            "roe": -2.52,
            "roe_4q": 1.1400000000000001,
            "gross_profit": 151476,
            "gross_margin": 8.31,
            "gross_margin_4q_avg": 23.08,
            "net_income": -80427,
            "net_income_4q": null,
            "revenue": 1822882,
            "revenue_4q": null,
            "common_shares": 2189138,
            "book_valuer_per_share": 14.11,
            "book_valuer_per_share_4q_avg": 14.9,
            "equity": 3188719,
            "current_ratio": 185.63,
            "debt_ratio": 49.98,
            "inventory_turnover_ratio": 0.77,
            "account_receivable_turnover_ratio": null,
            "reinvestment_rate": 27.9,
            "research_to_sale_ratio": null,
            "price_fair": 23.67,
            "eps_avg_yearly": 0.68,
            "eps_latest_yearly": 0.08,
            "eps_growth_yearly": 40.04
        },
        "20051": {
            "year_quarter": 20051,
            "year": 2005,
            "quarter": 1,
            "eps": -0.25,
            "eps_growth_year": -175.76,
            "eps_4q": -0.4,
            "eps_4q_growth_year": -141.85,
            "roe": -1.75,
            "roe_4q": -2.78,
            "gross_profit": 184324,
            "gross_margin": 29.79,
            "gross_margin_4q_avg": 24.31,
            "net_income": -54453,
            "net_income_4q": null,
            "revenue": 618792,
            "revenue_4q": null,
            "common_shares": 2189138,
            "book_valuer_per_share": 13.85,
            "book_valuer_per_share_4q_avg": 14.45,
            "equity": 3031325,
            "current_ratio": 215.45,
            "debt_ratio": 48.64,
            "inventory_turnover_ratio": 0.18,
            "account_receivable_turnover_ratio": null,
            "reinvestment_rate": 28.02,
            "research_to_sale_ratio": null,
            "price_fair": 23.67,
            "eps_avg_yearly": 0.68,
            "eps_latest_yearly": 0.08,
            "eps_growth_yearly": 40.04
        },
        "20052": {
            "year_quarter": 20052,
            "year": 2005,
            "quarter": 2,
            "eps": -0.27,
            "eps_growth_year": -228.57,
            "eps_4q": -0.87,
            "eps_4q_growth_year": -192.37,
            "roe": -2,
            "roe_4q": -6.13,
            "gross_profit": 199001,
            "gross_margin": 21.18,
            "gross_margin_4q_avg": 20.29,
            "net_income": -60153,
            "net_income_4q": null,
            "revenue": 939637,
            "revenue_4q": null,
            "common_shares": 2189138,
            "book_valuer_per_share": 13.58,
            "book_valuer_per_share_4q_avg": 14.02,
            "equity": 2973278,
            "current_ratio": 187.92,
            "debt_ratio": 48.25,
            "inventory_turnover_ratio": 0.31,
            "account_receivable_turnover_ratio": null,
            "reinvestment_rate": 27.03,
            "research_to_sale_ratio": null,
            "price_fair": 23.67,
            "eps_avg_yearly": 0.68,
            "eps_latest_yearly": 0.08,
            "eps_growth_yearly": 40.04
        },
        "20053": {
            "year_quarter": 20053,
            "year": 2005,
            "quarter": 3,
            "eps": -0.17,
            "eps_growth_year": -950,
            "eps_4q": -1.05,
            "eps_4q_growth_year": -235.85,
            "roe": -1.29,
            "roe_4q": -7.5600000000000005,
            "gross_profit": 154345,
            "gross_margin": 28.69,
            "gross_margin_4q_avg": 21.99,
            "net_income": -38251,
            "net_income_4q": null,
            "revenue": 537893,
            "revenue_4q": null,
            "common_shares": 2221975,
            "book_valuer_per_share": 13.27,
            "book_valuer_per_share_4q_avg": 13.7,
            "equity": 2949058,
            "current_ratio": 178.86,
            "debt_ratio": 50.04,
            "inventory_turnover_ratio": 0.15,
            "account_receivable_turnover_ratio": null,
            "reinvestment_rate": 16.25,
            "research_to_sale_ratio": null,
            "price_fair": 23.67,
            "eps_avg_yearly": 0.68,
            "eps_latest_yearly": 0.08,
            "eps_growth_yearly": 40.04
        },
        "20054": {
            "year_quarter": 20054,
            "year": 2005,
            "quarter": 4,
            "eps": -1.01,
            "eps_growth_year": null,
            "eps_4q": -1.66,
            "eps_4q_growth_year": -913.86,
            "roe": -7.48,
            "roe_4q": -12.52,
            "gross_profit": 110808,
            "gross_margin": 12,
            "gross_margin_4q_avg": 22.92,
            "net_income": -223836,
            "net_income_4q": null,
            "revenue": 923173,
            "revenue_4q": null,
            "common_shares": 2221975,
            "book_valuer_per_share": 12.41,
            "book_valuer_per_share_4q_avg": 13.28,
            "equity": 3031914,
            "current_ratio": 180.75,
            "debt_ratio": 53.26,
            "inventory_turnover_ratio": 0.3,
            "account_receivable_turnover_ratio": null,
            "reinvestment_rate": null,
            "research_to_sale_ratio": null,
            "price_fair": 23.67,
            "eps_avg_yearly": 0.68,
            "eps_latest_yearly": 0.08,
            "eps_growth_yearly": 40.04
        },
        "20061": {
            "year_quarter": 20061,
            "year": 2006,
            "quarter": 1,
            "eps": 0.06,
            "eps_growth_year": null,
            "eps_4q": -1.44,
            "eps_4q_growth_year": null,
            "roe": 0.44,
            "roe_4q": -10.33,
            "gross_profit": 197544,
            "gross_margin": 25.51,
            "gross_margin_4q_avg": 21.85,
            "net_income": 12895,
            "net_income_4q": null,
            "revenue": 774508,
            "revenue_4q": null,
            "common_shares": 2221975,
            "book_valuer_per_share": 12.46,
            "book_valuer_per_share_4q_avg": 12.93,
            "equity": 2769118,
            "current_ratio": 161.85,
            "debt_ratio": 52.33,
            "inventory_turnover_ratio": 0.22,
            "account_receivable_turnover_ratio": null,
            "reinvestment_rate": null,
            "research_to_sale_ratio": null,
            "price_fair": 22.4,
            "eps_avg_yearly": 0.64,
            "eps_latest_yearly": 0.08,
            "eps_growth_yearly": 42.44
        },
        "20062": {
            "year_quarter": 20062,
            "year": 2006,
            "quarter": 2,
            "eps": -0.02,
            "eps_growth_year": null,
            "eps_4q": -1.14,
            "eps_4q_growth_year": null,
            "roe": -0.12,
            "roe_4q": -8.45,
            "gross_profit": 181589,
            "gross_margin": 35.45,
            "gross_margin_4q_avg": 25.41,
            "net_income": -3344,
            "net_income_4q": null,
            "revenue": 512270,
            "revenue_4q": null,
            "common_shares": 2221975,
            "book_valuer_per_share": 12.45,
            "book_valuer_per_share_4q_avg": 12.65,
            "equity": 2765689,
            "current_ratio": 163,
            "debt_ratio": 52.73,
            "inventory_turnover_ratio": 0.13,
            "account_receivable_turnover_ratio": null,
            "reinvestment_rate": null,
            "research_to_sale_ratio": null,
            "price_fair": 23.18,
            "eps_avg_yearly": 0.66,
            "eps_latest_yearly": 0.08,
            "eps_growth_yearly": 72.8
        },
        "20063": {
            "year_quarter": 20063,
            "year": 2006,
            "quarter": 3,
            "eps": 0.02,
            "eps_growth_year": null,
            "eps_4q": -1.03,
            "eps_4q_growth_year": null,
            "roe": 0.15,
            "roe_4q": -7.010000000000001,
            "gross_profit": 221097,
            "gross_margin": 35.68,
            "gross_margin_4q_avg": 27.16,
            "net_income": 4081,
            "net_income_4q": null,
            "revenue": 619740,
            "revenue_4q": null,
            "common_shares": 2221975,
            "book_valuer_per_share": 12.5,
            "book_valuer_per_share_4q_avg": 12.46,
            "equity": 2777641,
            "current_ratio": 162.4,
            "debt_ratio": 54.19,
            "inventory_turnover_ratio": 0.16,
            "account_receivable_turnover_ratio": null,
            "reinvestment_rate": null,
            "research_to_sale_ratio": null,
            "price_fair": 25.38,
            "eps_avg_yearly": 0.73,
            "eps_latest_yearly": 0.08,
            "eps_growth_yearly": 113.71
        },
        "20064": {
            "year_quarter": 20064,
            "year": 2006,
            "quarter": 4,
            "eps": -0.05,
            "eps_growth_year": null,
            "eps_4q": 0,
            "eps_4q_growth_year": null,
            "roe": -0.35,
            "roe_4q": 0.12000000000000005,
            "gross_profit": 161477,
            "gross_margin": 24.75,
            "gross_margin_4q_avg": 30.35,
            "net_income": -10040,
            "net_income_4q": null,
            "revenue": 652379,
            "revenue_4q": null,
            "common_shares": 2218235,
            "book_valuer_per_share": 12.45,
            "book_valuer_per_share_4q_avg": 12.47,
            "equity": 2961753,
            "current_ratio": 192.9,
            "debt_ratio": 53.06,
            "inventory_turnover_ratio": 0.18,
            "account_receivable_turnover_ratio": null,
            "reinvestment_rate": null,
            "research_to_sale_ratio": null,
            "price_fair": 27.2,
            "eps_avg_yearly": 0.78,
            "eps_latest_yearly": 0.08,
            "eps_growth_yearly": 58.53
        },
        "20071": {
            "year_quarter": 20071,
            "year": 2007,
            "quarter": 1,
            "eps": -0.25,
            "eps_growth_year": -516.67,
            "eps_4q": -0.29,
            "eps_4q_growth_year": null,
            "roe": -1.97,
            "roe_4q": -2.29,
            "gross_profit": 112727,
            "gross_margin": 29.24,
            "gross_margin_4q_avg": 31.28,
            "net_income": -55759,
            "net_income_4q": null,
            "revenue": 385506,
            "revenue_4q": null,
            "common_shares": 2218235,
            "book_valuer_per_share": 12.22,
            "book_valuer_per_share_4q_avg": 12.41,
            "equity": 2711280,
            "current_ratio": 183.92,
            "debt_ratio": 53.53,
            "inventory_turnover_ratio": 0.1,
            "account_receivable_turnover_ratio": null,
            "reinvestment_rate": null,
            "research_to_sale_ratio": null,
            "price_fair": 9.14,
            "eps_avg_yearly": 0.79,
            "eps_latest_yearly": 0.08,
            "eps_growth_yearly": 1.62
        },
        "20072": {
            "year_quarter": 20072,
            "year": 2007,
            "quarter": 2,
            "eps": -0.05,
            "eps_growth_year": null,
            "eps_4q": -0.33,
            "eps_4q_growth_year": null,
            "roe": -0.43,
            "roe_4q": -2.6,
            "gross_profit": 156946,
            "gross_margin": 33.77,
            "gross_margin_4q_avg": 30.86,
            "net_income": -11658,
            "net_income_4q": null,
            "revenue": 464722,
            "revenue_4q": null,
            "common_shares": 2218235,
            "book_valuer_per_share": 12.23,
            "book_valuer_per_share_4q_avg": 12.35,
            "equity": 2713246,
            "current_ratio": 195.69,
            "debt_ratio": 51.35,
            "inventory_turnover_ratio": 0.12,
            "account_receivable_turnover_ratio": null,
            "reinvestment_rate": null,
            "research_to_sale_ratio": null,
            "price_fair": 2.33,
            "eps_avg_yearly": 0.78,
            "eps_latest_yearly": 0.08,
            "eps_growth_yearly": -11.39
        },
        "20073": {
            "year_quarter": 20073,
            "year": 2007,
            "quarter": 3,
            "eps": -0.51,
            "eps_growth_year": -2650,
            "eps_4q": -0.86,
            "eps_4q_growth_year": null,
            "roe": -4.28,
            "roe_4q": -7.029999999999999,
            "gross_profit": 90564,
            "gross_margin": 35.41,
            "gross_margin_4q_avg": 30.79,
            "net_income": -113622,
            "net_income_4q": null,
            "revenue": 255793,
            "revenue_4q": null,
            "common_shares": 2218235,
            "book_valuer_per_share": 11.73,
            "book_valuer_per_share_4q_avg": 12.16,
            "equity": 2602420,
            "current_ratio": 252.41,
            "debt_ratio": 52.19,
            "inventory_turnover_ratio": 0.06,
            "account_receivable_turnover_ratio": null,
            "reinvestment_rate": null,
            "research_to_sale_ratio": null,
            "price_fair": 29.75,
            "eps_avg_yearly": 0.85,
            "eps_latest_yearly": 0.08,
            "eps_growth_yearly": 28.62
        },
        "20074": {
            "year_quarter": 20074,
            "year": 2007,
            "quarter": 4,
            "eps": -1.24,
            "eps_growth_year": null,
            "eps_4q": -1.87,
            "eps_4q_growth_year": -185242.69,
            "roe": -10.75,
            "roe_4q": -17.43,
            "gross_profit": -56344,
            "gross_margin": -19.65,
            "gross_margin_4q_avg": 19.69,
            "net_income": -274804,
            "net_income_4q": null,
            "revenue": 286780,
            "revenue_4q": null,
            "common_shares": 2218235,
            "book_valuer_per_share": 10.62,
            "book_valuer_per_share_4q_avg": 11.7,
            "equity": 2511451,
            "current_ratio": 259.64,
            "debt_ratio": 51.4,
            "inventory_turnover_ratio": 0.19,
            "account_receivable_turnover_ratio": null,
            "reinvestment_rate": null,
            "research_to_sale_ratio": null,
            "price_fair": 2.24,
            "eps_avg_yearly": 0.75,
            "eps_latest_yearly": 0.08,
            "eps_growth_yearly": -150.73
        },
        "20081": {
            "year_quarter": 20081,
            "year": 2008,
            "quarter": 1,
            "eps": 0.03,
            "eps_growth_year": null,
            "eps_4q": -3.63,
            "eps_4q_growth_year": null,
            "roe": -0.13,
            "roe_4q": -15.59,
            "gross_profit": 167489,
            "gross_margin": 35.2,
            "gross_margin_4q_avg": 21.18,
            "net_income": -3261,
            "net_income_4q": null,
            "revenue": 475768,
            "revenue_4q": null,
            "common_shares": 2118885,
            "book_valuer_per_share": 10.8,
            "book_valuer_per_share_4q_avg": 11.35,
            "equity": 2429904,
            "current_ratio": 325.89,
            "debt_ratio": 40.66,
            "inventory_turnover_ratio": 0.3,
            "account_receivable_turnover_ratio": null,
            "reinvestment_rate": null,
            "research_to_sale_ratio": null,
            "price_fair": 1.38,
            "eps_avg_yearly": 0.46,
            "eps_latest_yearly": 0.08,
            "eps_growth_yearly": -253.68
        },
        "20082": {
            "year_quarter": 20082,
            "year": 2008,
            "quarter": 2,
            "eps": -0.23,
            "eps_growth_year": null,
            "eps_4q": -2.04,
            "eps_4q_growth_year": null,
            "roe": -2.29,
            "roe_4q": -17.45,
            "gross_profit": 121984,
            "gross_margin": 17.88,
            "gross_margin_4q_avg": 17.21,
            "net_income": -54976,
            "net_income_4q": null,
            "revenue": 682414,
            "revenue_4q": null,
            "common_shares": 2118885,
            "book_valuer_per_share": 10.59,
            "book_valuer_per_share_4q_avg": 10.94,
            "equity": 2371835,
            "current_ratio": 326.52,
            "debt_ratio": 35.44,
            "inventory_turnover_ratio": 0.62,
            "account_receivable_turnover_ratio": null,
            "reinvestment_rate": null,
            "research_to_sale_ratio": null,
            "price_fair": 0.24,
            "eps_avg_yearly": 0.08,
            "eps_latest_yearly": 0.08,
            "eps_growth_yearly": -361.9
        },
        "20083": {
            "year_quarter": 20083,
            "year": 2008,
            "quarter": 3,
            "eps": 0.01,
            "eps_growth_year": null,
            "eps_4q": -1.55,
            "eps_4q_growth_year": null,
            "roe": -0.13,
            "roe_4q": -13.3,
            "gross_profit": 154876,
            "gross_margin": 29.68,
            "gross_margin_4q_avg": 15.78,
            "net_income": -2975,
            "net_income_4q": null,
            "revenue": 521856,
            "revenue_4q": null,
            "common_shares": 2040005,
            "book_valuer_per_share": 10.77,
            "book_valuer_per_share_4q_avg": 10.7,
            "equity": 2279101,
            "current_ratio": 244.96,
            "debt_ratio": 30.51,
            "inventory_turnover_ratio": 0.51,
            "account_receivable_turnover_ratio": null,
            "reinvestment_rate": null,
            "research_to_sale_ratio": null,
            "price_fair": 0,
            "eps_avg_yearly": 0,
            "eps_latest_yearly": 0,
            "eps_growth_yearly": 0
        },
        "20084": {
            "year_quarter": 20084,
            "year": 2008,
            "quarter": 4,
            "eps": 0.22,
            "eps_growth_year": null,
            "eps_4q": 0.02,
            "eps_4q_growth_year": null,
            "roe": 2.24,
            "roe_4q": -0.3099999999999997,
            "gross_profit": 198136,
            "gross_margin": 31.47,
            "gross_margin_4q_avg": 28.56,
            "net_income": 50907,
            "net_income_4q": null,
            "revenue": 629656,
            "revenue_4q": null,
            "common_shares": 2020005,
            "book_valuer_per_share": 10.82,
            "book_valuer_per_share_4q_avg": 10.75,
            "equity": 2272313,
            "current_ratio": 293.02,
            "debt_ratio": 27.24,
            "inventory_turnover_ratio": 0.6,
            "account_receivable_turnover_ratio": 3.14,
            "reinvestment_rate": null,
            "research_to_sale_ratio": null,
            "price_fair": 30.8,
            "eps_avg_yearly": 0.88,
            "eps_latest_yearly": 0.88,
            "eps_growth_yearly": 8400
        },
        "20091": {
            "year_quarter": 20091,
            "year": 2009,
            "quarter": 1,
            "eps": 0.01,
            "eps_growth_year": -66.67,
            "eps_4q": 0.01,
            "eps_4q_growth_year": null,
            "roe": 0.03,
            "roe_4q": -0.1499999999999999,
            "gross_profit": 109580,
            "gross_margin": 30.26,
            "gross_margin_4q_avg": 27.32,
            "net_income": 710,
            "net_income_4q": null,
            "revenue": 362159,
            "revenue_4q": null,
            "common_shares": 1923145,
            "book_valuer_per_share": 11.3,
            "book_valuer_per_share_4q_avg": 10.87,
            "equity": 2244449,
            "current_ratio": 294.72,
            "debt_ratio": 26.39,
            "inventory_turnover_ratio": 0.33,
            "account_receivable_turnover_ratio": 0.98,
            "reinvestment_rate": null,
            "research_to_sale_ratio": null,
            "price_fair": 16.1,
            "eps_avg_yearly": 0.46,
            "eps_latest_yearly": 0.04,
            "eps_growth_yearly": 4009.09
        },
        "20092": {
            "year_quarter": 20092,
            "year": 2009,
            "quarter": 2,
            "eps": 0,
            "eps_growth_year": null,
            "eps_4q": 0.26,
            "eps_4q_growth_year": null,
            "roe": 0.05,
            "roe_4q": 2.1900000000000004,
            "gross_profit": 138844,
            "gross_margin": 30.88,
            "gross_margin_4q_avg": 30.57,
            "net_income": 1060,
            "net_income_4q": null,
            "revenue": 449599,
            "revenue_4q": null,
            "common_shares": 1923145,
            "book_valuer_per_share": 11.26,
            "book_valuer_per_share_4q_avg": 11.04,
            "equity": 2237475,
            "current_ratio": 356.78,
            "debt_ratio": 22.28,
            "inventory_turnover_ratio": 0.44,
            "account_receivable_turnover_ratio": 1.36,
            "reinvestment_rate": null,
            "research_to_sale_ratio": null,
            "price_fair": 16.1,
            "eps_avg_yearly": 0.46,
            "eps_latest_yearly": 0.04,
            "eps_growth_yearly": 4009.09
        },
        "20093": {
            "year_quarter": 20093,
            "year": 2009,
            "quarter": 3,
            "eps": -0.18,
            "eps_growth_year": -1900,
            "eps_4q": 0.07,
            "eps_4q_growth_year": null,
            "roe": -1.64,
            "roe_4q": 0.6800000000000004,
            "gross_profit": 119997,
            "gross_margin": 26.48,
            "gross_margin_4q_avg": 29.77,
            "net_income": -36437,
            "net_income_4q": null,
            "revenue": 453080,
            "revenue_4q": null,
            "common_shares": 1903145,
            "book_valuer_per_share": 11.18,
            "book_valuer_per_share_4q_avg": 11.14,
            "equity": 2193489,
            "current_ratio": 270.24,
            "debt_ratio": 29.06,
            "inventory_turnover_ratio": 0.45,
            "account_receivable_turnover_ratio": 1.34,
            "reinvestment_rate": null,
            "research_to_sale_ratio": null,
            "price_fair": 16.1,
            "eps_avg_yearly": 0.46,
            "eps_latest_yearly": 0.04,
            "eps_growth_yearly": 4009.09
        },
        "20094": {
            "year_quarter": 20094,
            "year": 2009,
            "quarter": 4,
            "eps": -0.49,
            "eps_growth_year": -322.73,
            "eps_4q": -0.66,
            "eps_4q_growth_year": -3276.48,
            "roe": -4.34,
            "roe_4q": -5.8999999999999995,
            "gross_profit": 163235,
            "gross_margin": 22.19,
            "gross_margin_4q_avg": 27.45,
            "net_income": -93091,
            "net_income_4q": null,
            "revenue": 735655,
            "revenue_4q": null,
            "common_shares": 1903145,
            "book_valuer_per_share": 10.67,
            "book_valuer_per_share_4q_avg": 11.1,
            "equity": 2096828,
            "current_ratio": 278.13,
            "debt_ratio": 29.72,
            "inventory_turnover_ratio": 0.9,
            "account_receivable_turnover_ratio": 2.6,
            "reinvestment_rate": null,
            "research_to_sale_ratio": null,
            "price_fair": 16.1,
            "eps_avg_yearly": 0.46,
            "eps_latest_yearly": 0.04,
            "eps_growth_yearly": 4009.09
        },
        "20101": {
            "year_quarter": 20101,
            "year": 2010,
            "quarter": 1,
            "eps": 0.05,
            "eps_growth_year": 400,
            "eps_4q": -0.62,
            "eps_4q_growth_year": -7342.19,
            "roe": 0.39,
            "roe_4q": -5.54,
            "gross_profit": 137659,
            "gross_margin": 37.88,
            "gross_margin_4q_avg": 29.36,
            "net_income": 8096,
            "net_income_4q": null,
            "revenue": 363429,
            "revenue_4q": null,
            "common_shares": 1903145,
            "book_valuer_per_share": 10.71,
            "book_valuer_per_share_4q_avg": 10.96,
            "equity": 2103588,
            "current_ratio": 322.01,
            "debt_ratio": 26.4,
            "inventory_turnover_ratio": 0.48,
            "account_receivable_turnover_ratio": 0.72,
            "reinvestment_rate": null,
            "research_to_sale_ratio": 5.85,
            "price_fair": 16.1,
            "eps_avg_yearly": 0.46,
            "eps_latest_yearly": 0.04,
            "eps_growth_yearly": 4009.09
        },
        "20102": {
            "year_quarter": 20102,
            "year": 2010,
            "quarter": 2,
            "eps": 0.01,
            "eps_growth_year": null,
            "eps_4q": -0.61,
            "eps_4q_growth_year": -333.88,
            "roe": 0.22,
            "roe_4q": -5.37,
            "gross_profit": 150869,
            "gross_margin": 40.64,
            "gross_margin_4q_avg": 31.8,
            "net_income": 4712,
            "net_income_4q": null,
            "revenue": 371239,
            "revenue_4q": null,
            "common_shares": 1903145,
            "book_valuer_per_share": 10.74,
            "book_valuer_per_share_4q_avg": 10.83,
            "equity": 2112494,
            "current_ratio": 285.68,
            "debt_ratio": 29.33,
            "inventory_turnover_ratio": 0.41,
            "account_receivable_turnover_ratio": 0.87,
            "reinvestment_rate": null,
            "research_to_sale_ratio": 6.57,
            "price_fair": 11.2,
            "eps_avg_yearly": 0.32,
            "eps_latest_yearly": 0.04,
            "eps_growth_yearly": 2566.06
        },
        "20103": {
            "year_quarter": 20103,
            "year": 2010,
            "quarter": 3,
            "eps": 0.09,
            "eps_growth_year": null,
            "eps_4q": -0.34,
            "eps_4q_growth_year": -552.58,
            "roe": 0.82,
            "roe_4q": -2.9099999999999997,
            "gross_profit": 158100,
            "gross_margin": 26.91,
            "gross_margin_4q_avg": 31.91,
            "net_income": 17342,
            "net_income_4q": null,
            "revenue": 587441,
            "revenue_4q": null,
            "common_shares": 1903145,
            "book_valuer_per_share": 10.82,
            "book_valuer_per_share_4q_avg": 10.74,
            "equity": 2099816,
            "current_ratio": 285.56,
            "debt_ratio": 28.87,
            "inventory_turnover_ratio": 0.77,
            "account_receivable_turnover_ratio": 1.49,
            "reinvestment_rate": null,
            "research_to_sale_ratio": 3.92,
            "price_fair": 11.55,
            "eps_avg_yearly": 0.33,
            "eps_latest_yearly": 0.36,
            "eps_growth_yearly": 2724.55
        },
        "20104": {
            "year_quarter": 20104,
            "year": 2010,
            "quarter": 4,
            "eps": 0.08,
            "eps_growth_year": null,
            "eps_4q": 0.23,
            "eps_4q_growth_year": null,
            "roe": 0.69,
            "roe_4q": 2.1199999999999997,
            "gross_profit": 193581,
            "gross_margin": 28.22,
            "gross_margin_4q_avg": 33.41,
            "net_income": 14429,
            "net_income_4q": null,
            "revenue": 686020,
            "revenue_4q": null,
            "common_shares": 1903145,
            "book_valuer_per_share": 10.86,
            "book_valuer_per_share_4q_avg": 10.78,
            "equity": 2106231,
            "current_ratio": 244.48,
            "debt_ratio": 32.95,
            "inventory_turnover_ratio": 0.86,
            "account_receivable_turnover_ratio": 1.42,
            "reinvestment_rate": null,
            "research_to_sale_ratio": 4.24,
            "price_fair": 11.48,
            "eps_avg_yearly": 0.33,
            "eps_latest_yearly": 0.32,
            "eps_growth_yearly": 2170.75
        },
        "20111": {
            "year_quarter": 20111,
            "year": 2011,
            "quarter": 1,
            "eps": 0.06,
            "eps_growth_year": 20,
            "eps_4q": 0.25,
            "eps_4q_growth_year": null,
            "roe": 0.52,
            "roe_4q": 2.25,
            "gross_profit": 154068,
            "gross_margin": 27.87,
            "gross_margin_4q_avg": 30.91,
            "net_income": 10904,
            "net_income_4q": null,
            "revenue": 552772,
            "revenue_4q": null,
            "common_shares": 1903145,
            "book_valuer_per_share": 10.93,
            "book_valuer_per_share_4q_avg": 10.84,
            "equity": 2119253,
            "current_ratio": 308.89,
            "debt_ratio": 27.07,
            "inventory_turnover_ratio": 0.72,
            "account_receivable_turnover_ratio": 1.03,
            "reinvestment_rate": null,
            "research_to_sale_ratio": 3.79,
            "price_fair": 10.97,
            "eps_avg_yearly": 0.31,
            "eps_latest_yearly": 0.24,
            "eps_growth_yearly": 1792.29
        },
        "20112": {
            "year_quarter": 20112,
            "year": 2011,
            "quarter": 2,
            "eps": 0.05,
            "eps_growth_year": 497.4,
            "eps_4q": 0.29,
            "eps_4q_growth_year": null,
            "roe": 0.41,
            "roe_4q": 2.44,
            "gross_profit": 149748,
            "gross_margin": 40.74,
            "gross_margin_4q_avg": 30.94,
            "net_income": 8649,
            "net_income_4q": null,
            "revenue": 367525,
            "revenue_4q": null,
            "common_shares": 1903145,
            "book_valuer_per_share": 10.97,
            "book_valuer_per_share_4q_avg": 10.9,
            "equity": 2124689,
            "current_ratio": 282.63,
            "debt_ratio": 29.42,
            "inventory_turnover_ratio": 0.4,
            "account_receivable_turnover_ratio": 0.81,
            "reinvestment_rate": null,
            "research_to_sale_ratio": 5.95,
            "price_fair": 10.4,
            "eps_avg_yearly": 0.3,
            "eps_latest_yearly": 0.2,
            "eps_growth_yearly": 1526.72
        },
        "20113": {
            "year_quarter": 20113,
            "year": 2011,
            "quarter": 3,
            "eps": 0.06,
            "eps_growth_year": -32.46,
            "eps_4q": 0.26,
            "eps_4q_growth_year": null,
            "roe": 0.53,
            "roe_4q": 2.15,
            "gross_profit": 146716,
            "gross_margin": 30.72,
            "gross_margin_4q_avg": 31.89,
            "net_income": 11326,
            "net_income_4q": null,
            "revenue": 477551,
            "revenue_4q": null,
            "common_shares": 1903145,
            "book_valuer_per_share": 11.13,
            "book_valuer_per_share_4q_avg": 10.97,
            "equity": 2155113,
            "current_ratio": 225.11,
            "debt_ratio": 36.82,
            "inventory_turnover_ratio": 0.45,
            "account_receivable_turnover_ratio": 1.04,
            "reinvestment_rate": null,
            "research_to_sale_ratio": 4.75,
            "price_fair": 10.15,
            "eps_avg_yearly": 0.29,
            "eps_latest_yearly": 0.24,
            "eps_growth_yearly": 1345.88
        },
        "20114": {
            "year_quarter": 20114,
            "year": 2011,
            "quarter": 4,
            "eps": 0.08,
            "eps_growth_year": 1.8,
            "eps_4q": 0.26,
            "eps_4q_growth_year": 12.36,
            "roe": 0.63,
            "roe_4q": 2.09,
            "gross_profit": 175520,
            "gross_margin": 26.5,
            "gross_margin_4q_avg": 31.46,
            "net_income": 13628,
            "net_income_4q": null,
            "revenue": 662247,
            "revenue_4q": null,
            "common_shares": 1903145,
            "book_valuer_per_share": 11.26,
            "book_valuer_per_share_4q_avg": 11.07,
            "equity": 2150898,
            "current_ratio": 221.22,
            "debt_ratio": 34.67,
            "inventory_turnover_ratio": 0.58,
            "account_receivable_turnover_ratio": 1.2,
            "reinvestment_rate": null,
            "research_to_sale_ratio": 3.82,
            "price_fair": 10.27,
            "eps_avg_yearly": 0.29,
            "eps_latest_yearly": 0.32,
            "eps_growth_yearly": 1211.16
        },
        "20121": {
            "year_quarter": 20121,
            "year": 2012,
            "quarter": 1,
            "eps": 0.07,
            "eps_growth_year": 16.67,
            "eps_4q": 0.26,
            "eps_4q_growth_year": 7.42,
            "roe": 0.53,
            "roe_4q": 2.1,
            "gross_profit": 156945,
            "gross_margin": 30.48,
            "gross_margin_4q_avg": 32.11,
            "net_income": 11320,
            "net_income_4q": null,
            "revenue": 514873,
            "revenue_4q": null,
            "common_shares": 1903145,
            "book_valuer_per_share": 11.27,
            "book_valuer_per_share_4q_avg": 11.16,
            "equity": 2145672,
            "current_ratio": 255.85,
            "debt_ratio": 30.11,
            "inventory_turnover_ratio": 0.48,
            "account_receivable_turnover_ratio": 0.92,
            "reinvestment_rate": null,
            "research_to_sale_ratio": 4.2,
            "price_fair": 10.22,
            "eps_avg_yearly": 0.29,
            "eps_latest_yearly": 0.28,
            "eps_growth_yearly": 1085.04
        },
        "20122": {
            "year_quarter": 20122,
            "year": 2012,
            "quarter": 2,
            "eps": -0.05,
            "eps_growth_year": -205.52,
            "eps_4q": 0.16,
            "eps_4q_growth_year": -44.79,
            "roe": -0.53,
            "roe_4q": 1.1600000000000001,
            "gross_profit": 119142,
            "gross_margin": 25.49,
            "gross_margin_4q_avg": 28.3,
            "net_income": -11234,
            "net_income_4q": null,
            "revenue": 467415,
            "revenue_4q": null,
            "common_shares": 1903145,
            "book_valuer_per_share": 10.88,
            "book_valuer_per_share_4q_avg": 11.14,
            "equity": 2069722,
            "current_ratio": 234.55,
            "debt_ratio": 32.32,
            "inventory_turnover_ratio": 0.48,
            "account_receivable_turnover_ratio": 0.9,
            "reinvestment_rate": 1492.74,
            "research_to_sale_ratio": 4.24,
            "price_fair": 10.22,
            "eps_avg_yearly": 0.29,
            "eps_latest_yearly": 0.28,
            "eps_growth_yearly": 1085.04
        },
        "20123": {
            "year_quarter": 20123,
            "year": 2012,
            "quarter": 3,
            "eps": -0.1,
            "eps_growth_year": -262.84,
            "eps_4q": -0.01,
            "eps_4q_growth_year": -103.83,
            "roe": -1.39,
            "roe_4q": -0.7599999999999999,
            "gross_profit": 109862,
            "gross_margin": 28.97,
            "gross_margin_4q_avg": 27.86,
            "net_income": -28615,
            "net_income_4q": null,
            "revenue": 379204,
            "revenue_4q": null,
            "common_shares": 1903145,
            "book_valuer_per_share": 10.76,
            "book_valuer_per_share_4q_avg": 11.04,
            "equity": 2038778,
            "current_ratio": 249.16,
            "debt_ratio": 30.48,
            "inventory_turnover_ratio": 0.33,
            "account_receivable_turnover_ratio": 0.87,
            "reinvestment_rate": -1287.84,
            "research_to_sale_ratio": 5.66,
            "price_fair": 10.22,
            "eps_avg_yearly": 0.29,
            "eps_latest_yearly": 0.28,
            "eps_growth_yearly": 1085.04
        },
        "20124": {
            "year_quarter": 20124,
            "year": 2012,
            "quarter": 4,
            "eps": 0.11,
            "eps_growth_year": 42.23,
            "eps_4q": 0.02,
            "eps_4q_growth_year": -90.94,
            "roe": 0.94,
            "roe_4q": -0.44999999999999996,
            "gross_profit": 187672,
            "gross_margin": 23.53,
            "gross_margin_4q_avg": 27.12,
            "net_income": 19142,
            "net_income_4q": null,
            "revenue": 797547,
            "revenue_4q": null,
            "common_shares": 1903145,
            "book_valuer_per_share": 10.86,
            "book_valuer_per_share_4q_avg": 10.94,
            "equity": 2055496,
            "current_ratio": 197.42,
            "debt_ratio": 39.09,
            "inventory_turnover_ratio": 0.62,
            "account_receivable_turnover_ratio": 1.98,
            "reinvestment_rate": null,
            "research_to_sale_ratio": 3.63,
            "price_fair": 7.93,
            "eps_avg_yearly": 0.23,
            "eps_latest_yearly": 0.28,
            "eps_growth_yearly": 272.27
        },
        "20131": {
            "year_quarter": 20131,
            "year": 2013,
            "quarter": 1,
            "eps": 0,
            "eps_growth_year": -100,
            "eps_4q": -0.04,
            "eps_4q_growth_year": -115.19,
            "roe": -0.03,
            "roe_4q": -1.01,
            "gross_profit": 139819,
            "gross_margin": 22.7,
            "gross_margin_4q_avg": 25.17,
            "net_income": -677,
            "net_income_4q": null,
            "revenue": 615830,
            "revenue_4q": null,
            "common_shares": 1903145,
            "book_valuer_per_share": 11.02,
            "book_valuer_per_share_4q_avg": 10.88,
            "equity": 2084019,
            "current_ratio": 312.48,
            "debt_ratio": 29.06,
            "inventory_turnover_ratio": 0.5,
            "account_receivable_turnover_ratio": 1.35,
            "reinvestment_rate": null,
            "research_to_sale_ratio": 3.5,
            "price_fair": 8.75,
            "eps_avg_yearly": 0.25,
            "eps_latest_yearly": 0.28,
            "eps_growth_yearly": 354.03
        },
        "20132": {
            "year_quarter": 20132,
            "year": 2013,
            "quarter": 2,
            "eps": 0,
            "eps_growth_year": null,
            "eps_4q": 0.02,
            "eps_4q_growth_year": -89.78,
            "roe": -0.09,
            "roe_4q": -0.57,
            "gross_profit": 138971,
            "gross_margin": 29.46,
            "gross_margin_4q_avg": 26.17,
            "net_income": -1945,
            "net_income_4q": null,
            "revenue": 471765,
            "revenue_4q": null,
            "common_shares": 1903145,
            "book_valuer_per_share": 11.07,
            "book_valuer_per_share_4q_avg": 10.93,
            "equity": 2090279,
            "current_ratio": 320.69,
            "debt_ratio": 28.63,
            "inventory_turnover_ratio": 0.4,
            "account_receivable_turnover_ratio": 1.12,
            "reinvestment_rate": null,
            "research_to_sale_ratio": 4.42,
            "price_fair": 8.75,
            "eps_avg_yearly": 0.25,
            "eps_latest_yearly": 0.28,
            "eps_growth_yearly": 354.03
        },
        "20133": {
            "year_quarter": 20133,
            "year": 2013,
            "quarter": 3,
            "eps": -0.12,
            "eps_growth_year": null,
            "eps_4q": 0,
            "eps_4q_growth_year": null,
            "roe": -1.07,
            "roe_4q": -0.2500000000000002,
            "gross_profit": 53386,
            "gross_margin": 9.9,
            "gross_margin_4q_avg": 21.4,
            "net_income": -22200,
            "net_income_4q": null,
            "revenue": 539381,
            "revenue_4q": null,
            "common_shares": 1903145,
            "book_valuer_per_share": 10.93,
            "book_valuer_per_share_4q_avg": 10.97,
            "equity": 2059830,
            "current_ratio": 324.41,
            "debt_ratio": 28.21,
            "inventory_turnover_ratio": 0.6,
            "account_receivable_turnover_ratio": 1.2,
            "reinvestment_rate": null,
            "research_to_sale_ratio": 3.74,
            "price_fair": 8.75,
            "eps_avg_yearly": 0.25,
            "eps_latest_yearly": 0.28,
            "eps_growth_yearly": 354.03
        },
        "20134": {
            "year_quarter": 20134,
            "year": 2013,
            "quarter": 4,
            "eps": 0.04,
            "eps_growth_year": -67.64,
            "eps_4q": -0.07,
            "eps_4q_growth_year": -409.09,
            "roe": 0.3,
            "roe_4q": -0.89,
            "gross_profit": 193205,
            "gross_margin": 32.07,
            "gross_margin_4q_avg": 23.53,
            "net_income": 6309,
            "net_income_4q": null,
            "revenue": 602410,
            "revenue_4q": null,
            "common_shares": 1903145,
            "book_valuer_per_share": 11.03,
            "book_valuer_per_share_4q_avg": 11.01,
            "equity": 2078042,
            "current_ratio": 254.68,
            "debt_ratio": 34.16,
            "inventory_turnover_ratio": 0.5,
            "account_receivable_turnover_ratio": 1.17,
            "reinvestment_rate": 176.57,
            "research_to_sale_ratio": 4.65,
            "price_fair": 8.75,
            "eps_avg_yearly": 0.25,
            "eps_latest_yearly": 0.28,
            "eps_growth_yearly": 354.03
        },
        "20141": {
            "year_quarter": 20141,
            "year": 2014,
            "quarter": 1,
            "eps": 0.02,
            "eps_growth_year": null,
            "eps_4q": -0.06,
            "eps_4q_growth_year": null,
            "roe": 0.17,
            "roe_4q": -0.6900000000000001,
            "gross_profit": 134099,
            "gross_margin": 33.45,
            "gross_margin_4q_avg": 26.22,
            "net_income": 3467,
            "net_income_4q": null,
            "revenue": 400946,
            "revenue_4q": null,
            "common_shares": 1903145,
            "book_valuer_per_share": 11.05,
            "book_valuer_per_share_4q_avg": 11.02,
            "equity": 2082238,
            "current_ratio": 328.18,
            "debt_ratio": 27.9,
            "inventory_turnover_ratio": 0.33,
            "account_receivable_turnover_ratio": 0.85,
            "reinvestment_rate": 196.41,
            "research_to_sale_ratio": 6.21,
            "price_fair": 8.09,
            "eps_avg_yearly": 0.23,
            "eps_latest_yearly": 0.08,
            "eps_growth_yearly": 292.47
        },
        "20142": {
            "year_quarter": 20142,
            "year": 2014,
            "quarter": 2,
            "eps": 0.05,
            "eps_growth_year": null,
            "eps_4q": -0.02,
            "eps_4q_growth_year": -195.79,
            "roe": 0.4,
            "roe_4q": -0.19999999999999996,
            "gross_profit": 139493,
            "gross_margin": 33.19,
            "gross_margin_4q_avg": 27.15,
            "net_income": 8460,
            "net_income_4q": null,
            "revenue": 420259,
            "revenue_4q": null,
            "common_shares": 1903145,
            "book_valuer_per_share": 11.15,
            "book_valuer_per_share_4q_avg": 11.04,
            "equity": 2100084,
            "current_ratio": 286.17,
            "debt_ratio": 30.29,
            "inventory_turnover_ratio": 0.36,
            "account_receivable_turnover_ratio": 1.08,
            "reinvestment_rate": 264.73,
            "research_to_sale_ratio": 6.26,
            "price_fair": 8.71,
            "eps_avg_yearly": 0.25,
            "eps_latest_yearly": 0.2,
            "eps_growth_yearly": 394.69
        },
        "20143": {
            "year_quarter": 20143,
            "year": 2014,
            "quarter": 3,
            "eps": 0.01,
            "eps_growth_year": null,
            "eps_4q": 0.12,
            "eps_4q_growth_year": 2901.33,
            "roe": 0.13,
            "roe_4q": 1,
            "gross_profit": 137292,
            "gross_margin": 37.03,
            "gross_margin_4q_avg": 33.94,
            "net_income": 2688,
            "net_income_4q": null,
            "revenue": 370730,
            "revenue_4q": null,
            "common_shares": 1903145,
            "book_valuer_per_share": 11.17,
            "book_valuer_per_share_4q_avg": 11.1,
            "equity": 2103893,
            "current_ratio": 281.33,
            "debt_ratio": 30.9,
            "inventory_turnover_ratio": 0.25,
            "account_receivable_turnover_ratio": 0.99,
            "reinvestment_rate": 314.33,
            "research_to_sale_ratio": 5.12,
            "price_fair": 2.9,
            "eps_avg_yearly": 0.21,
            "eps_latest_yearly": 0.04,
            "eps_growth_yearly": 3.58
        },
        "20144": {
            "year_quarter": 20144,
            "year": 2014,
            "quarter": 4,
            "eps": 0.04,
            "eps_growth_year": 7.8,
            "eps_4q": 0.12,
            "eps_4q_growth_year": null,
            "roe": 0.35,
            "roe_4q": 1.05,
            "gross_profit": 196133,
            "gross_margin": 26.7,
            "gross_margin_4q_avg": 32.59,
            "net_income": 7372,
            "net_income_4q": null,
            "revenue": 734664,
            "revenue_4q": null,
            "common_shares": 1903145,
            "book_valuer_per_share": 11.34,
            "book_valuer_per_share_4q_avg": 11.18,
            "equity": 2101038,
            "current_ratio": 263.53,
            "debt_ratio": 32.52,
            "inventory_turnover_ratio": 0.56,
            "account_receivable_turnover_ratio": 1.82,
            "reinvestment_rate": 376.23,
            "research_to_sale_ratio": 4.71,
            "price_fair": 6.84,
            "eps_avg_yearly": 0.2,
            "eps_latest_yearly": 0.16,
            "eps_growth_yearly": 141.85
        },
        "20151": {
            "year_quarter": 20151,
            "year": 2015,
            "quarter": 1,
            "eps": -0.07,
            "eps_growth_year": -450,
            "eps_4q": 0.03,
            "eps_4q_growth_year": null,
            "roe": -0.61,
            "roe_4q": 0.27,
            "gross_profit": 141048,
            "gross_margin": 30.9,
            "gross_margin_4q_avg": 31.96,
            "net_income": -12874,
            "net_income_4q": null,
            "revenue": 456491,
            "revenue_4q": null,
            "common_shares": 1873145,
            "book_valuer_per_share": 11.28,
            "book_valuer_per_share_4q_avg": 11.24,
            "equity": 2089994,
            "current_ratio": 237.68,
            "debt_ratio": 33.37,
            "inventory_turnover_ratio": 0.37,
            "account_receivable_turnover_ratio": 1.19,
            "reinvestment_rate": 1050.97,
            "research_to_sale_ratio": 5.64,
            "price_fair": 6.65,
            "eps_avg_yearly": 0.19,
            "eps_latest_yearly": 0.16,
            "eps_growth_yearly": 172.08
        },
        "20152": {
            "year_quarter": 20152,
            "year": 2015,
            "quarter": 2,
            "eps": 0.03,
            "eps_growth_year": -40,
            "eps_4q": 0.02,
            "eps_4q_growth_year": null,
            "roe": 0.27,
            "roe_4q": 0.14,
            "gross_profit": 144315,
            "gross_margin": 39.04,
            "gross_margin_4q_avg": 33.42,
            "net_income": 5636,
            "net_income_4q": null,
            "revenue": 369663,
            "revenue_4q": null,
            "common_shares": 1873145,
            "book_valuer_per_share": 10.99,
            "book_valuer_per_share_4q_avg": 11.2,
            "equity": 2037940,
            "current_ratio": 229.55,
            "debt_ratio": 34.16,
            "inventory_turnover_ratio": 0.27,
            "account_receivable_turnover_ratio": 1.09,
            "reinvestment_rate": 1160.74,
            "research_to_sale_ratio": 7.02,
            "price_fair": 6.6,
            "eps_avg_yearly": 0.19,
            "eps_latest_yearly": 0.16,
            "eps_growth_yearly": 206.19
        },
        "20153": {
            "year_quarter": 20153,
            "year": 2015,
            "quarter": 3,
            "eps": 0.12,
            "eps_growth_year": 1100,
            "eps_4q": 0.12,
            "eps_4q_growth_year": 7.44,
            "roe": 1.11,
            "roe_4q": 1.12,
            "gross_profit": 161279,
            "gross_margin": 38.55,
            "gross_margin_4q_avg": 33.8,
            "net_income": 22663,
            "net_income_4q": null,
            "revenue": 418338,
            "revenue_4q": null,
            "common_shares": 1873145,
            "book_valuer_per_share": 11.09,
            "book_valuer_per_share_4q_avg": 11.18,
            "equity": 2054642,
            "current_ratio": 202.96,
            "debt_ratio": 38.16,
            "inventory_turnover_ratio": 0.27,
            "account_receivable_turnover_ratio": 1.15,
            "reinvestment_rate": 914.88,
            "research_to_sale_ratio": 6.49,
            "price_fair": 7.8,
            "eps_avg_yearly": 0.22,
            "eps_latest_yearly": 0.48,
            "eps_growth_yearly": 366.19
        },
        "20154": {
            "year_quarter": 20154,
            "year": 2015,
            "quarter": 4,
            "eps": 0.09,
            "eps_growth_year": 137.78,
            "eps_4q": 0.18,
            "eps_4q_growth_year": 49.44,
            "roe": 0.84,
            "roe_4q": 1.6100000000000003,
            "gross_profit": 241478,
            "gross_margin": 23.71,
            "gross_margin_4q_avg": 33.05,
            "net_income": 17342,
            "net_income_4q": null,
            "revenue": 1018557,
            "revenue_4q": null,
            "common_shares": 1873145,
            "book_valuer_per_share": 11.29,
            "book_valuer_per_share_4q_avg": 11.16,
            "equity": 2093077,
            "current_ratio": 171.5,
            "debt_ratio": 41.76,
            "inventory_turnover_ratio": 0.75,
            "account_receivable_turnover_ratio": 1.94,
            "reinvestment_rate": -239.91,
            "research_to_sale_ratio": 3.53,
            "price_fair": 8,
            "eps_avg_yearly": 0.23,
            "eps_latest_yearly": 0.36,
            "eps_growth_yearly": 332.86
        },
        "20161": {
            "year_quarter": 20161,
            "year": 2016,
            "quarter": 1,
            "eps": 0.04,
            "eps_growth_year": null,
            "eps_4q": 0.29,
            "eps_4q_growth_year": 836.13,
            "roe": 0.36,
            "roe_4q": 2.58,
            "gross_profit": 163943,
            "gross_margin": 30.11,
            "gross_margin_4q_avg": 32.85,
            "net_income": 7469,
            "net_income_4q": null,
            "revenue": 544436,
            "revenue_4q": null,
            "common_shares": 1873145,
            "book_valuer_per_share": 11.36,
            "book_valuer_per_share_4q_avg": 11.18,
            "equity": 2105043,
            "current_ratio": 170.4,
            "debt_ratio": 41.09,
            "inventory_turnover_ratio": 0.36,
            "account_receivable_turnover_ratio": 0.93,
            "reinvestment_rate": 572.97,
            "research_to_sale_ratio": 5.09,
            "price_fair": 7.4,
            "eps_avg_yearly": 0.21,
            "eps_latest_yearly": 0.16,
            "eps_growth_yearly": 308.25
        },
        "20162": {
            "year_quarter": 20162,
            "year": 2016,
            "quarter": 2,
            "eps": 0.07,
            "eps_growth_year": 133.33,
            "eps_4q": 0.33,
            "eps_4q_growth_year": 2066.96,
            "roe": 0.63,
            "roe_4q": 2.9400000000000004,
            "gross_profit": 160006,
            "gross_margin": 30.54,
            "gross_margin_4q_avg": 30.73,
            "net_income": 13228,
            "net_income_4q": null,
            "revenue": 523928,
            "revenue_4q": null,
            "common_shares": 1873145,
            "book_valuer_per_share": 11.29,
            "book_valuer_per_share_4q_avg": 11.26,
            "equity": 2092650,
            "current_ratio": 167.89,
            "debt_ratio": 41.81,
            "inventory_turnover_ratio": 0.32,
            "account_receivable_turnover_ratio": 1.06,
            "reinvestment_rate": -114.8,
            "research_to_sale_ratio": 5.03,
            "price_fair": 7.7,
            "eps_avg_yearly": 0.22,
            "eps_latest_yearly": 0.28,
            "eps_growth_yearly": 307.22
        },
        "20163": {
            "year_quarter": 20163,
            "year": 2016,
            "quarter": 3,
            "eps": 0.1,
            "eps_growth_year": -16.67,
            "eps_4q": 0.31,
            "eps_4q_growth_year": 148.91,
            "roe": 0.89,
            "roe_4q": 2.7199999999999998,
            "gross_profit": 173918,
            "gross_margin": 38.56,
            "gross_margin_4q_avg": 30.73,
            "net_income": 18636,
            "net_income_4q": null,
            "revenue": 451064,
            "revenue_4q": null,
            "common_shares": 1873145,
            "book_valuer_per_share": 11.39,
            "book_valuer_per_share_4q_avg": 11.33,
            "equity": 2110995,
            "current_ratio": 160.39,
            "debt_ratio": 44.09,
            "inventory_turnover_ratio": 0.23,
            "account_receivable_turnover_ratio": 1.03,
            "reinvestment_rate": 239.58,
            "research_to_sale_ratio": 6.2,
            "price_fair": 8.4,
            "eps_avg_yearly": 0.24,
            "eps_latest_yearly": 0.4,
            "eps_growth_yearly": 292.13
        },
        "20164": {
            "year_quarter": 20164,
            "year": 2016,
            "quarter": 4,
            "eps": 0.06,
            "eps_growth_year": -41.3,
            "eps_4q": 0.27,
            "eps_4q_growth_year": 50.93,
            "roe": 0.48,
            "roe_4q": 2.36,
            "gross_profit": 241645,
            "gross_margin": 20.52,
            "gross_margin_4q_avg": 29.93,
            "net_income": 10115,
            "net_income_4q": null,
            "revenue": 1177513,
            "revenue_4q": null,
            "common_shares": 1873145,
            "book_valuer_per_share": 11.38,
            "book_valuer_per_share_4q_avg": 11.36,
            "equity": 2109549,
            "current_ratio": 164.5,
            "debt_ratio": 45.5,
            "inventory_turnover_ratio": 0.77,
            "account_receivable_turnover_ratio": 2.13,
            "reinvestment_rate": 159.99,
            "research_to_sale_ratio": 3.08,
            "price_fair": 8.4,
            "eps_avg_yearly": 0.24,
            "eps_latest_yearly": 0.24,
            "eps_growth_yearly": 246.92
        },
        "20171": {
            "year_quarter": 20171,
            "year": 2017,
            "quarter": 1,
            "eps": 0.05,
            "eps_growth_year": 25,
            "eps_4q": 0.28,
            "eps_4q_growth_year": -4.03,
            "roe": 0.42,
            "roe_4q": 2.42,
            "gross_profit": 184069,
            "gross_margin": 30.81,
            "gross_margin_4q_avg": 30.11,
            "net_income": 8935,
            "net_income_4q": null,
            "revenue": 597352,
            "revenue_4q": null,
            "common_shares": 1873145,
            "book_valuer_per_share": 11.42,
            "book_valuer_per_share_4q_avg": 11.37,
            "equity": 2116894,
            "current_ratio": 157.98,
            "debt_ratio": 46.95,
            "inventory_turnover_ratio": 0.35,
            "account_receivable_turnover_ratio": 0.88,
            "reinvestment_rate": 186.33,
            "research_to_sale_ratio": 5.18,
            "price_fair": 8.27,
            "eps_avg_yearly": 0.24,
            "eps_latest_yearly": 0.2,
            "eps_growth_yearly": 218.41
        },
        "20172": {
            "year_quarter": 20172,
            "year": 2017,
            "quarter": 2,
            "eps": 0.12,
            "eps_growth_year": 71.43,
            "eps_4q": 0.33,
            "eps_4q_growth_year": -0.38,
            "roe": 1.08,
            "roe_4q": 2.87,
            "gross_profit": 186038,
            "gross_margin": 33.61,
            "gross_margin_4q_avg": 30.88,
            "net_income": 22744,
            "net_income_4q": null,
            "revenue": 553497,
            "revenue_4q": null,
            "common_shares": 1873145,
            "book_valuer_per_share": 11.38,
            "book_valuer_per_share_4q_avg": 11.39,
            "equity": 2108128,
            "current_ratio": 150.35,
            "debt_ratio": 49.99,
            "inventory_turnover_ratio": 0.28,
            "account_receivable_turnover_ratio": 0.87,
            "reinvestment_rate": 155.48,
            "research_to_sale_ratio": 5.77,
            "price_fair": 8.98,
            "eps_avg_yearly": 0.26,
            "eps_latest_yearly": 0.48,
            "eps_growth_yearly": 246.88
        },
        "20173": {
            "year_quarter": 20173,
            "year": 2017,
            "quarter": 3,
            "eps": 0.19,
            "eps_growth_year": 90,
            "eps_4q": 0.42,
            "eps_4q_growth_year": 36.08,
            "roe": 1.67,
            "roe_4q": 3.65,
            "gross_profit": 216424,
            "gross_margin": 30.86,
            "gross_margin_4q_avg": 28.95,
            "net_income": 35418,
            "net_income_4q": null,
            "revenue": 701295,
            "revenue_4q": null,
            "common_shares": 1873145,
            "book_valuer_per_share": 11.57,
            "book_valuer_per_share_4q_avg": 11.44,
            "equity": 2144677,
            "current_ratio": 139.08,
            "debt_ratio": 55.97,
            "inventory_turnover_ratio": 0.32,
            "account_receivable_turnover_ratio": 0.89,
            "reinvestment_rate": 121.06,
            "research_to_sale_ratio": 4.11,
            "price_fair": 10.34,
            "eps_avg_yearly": 0.3,
            "eps_latest_yearly": 0.76,
            "eps_growth_yearly": 245.84
        },
        "20174": {
            "year_quarter": 20174,
            "year": 2017,
            "quarter": 4,
            "eps": 0.02,
            "eps_growth_year": -56.23,
            "eps_4q": 0.39,
            "eps_4q_growth_year": 44.19,
            "roe": 0.32,
            "roe_4q": 3.49,
            "gross_profit": 253536,
            "gross_margin": 17.54,
            "gross_margin_4q_avg": 28.21,
            "net_income": 6894,
            "net_income_4q": null,
            "revenue": 1445287,
            "revenue_4q": null,
            "common_shares": 1843145,
            "book_valuer_per_share": 11.55,
            "book_valuer_per_share_4q_avg": 11.48,
            "equity": 2141720,
            "current_ratio": 145.97,
            "debt_ratio": 53.12,
            "inventory_turnover_ratio": 0.83,
            "account_receivable_turnover_ratio": 1.52,
            "reinvestment_rate": 114.33,
            "research_to_sale_ratio": 2.78,
            "price_fair": 9.8,
            "eps_avg_yearly": 0.28,
            "eps_latest_yearly": 0.08,
            "eps_growth_yearly": 202.71
        },
        "20181": {
            "year_quarter": 20181,
            "year": 2018,
            "quarter": 1,
            "eps": 0.1,
            "eps_growth_year": 100,
            "eps_4q": 0.44,
            "eps_4q_growth_year": 57.06,
            "roe": 0.82,
            "roe_4q": 3.8899999999999997,
            "gross_profit": 196832,
            "gross_margin": 22.68,
            "gross_margin_4q_avg": 26.17,
            "net_income": 17615,
            "net_income_4q": null,
            "revenue": 867720,
            "revenue_4q": null,
            "common_shares": 1843145,
            "book_valuer_per_share": 11.63,
            "book_valuer_per_share_4q_avg": 11.53,
            "equity": 2157432,
            "current_ratio": 152.07,
            "debt_ratio": 49.67,
            "inventory_turnover_ratio": 0.61,
            "account_receivable_turnover_ratio": 1.15,
            "reinvestment_rate": 38.85,
            "research_to_sale_ratio": 3.73,
            "price_fair": 10.6,
            "eps_avg_yearly": 0.3,
            "eps_latest_yearly": 0.4,
            "eps_growth_yearly": 331.28
        },
        "20182": {
            "year_quarter": 20182,
            "year": 2018,
            "quarter": 2,
            "eps": 0.09,
            "eps_growth_year": -25,
            "eps_4q": 0.4,
            "eps_4q_growth_year": 20.98,
            "roe": 0.74,
            "roe_4q": 3.55,
            "gross_profit": 201090,
            "gross_margin": 23.21,
            "gross_margin_4q_avg": 23.57,
            "net_income": 15836,
            "net_income_4q": null,
            "revenue": 866553,
            "revenue_4q": null,
            "common_shares": 1843145,
            "book_valuer_per_share": 11.43,
            "book_valuer_per_share_4q_avg": 11.55,
            "equity": 2120665,
            "current_ratio": 141.38,
            "debt_ratio": 49.57,
            "inventory_turnover_ratio": 0.67,
            "account_receivable_turnover_ratio": 1.55,
            "reinvestment_rate": 96.08,
            "research_to_sale_ratio": 3.71,
            "price_fair": 11,
            "eps_avg_yearly": 0.31,
            "eps_latest_yearly": 0.36,
            "eps_growth_yearly": 285.57
        },
        "20183": {
            "year_quarter": 20183,
            "year": 2018,
            "quarter": 3,
            "eps": 0.07,
            "eps_growth_year": -63.16,
            "eps_4q": 0.28,
            "eps_4q_growth_year": -33.28,
            "roe": 0.64,
            "roe_4q": 2.5199999999999996,
            "gross_profit": 210794,
            "gross_margin": 37.78,
            "gross_margin_4q_avg": 25.3,
            "net_income": 13642,
            "net_income_4q": null,
            "revenue": 557963,
            "revenue_4q": null,
            "common_shares": 1843145,
            "book_valuer_per_share": 11.41,
            "book_valuer_per_share_4q_avg": 11.51,
            "equity": 2116735,
            "current_ratio": 140.71,
            "debt_ratio": 50.05,
            "inventory_turnover_ratio": 0.3,
            "account_receivable_turnover_ratio": 1.26,
            "reinvestment_rate": 78.92,
            "research_to_sale_ratio": 5.84,
            "price_fair": 11.6,
            "eps_avg_yearly": 0.33,
            "eps_latest_yearly": 0.28,
            "eps_growth_yearly": 302.08
        },
        "20184": {
            "year_quarter": 20184,
            "year": 2018,
            "quarter": 4,
            "eps": 0.37,
            "eps_growth_year": 1435.23,
            "eps_4q": 0.63,
            "eps_4q_growth_year": 61.55,
            "roe": 3.21,
            "roe_4q": 5.41,
            "gross_profit": 329066,
            "gross_margin": 30.99,
            "gross_margin_4q_avg": 28.67,
            "net_income": 68465,
            "net_income_4q": null,
            "revenue": 1061806,
            "revenue_4q": null,
            "common_shares": 1843145,
            "book_valuer_per_share": 11.62,
            "book_valuer_per_share_4q_avg": 11.52,
            "equity": 2155356,
            "current_ratio": 145.2,
            "debt_ratio": 49.6,
            "inventory_turnover_ratio": 0.55,
            "account_receivable_turnover_ratio": 3.28,
            "reinvestment_rate": 50.32,
            "research_to_sale_ratio": 4.37,
            "price_fair": 14.9,
            "eps_avg_yearly": 0.43,
            "eps_latest_yearly": 1.48,
            "eps_growth_yearly": 338.81
        },
        "20191": {
            "year_quarter": 20191,
            "year": 2019,
            "quarter": 1,
            "eps": 0.04,
            "eps_growth_year": -60,
            "eps_4q": 0.58,
            "eps_4q_growth_year": 32.36,
            "roe": 0.38,
            "roe_4q": 4.97,
            "gross_profit": 194546,
            "gross_margin": 32.69,
            "gross_margin_4q_avg": 31.17,
            "net_income": 8247,
            "net_income_4q": null,
            "revenue": 595194,
            "revenue_4q": null,
            "common_shares": 1843145,
            "book_valuer_per_share": 11.8,
            "book_valuer_per_share_4q_avg": 11.57,
            "equity": 2176889,
            "current_ratio": 137.05,
            "debt_ratio": 52.41,
            "inventory_turnover_ratio": 0.28,
            "account_receivable_turnover_ratio": 1.98,
            "reinvestment_rate": 14.6,
            "research_to_sale_ratio": 5.31,
            "price_fair": 14.28,
            "eps_avg_yearly": 0.41,
            "eps_latest_yearly": 0.16,
            "eps_growth_yearly": 292.44
        },
        "20192": {
            "year_quarter": 20192,
            "year": 2019,
            "quarter": 2,
            "eps": 0.14,
            "eps_growth_year": 55.56,
            "eps_4q": 0.63,
            "eps_4q_growth_year": 57.86,
            "roe": 1.18,
            "roe_4q": 5.409999999999999,
            "gross_profit": 208405,
            "gross_margin": 34.51,
            "gross_margin_4q_avg": 33.99,
            "net_income": 25388,
            "net_income_4q": null,
            "revenue": 603862,
            "revenue_4q": null,
            "common_shares": 1843145,
            "book_valuer_per_share": 11.5,
            "book_valuer_per_share_4q_avg": 11.58,
            "equity": 2122154,
            "current_ratio": 130.27,
            "debt_ratio": 54.68,
            "inventory_turnover_ratio": 0.28,
            "account_receivable_turnover_ratio": 1.4,
            "reinvestment_rate": 30.32,
            "research_to_sale_ratio": 5.07,
            "price_fair": 14.61,
            "eps_avg_yearly": 0.42,
            "eps_latest_yearly": 0.56,
            "eps_growth_yearly": 336.66
        },
        "20193": {
            "year_quarter": 20193,
            "year": 2019,
            "quarter": 3,
            "eps": 0.2,
            "eps_growth_year": 185.71,
            "eps_4q": 0.75,
            "eps_4q_growth_year": 168.86,
            "roe": 1.71,
            "roe_4q": 6.4799999999999995,
            "gross_profit": 223738,
            "gross_margin": 35.57,
            "gross_margin_4q_avg": 33.44,
            "net_income": 36517,
            "net_income_4q": null,
            "revenue": 628975,
            "revenue_4q": null,
            "common_shares": 1843145,
            "book_valuer_per_share": 11.66,
            "book_valuer_per_share_4q_avg": 11.65,
            "equity": 2151208,
            "current_ratio": 130.83,
            "debt_ratio": 54.28,
            "inventory_turnover_ratio": 0.28,
            "account_receivable_turnover_ratio": 1.11,
            "reinvestment_rate": 21.77,
            "research_to_sale_ratio": 5.02,
            "price_fair": 15.31,
            "eps_avg_yearly": 0.44,
            "eps_latest_yearly": 0.8,
            "eps_growth_yearly": 272.38
        },
        "20194": {
            "year_quarter": 20194,
            "year": 2019,
            "quarter": 4,
            "eps": 0.25,
            "eps_growth_year": -33.2,
            "eps_4q": 0.63,
            "eps_4q_growth_year": 0.27,
            "roe": 2.12,
            "roe_4q": 5.39,
            "gross_profit": 297823,
            "gross_margin": 24.58,
            "gross_margin_4q_avg": 31.84,
            "net_income": 45944,
            "net_income_4q": null,
            "revenue": 1211656,
            "revenue_4q": null,
            "common_shares": 1843145,
            "book_valuer_per_share": 11.86,
            "book_valuer_per_share_4q_avg": 11.71,
            "equity": 2188718,
            "current_ratio": 136.28,
            "debt_ratio": 51.56,
            "inventory_turnover_ratio": 0.63,
            "account_receivable_turnover_ratio": 2.45,
            "reinvestment_rate": 13.24,
            "research_to_sale_ratio": 4.32,
            "price_fair": 16.71,
            "eps_avg_yearly": 0.48,
            "eps_latest_yearly": 1,
            "eps_growth_yearly": 284.88
        },
        "20201": {
            "year_quarter": 20201,
            "year": 2020,
            "quarter": 1,
            "eps": 0.03,
            "eps_growth_year": -25,
            "eps_4q": 0.61,
            "eps_4q_growth_year": 6.3,
            "roe": 0.24,
            "roe_4q": 5.25,
            "gross_profit": 199296,
            "gross_margin": 36.25,
            "gross_margin_4q_avg": 32.73,
            "net_income": 5239,
            "net_income_4q": null,
            "revenue": 549776,
            "revenue_4q": null,
            "common_shares": 1843145,
            "book_valuer_per_share": 11.73,
            "book_valuer_per_share_4q_avg": 11.69,
            "equity": 2164923,
            "current_ratio": 134.93,
            "debt_ratio": 52.33,
            "inventory_turnover_ratio": 0.25,
            "account_receivable_turnover_ratio": 1.3,
            "reinvestment_rate": 2.68,
            "research_to_sale_ratio": 6.41,
            "price_fair": 16.63,
            "eps_avg_yearly": 0.48,
            "eps_latest_yearly": 0.12,
            "eps_growth_yearly": 276.77
        },
        "20202": {
            "year_quarter": 20202,
            "year": 2020,
            "quarter": 2,
            "eps": 0.29,
            "eps_growth_year": 107.14,
            "eps_4q": 0.76,
            "eps_4q_growth_year": 21.51,
            "roe": 2.45,
            "roe_4q": 6.5200000000000005,
            "gross_profit": 260125,
            "gross_margin": 37.51,
            "gross_margin_4q_avg": 33.48,
            "net_income": 53127,
            "net_income_4q": null,
            "revenue": 693453,
            "revenue_4q": null,
            "common_shares": 1843145,
            "book_valuer_per_share": 11.75,
            "book_valuer_per_share_4q_avg": 11.75,
            "equity": 2168740,
            "current_ratio": 137.01,
            "debt_ratio": 51.43,
            "inventory_turnover_ratio": 0.28,
            "account_receivable_turnover_ratio": 1.6,
            "reinvestment_rate": 7.68,
            "research_to_sale_ratio": 5.5,
            "price_fair": 18.55,
            "eps_avg_yearly": 0.53,
            "eps_latest_yearly": 1.16,
            "eps_growth_yearly": 474.68
        },
        "20203": {
            "year_quarter": 20203,
            "year": 2020,
            "quarter": 3,
            "eps": 0.26,
            "eps_growth_year": 30,
            "eps_4q": 0.82,
            "eps_4q_growth_year": 9.05,
            "roe": 2.15,
            "roe_4q": 6.96,
            "gross_profit": 264674,
            "gross_margin": 36.46,
            "gross_margin_4q_avg": 33.7,
            "net_income": 47119,
            "net_income_4q": null,
            "revenue": 725934,
            "revenue_4q": null,
            "common_shares": 1843145,
            "book_valuer_per_share": 12,
            "book_valuer_per_share_4q_avg": 11.84,
            "equity": 2215220,
            "current_ratio": 144.84,
            "debt_ratio": 48.32,
            "inventory_turnover_ratio": 0.28,
            "account_receivable_turnover_ratio": 1.92,
            "reinvestment_rate": -1.8,
            "research_to_sale_ratio": 5.35,
            "price_fair": 19.95,
            "eps_avg_yearly": 0.57,
            "eps_latest_yearly": 1.04,
            "eps_growth_yearly": 461.38
        },
        "20204": {
            "year_quarter": 20204,
            "year": 2020,
            "quarter": 4,
            "eps": 0.06,
            "eps_growth_year": -77.83,
            "eps_4q": 0.63,
            "eps_4q_growth_year": -0.28,
            "roe": 0.46,
            "roe_4q": 5.300000000000001,
            "gross_profit": 260816,
            "gross_margin": 24.77,
            "gross_margin_4q_avg": 33.75,
            "net_income": 10201,
            "net_income_4q": null,
            "revenue": 1052795,
            "revenue_4q": null,
            "common_shares": 1843145,
            "book_valuer_per_share": 12.05,
            "book_valuer_per_share_4q_avg": 11.88,
            "equity": 2222870,
            "current_ratio": 142.42,
            "debt_ratio": 49.47,
            "inventory_turnover_ratio": 0.54,
            "account_receivable_turnover_ratio": 2.83,
            "reinvestment_rate": 23.73,
            "research_to_sale_ratio": 4.42,
            "price_fair": 19.95,
            "eps_avg_yearly": 0.57,
            "eps_latest_yearly": 0.24,
            "eps_growth_yearly": 452.15
        },
        "20211": {
            "year_quarter": 20211,
            "year": 2021,
            "quarter": 1,
            "eps": 0.13,
            "eps_growth_year": 333.33,
            "eps_4q": 0.72,
            "eps_4q_growth_year": 18.33,
            "roe": 1.04,
            "roe_4q": 6.1,
            "gross_profit": 232635,
            "gross_margin": 34.02,
            "gross_margin_4q_avg": 33.19,
            "net_income": 23237,
            "net_income_4q": null,
            "revenue": 683754,
            "revenue_4q": null,
            "common_shares": 1843145,
            "book_valuer_per_share": 12.17,
            "book_valuer_per_share_4q_avg": 11.99,
            "equity": 2245473,
            "current_ratio": 134.1,
            "debt_ratio": 53.97,
            "inventory_turnover_ratio": 0.3,
            "account_receivable_turnover_ratio": 1.47,
            "reinvestment_rate": 30.41,
            "research_to_sale_ratio": 5.82,
            "price_fair": 20.65,
            "eps_avg_yearly": 0.59,
            "eps_latest_yearly": 0.52,
            "eps_growth_yearly": 485.49
        },
        "20212": {
            "year_quarter": 20212,
            "year": 2021,
            "quarter": 2,
            "eps": 0.16,
            "eps_growth_year": -44.83,
            "eps_4q": 0.6,
            "eps_4q_growth_year": -21.17,
            "roe": 1.36,
            "roe_4q": 5.01,
            "gross_profit": 235633,
            "gross_margin": 30.17,
            "gross_margin_4q_avg": 31.36,
            "net_income": 30441,
            "net_income_4q": null,
            "revenue": 780995,
            "revenue_4q": null,
            "common_shares": 1843145,
            "book_valuer_per_share": 12.02,
            "book_valuer_per_share_4q_avg": 12.06,
            "equity": 2218988,
            "current_ratio": 134.87,
            "debt_ratio": 52.78,
            "inventory_turnover_ratio": 0.3,
            "account_receivable_turnover_ratio": 1.91,
            "reinvestment_rate": 25.93,
            "research_to_sale_ratio": 5.31,
            "price_fair": 21,
            "eps_avg_yearly": 0.6,
            "eps_latest_yearly": 0.64,
            "eps_growth_yearly": 456.25
        },
        "20213": {
            "year_quarter": 20213,
            "year": 2021,
            "quarter": 3,
            "eps": 0.28,
            "eps_growth_year": 7.69,
            "eps_4q": 0.62,
            "eps_4q_growth_year": -24.33,
            "roe": 2.26,
            "roe_4q": 5.12,
            "gross_profit": 272072,
            "gross_margin": 38.17,
            "gross_margin_4q_avg": 31.78,
            "net_income": 50608,
            "net_income_4q": null,
            "revenue": 712802,
            "revenue_4q": null,
            "common_shares": 1843145,
            "book_valuer_per_share": 12.24,
            "book_valuer_per_share_4q_avg": 12.12,
            "equity": 2259657,
            "current_ratio": 136.1,
            "debt_ratio": 52.54,
            "inventory_turnover_ratio": 0.24,
            "account_receivable_turnover_ratio": 1.94,
            "reinvestment_rate": 21.89,
            "research_to_sale_ratio": 6.23,
            "price_fair": 21.79,
            "eps_avg_yearly": 0.62,
            "eps_latest_yearly": 1.12,
            "eps_growth_yearly": 460.42
        },
        "20214": {
            "year_quarter": 20214,
            "year": 2021,
            "quarter": 4,
            "eps": 0.24,
            "eps_growth_year": 343.68,
            "eps_4q": 0.81,
            "eps_4q_growth_year": 29.15,
            "roe": 1.98,
            "roe_4q": 6.640000000000001,
            "gross_profit": 329062,
            "gross_margin": 25.06,
            "gross_margin_4q_avg": 31.86,
            "net_income": 44975,
            "net_income_4q": null,
            "revenue": 1313040,
            "revenue_4q": null,
            "common_shares": 1843145,
            "book_valuer_per_share": 12.39,
            "book_valuer_per_share_4q_avg": 12.21,
            "equity": 2285591,
            "current_ratio": 141.71,
            "debt_ratio": 50.1,
            "inventory_turnover_ratio": 0.58,
            "account_receivable_turnover_ratio": 3.45,
            "reinvestment_rate": 20.53,
            "research_to_sale_ratio": 4.31,
            "price_fair": 23.71,
            "eps_avg_yearly": 0.68,
            "eps_latest_yearly": 0.96,
            "eps_growth_yearly": 479.22
        },
        "20221": {
            "year_quarter": 20221,
            "year": 2022,
            "quarter": 1,
            "eps": 0.31,
            "eps_growth_year": 138.46,
            "eps_4q": 1,
            "eps_4q_growth_year": 37.66,
            "roe": 2.5,
            "roe_4q": 8.1,
            "gross_profit": 298726,
            "gross_margin": 35.13,
            "gross_margin_4q_avg": 32.13,
            "net_income": 57853,
            "net_income_4q": null,
            "revenue": 850271,
            "revenue_4q": null,
            "common_shares": 1843145,
            "book_valuer_per_share": 12.69,
            "book_valuer_per_share_4q_avg": 12.34,
            "equity": 2341682,
            "current_ratio": 136.2,
            "debt_ratio": 52.66,
            "inventory_turnover_ratio": 0.35,
            "account_receivable_turnover_ratio": 1.78,
            "reinvestment_rate": 42.4,
            "research_to_sale_ratio": 5.65,
            "price_fair": 25.55,
            "eps_avg_yearly": 0.73,
            "eps_latest_yearly": 1.24,
            "eps_growth_yearly": 386.51
        },
        "20222": {
            "year_quarter": 20222,
            "year": 2022,
            "quarter": 2,
            "eps": 0.31,
            "eps_growth_year": 93.75,
            "eps_4q": 1.14,
            "eps_4q_growth_year": 89.59,
            "roe": 2.44,
            "roe_4q": 9.18,
            "gross_profit": 329235,
            "gross_margin": 30.84,
            "gross_margin_4q_avg": 32.3,
            "net_income": 56687,
            "net_income_4q": null,
            "revenue": 1067660,
            "revenue_4q": null,
            "common_shares": 1843145,
            "book_valuer_per_share": 12.52,
            "book_valuer_per_share_4q_avg": 12.46,
            "equity": 2309865,
            "current_ratio": 153.74,
            "debt_ratio": 54.22,
            "inventory_turnover_ratio": 0.45,
            "account_receivable_turnover_ratio": 1.99,
            "reinvestment_rate": 19.58,
            "research_to_sale_ratio": 4.82,
            "price_fair": 27.48,
            "eps_avg_yearly": 0.79,
            "eps_latest_yearly": 1.24,
            "eps_growth_yearly": 389.01
        },
        "20223": {
            "year_quarter": 20223,
            "year": 2022,
            "quarter": 3,
            "eps": 0.33,
            "eps_growth_year": 17.86,
            "eps_4q": 1.2,
            "eps_4q_growth_year": 92.76,
            "roe": 2.6,
            "roe_4q": 9.52,
            "gross_profit": 271645,
            "gross_margin": 36.52,
            "gross_margin_4q_avg": 31.89,
            "net_income": 60910,
            "net_income_4q": null,
            "revenue": 743838,
            "revenue_4q": null,
            "common_shares": 1843145,
            "book_valuer_per_share": 12.85,
            "book_valuer_per_share_4q_avg": 12.61,
            "equity": 2371795,
            "current_ratio": 149.24,
            "debt_ratio": 54.53,
            "inventory_turnover_ratio": 0.26,
            "account_receivable_turnover_ratio": 1.55,
            "reinvestment_rate": 20.96,
            "research_to_sale_ratio": 6.66,
            "price_fair": 29.75,
            "eps_avg_yearly": 0.85,
            "eps_latest_yearly": 1.32,
            "eps_growth_yearly": 396.18
        },
        "20224": {
            "year_quarter": 20224,
            "year": 2022,
            "quarter": 4,
            "eps": 0.09,
            "eps_growth_year": -63.17,
            "eps_4q": 1.04,
            "eps_4q_growth_year": 28.69,
            "roe": 0.69,
            "roe_4q": 8.23,
            "gross_profit": 347862,
            "gross_margin": 30.87,
            "gross_margin_4q_avg": 33.34,
            "net_income": 16558,
            "net_income_4q": null,
            "revenue": 1126873,
            "revenue_4q": null,
            "common_shares": 1843145,
            "book_valuer_per_share": 13.2,
            "book_valuer_per_share_4q_avg": 12.82,
            "equity": 2436088,
            "current_ratio": 144.22,
            "debt_ratio": 56.41,
            "inventory_turnover_ratio": 0.4,
            "account_receivable_turnover_ratio": 2.29,
            "reinvestment_rate": 82.28,
            "research_to_sale_ratio": 4.51,
            "price_fair": 27.3,
            "eps_avg_yearly": 0.78,
            "eps_latest_yearly": 0.36,
            "eps_growth_yearly": 270.85
        },
        "20231": {
            "year_quarter": 20231,
            "year": 2023,
            "quarter": 1,
            "eps": 0.42,
            "eps_growth_year": 35.48,
            "eps_4q": 1.15,
            "eps_4q_growth_year": 15.33,
            "roe": 3.13,
            "roe_4q": 8.86,
            "gross_profit": 362107,
            "gross_margin": 39.38,
            "gross_margin_4q_avg": 34.4,
            "net_income": 77837,
            "net_income_4q": null,
            "revenue": 919475,
            "revenue_4q": null,
            "common_shares": 1843145,
            "book_valuer_per_share": 13.75,
            "book_valuer_per_share_4q_avg": 13.08,
            "equity": 2537853,
            "current_ratio": 144.98,
            "debt_ratio": 55.59,
            "inventory_turnover_ratio": 0.28,
            "account_receivable_turnover_ratio": 2.07,
            "reinvestment_rate": 69.96,
            "research_to_sale_ratio": 6.04,
            "price_fair": 30.63,
            "eps_avg_yearly": 0.88,
            "eps_latest_yearly": 1.68,
            "eps_growth_yearly": 384.82
        },
        "20232": {
            "year_quarter": 20232,
            "year": 2023,
            "quarter": 2,
            "eps": 0.25,
            "eps_growth_year": -19.35,
            "eps_4q": 1.09,
            "eps_4q_growth_year": -4.52,
            "roe": 1.79,
            "roe_4q": 8.209999999999999,
            "gross_profit": 288887,
            "gross_margin": 37.5,
            "gross_margin_4q_avg": 36.07,
            "net_income": 45294,
            "net_income_4q": null,
            "revenue": 770298,
            "revenue_4q": null,
            "common_shares": 1843145,
            "book_valuer_per_share": 13.64,
            "book_valuer_per_share_4q_avg": 13.36,
            "equity": 2516935,
            "current_ratio": 156.43,
            "debt_ratio": 59.29,
            "inventory_turnover_ratio": 0.22,
            "account_receivable_turnover_ratio": 1.9,
            "reinvestment_rate": 60.88,
            "research_to_sale_ratio": 7.13,
            "price_fair": 31.59,
            "eps_avg_yearly": 0.9,
            "eps_latest_yearly": 1,
            "eps_growth_yearly": 312.2
        },
        "20233": {
            "year_quarter": 20233,
            "year": 2023,
            "quarter": 3,
            "eps": 0.33,
            "eps_growth_year": 0,
            "eps_4q": 1.09,
            "eps_4q_growth_year": -8.99,
            "roe": 2.39,
            "roe_4q": 8,
            "gross_profit": 301678,
            "gross_margin": 30.52,
            "gross_margin_4q_avg": 34.57,
            "net_income": 60926,
            "net_income_4q": null,
            "revenue": 988535,
            "revenue_4q": null,
            "common_shares": 1843145,
            "book_valuer_per_share": 13.96,
            "book_valuer_per_share_4q_avg": 13.64,
            "equity": 2576338,
            "current_ratio": 168.06,
            "debt_ratio": 56.76,
            "inventory_turnover_ratio": 0.31,
            "account_receivable_turnover_ratio": 2.69,
            "reinvestment_rate": 66.23,
            "research_to_sale_ratio": 5.29,
            "price_fair": 32.73,
            "eps_avg_yearly": 0.94,
            "eps_latest_yearly": 1.32,
            "eps_growth_yearly": 309.48
        }
    },
    "months": {
        "2001-06": {
            "month": "2001-06",
            "price": "42.51",
            "revenue": 1126219
        },
        "2001-07": {
            "month": "2001-07",
            "price": "34.20",
            "revenue": 73472
        },
        "2001-08": {
            "month": "2001-08",
            "price": "30.28",
            "revenue": 351176
        },
        "2001-09": {
            "month": "2001-09",
            "price": "24.10",
            "revenue": 566465
        },
        "2001-10": {
            "month": "2001-10",
            "price": "23.06",
            "revenue": 138825
        },
        "2001-11": {
            "month": "2001-11",
            "price": "25.77",
            "revenue": 317022
        },
        "2001-12": {
            "month": "2001-12",
            "price": "30.02",
            "revenue": 578258
        },
        "2002-01": {
            "month": "2002-01",
            "price": "31.52",
            "revenue": 154489
        },
        "2002-02": {
            "month": "2002-02",
            "price": "28.87",
            "revenue": 295396
        },
        "2002-03": {
            "month": "2002-03",
            "price": "28.68",
            "revenue": 275481
        },
        "2002-04": {
            "month": "2002-04",
            "price": "30.20",
            "revenue": 204780
        },
        "2002-05": {
            "month": "2002-05",
            "price": "25.99",
            "revenue": 215338
        },
        "2002-06": {
            "month": "2002-06",
            "price": "24.39",
            "revenue": 272933
        },
        "2002-07": {
            "month": "2002-07",
            "price": "20.00",
            "revenue": 149995
        },
        "2002-08": {
            "month": "2002-08",
            "price": "16.44",
            "revenue": 139479
        },
        "2002-09": {
            "month": "2002-09",
            "price": "14.64",
            "revenue": 334565
        },
        "2002-10": {
            "month": "2002-10",
            "price": "14.52",
            "revenue": 259088
        },
        "2002-11": {
            "month": "2002-11",
            "price": "15.71",
            "revenue": 486820
        },
        "2002-12": {
            "month": "2002-12",
            "price": "13.99",
            "revenue": 946375
        },
        "2003-01": {
            "month": "2003-01",
            "price": "13.69",
            "revenue": 169735
        },
        "2003-02": {
            "month": "2003-02",
            "price": "13.10",
            "revenue": 104871
        },
        "2003-03": {
            "month": "2003-03",
            "price": "13.60",
            "revenue": 198087
        },
        "2003-04": {
            "month": "2003-04",
            "price": "13.68",
            "revenue": 113108
        },
        "2003-05": {
            "month": "2003-05",
            "price": "14.14",
            "revenue": 187180
        },
        "2003-06": {
            "month": "2003-06",
            "price": "16.52",
            "revenue": 697211
        },
        "2003-07": {
            "month": "2003-07",
            "price": "16.74",
            "revenue": 159203
        },
        "2003-08": {
            "month": "2003-08",
            "price": "15.92",
            "revenue": 164948
        },
        "2003-09": {
            "month": "2003-09",
            "price": "15.89",
            "revenue": 416337
        },
        "2003-10": {
            "month": "2003-10",
            "price": "17.38",
            "revenue": 238899
        },
        "2003-11": {
            "month": "2003-11",
            "price": "18.00",
            "revenue": 575838
        },
        "2003-12": {
            "month": "2003-12",
            "price": "17.71",
            "revenue": 963111
        },
        "2004-01": {
            "month": "2004-01",
            "price": "19.36",
            "revenue": 338816
        },
        "2004-02": {
            "month": "2004-02",
            "price": "23.36",
            "revenue": 168945
        },
        "2004-03": {
            "month": "2004-03",
            "price": "20.42",
            "revenue": 530035
        },
        "2004-04": {
            "month": "2004-04",
            "price": "19.64",
            "revenue": 37760
        },
        "2004-05": {
            "month": "2004-05",
            "price": "15.59",
            "revenue": 208990
        },
        "2004-06": {
            "month": "2004-06",
            "price": "14.71",
            "revenue": 400571
        },
        "2004-07": {
            "month": "2004-07",
            "price": "13.39",
            "revenue": 174406
        },
        "2004-08": {
            "month": "2004-08",
            "price": "12.36",
            "revenue": 123222
        },
        "2004-09": {
            "month": "2004-09",
            "price": "12.66",
            "revenue": 352670
        },
        "2004-10": {
            "month": "2004-10",
            "price": "12.01",
            "revenue": 359426
        },
        "2004-11": {
            "month": "2004-11",
            "price": "10.96",
            "revenue": 287884
        },
        "2004-12": {
            "month": "2004-12",
            "price": "9.69",
            "revenue": 1210135
        },
        "2005-01": {
            "month": "2005-01",
            "price": "10.20",
            "revenue": 256590
        },
        "2005-02": {
            "month": "2005-02",
            "price": "10.68",
            "revenue": 140559
        },
        "2005-03": {
            "month": "2005-03",
            "price": "10.62",
            "revenue": 241085
        },
        "2005-04": {
            "month": "2005-04",
            "price": "9.31",
            "revenue": 309990
        },
        "2005-05": {
            "month": "2005-05",
            "price": "8.98",
            "revenue": 132806
        },
        "2005-06": {
            "month": "2005-06",
            "price": "9.69",
            "revenue": 480414
        },
        "2005-07": {
            "month": "2005-07",
            "price": "10.52",
            "revenue": 115784
        },
        "2005-08": {
            "month": "2005-08",
            "price": "9.31",
            "revenue": 149135
        },
        "2005-09": {
            "month": "2005-09",
            "price": "8.17",
            "revenue": 282490
        },
        "2005-10": {
            "month": "2005-10",
            "price": "7.07",
            "revenue": 149537
        },
        "2005-11": {
            "month": "2005-11",
            "price": "6.40",
            "revenue": 151121
        },
        "2005-12": {
            "month": "2005-12",
            "price": "6.92",
            "revenue": 690113
        },
        "2006-01": {
            "month": "2006-01",
            "price": "7.16",
            "revenue": 87298
        },
        "2006-02": {
            "month": "2006-02",
            "price": "6.53",
            "revenue": 75992
        },
        "2006-03": {
            "month": "2006-03",
            "price": "6.34",
            "revenue": 615785
        },
        "2006-04": {
            "month": "2006-04",
            "price": "6.62",
            "revenue": 148469
        },
        "2006-05": {
            "month": "2006-05",
            "price": "7.51",
            "revenue": 119579
        },
        "2006-06": {
            "month": "2006-06",
            "price": "6.50",
            "revenue": 300964
        },
        "2006-07": {
            "month": "2006-07",
            "price": "6.24",
            "revenue": 160366
        },
        "2006-08": {
            "month": "2006-08",
            "price": "6.34",
            "revenue": 104568
        },
        "2006-09": {
            "month": "2006-09",
            "price": "6.28",
            "revenue": 291319
        },
        "2006-10": {
            "month": "2006-10",
            "price": "6.66",
            "revenue": 110927
        },
        "2006-11": {
            "month": "2006-11",
            "price": "7.07",
            "revenue": 115561
        },
        "2006-12": {
            "month": "2006-12",
            "price": "8.12",
            "revenue": 432360
        },
        "2007-01": {
            "month": "2007-01",
            "price": "8.96",
            "revenue": 111938
        },
        "2007-02": {
            "month": "2007-02",
            "price": "8.12",
            "revenue": 86605
        },
        "2007-03": {
            "month": "2007-03",
            "price": "8.22",
            "revenue": 187802
        },
        "2007-04": {
            "month": "2007-04",
            "price": "8.80",
            "revenue": 129493
        },
        "2007-05": {
            "month": "2007-05",
            "price": "8.04",
            "revenue": 135399
        },
        "2007-06": {
            "month": "2007-06",
            "price": "8.32",
            "revenue": 206999
        },
        "2007-07": {
            "month": "2007-07",
            "price": "9.86",
            "revenue": 90866
        },
        "2007-08": {
            "month": "2007-08",
            "price": "8.75",
            "revenue": 69332
        },
        "2007-09": {
            "month": "2007-09",
            "price": "8.09",
            "revenue": 97611
        },
        "2007-10": {
            "month": "2007-10",
            "price": "7.86",
            "revenue": 109909
        },
        "2007-11": {
            "month": "2007-11",
            "price": "7.16",
            "revenue": 88854
        },
        "2007-12": {
            "month": "2007-12",
            "price": "6.13",
            "revenue": 95177
        },
        "2008-01": {
            "month": "2008-01",
            "price": "6.72",
            "revenue": 105989
        },
        "2008-02": {
            "month": "2008-02",
            "price": "6.94",
            "revenue": 95030
        },
        "2008-03": {
            "month": "2008-03",
            "price": "7.17",
            "revenue": 206701
        },
        "2008-04": {
            "month": "2008-04",
            "price": "7.74",
            "revenue": 109601
        },
        "2008-05": {
            "month": "2008-05",
            "price": "8.03",
            "revenue": 139224
        },
        "2008-06": {
            "month": "2008-06",
            "price": "6.97",
            "revenue": 354231
        },
        "2008-07": {
            "month": "2008-07",
            "price": "6.48",
            "revenue": 157064
        },
        "2008-08": {
            "month": "2008-08",
            "price": "7.10",
            "revenue": 125983
        },
        "2008-09": {
            "month": "2008-09",
            "price": "6.11",
            "revenue": 107828
        },
        "2008-10": {
            "month": "2008-10",
            "price": "5.12",
            "revenue": 104063
        },
        "2008-11": {
            "month": "2008-11",
            "price": "4.74",
            "revenue": 81721
        },
        "2008-12": {
            "month": "2008-12",
            "price": "5.56",
            "revenue": 256780
        },
        "2009-01": {
            "month": "2009-01",
            "price": "6.00",
            "revenue": 62994
        },
        "2009-02": {
            "month": "2009-02",
            "price": "5.55",
            "revenue": 160999
        },
        "2009-03": {
            "month": "2009-03",
            "price": "6.22",
            "revenue": 77936
        },
        "2009-04": {
            "month": "2009-04",
            "price": "6.81",
            "revenue": 85420
        },
        "2009-05": {
            "month": "2009-05",
            "price": "6.90",
            "revenue": 127194
        },
        "2009-06": {
            "month": "2009-06",
            "price": "6.49",
            "revenue": 100032
        },
        "2009-07": {
            "month": "2009-07",
            "price": "6.26",
            "revenue": 80274
        },
        "2009-08": {
            "month": "2009-08",
            "price": "6.22",
            "revenue": 107354
        },
        "2009-09": {
            "month": "2009-09",
            "price": "6.92",
            "revenue": 177089
        },
        "2009-10": {
            "month": "2009-10",
            "price": "7.80",
            "revenue": 172203
        },
        "2009-11": {
            "month": "2009-11",
            "price": "8.32",
            "revenue": 167100
        },
        "2009-12": {
            "month": "2009-12",
            "price": "10.48",
            "revenue": 268137
        },
        "2010-01": {
            "month": "2010-01",
            "price": "9.98",
            "revenue": 127302
        },
        "2010-02": {
            "month": "2010-02",
            "price": "8.41",
            "revenue": 83432
        },
        "2010-03": {
            "month": "2010-03",
            "price": "9.13",
            "revenue": 123638
        },
        "2010-04": {
            "month": "2010-04",
            "price": "9.40",
            "revenue": 95045
        },
        "2010-05": {
            "month": "2010-05",
            "price": "8.89",
            "revenue": 83505
        },
        "2010-06": {
            "month": "2010-06",
            "price": "10.07",
            "revenue": 111619
        },
        "2010-07": {
            "month": "2010-07",
            "price": "17.34",
            "revenue": 188145
        },
        "2010-08": {
            "month": "2010-08",
            "price": "20.44",
            "revenue": 139562
        },
        "2010-09": {
            "month": "2010-09",
            "price": "19.25",
            "revenue": 141017
        },
        "2010-10": {
            "month": "2010-10",
            "price": "20.49",
            "revenue": 124689
        },
        "2010-11": {
            "month": "2010-11",
            "price": "17.77",
            "revenue": 140195
        },
        "2010-12": {
            "month": "2010-12",
            "price": "17.59",
            "revenue": 281792
        },
        "2011-01": {
            "month": "2011-01",
            "price": "16.65",
            "revenue": 148089
        },
        "2011-02": {
            "month": "2011-02",
            "price": "15.22",
            "revenue": 156157
        },
        "2011-03": {
            "month": "2011-03",
            "price": "13.94",
            "revenue": 203455
        },
        "2011-04": {
            "month": "2011-04",
            "price": "14.49",
            "revenue": 93649
        },
        "2011-05": {
            "month": "2011-05",
            "price": "15.70",
            "revenue": 124724
        },
        "2011-06": {
            "month": "2011-06",
            "price": "14.81",
            "revenue": 82432
        },
        "2011-07": {
            "month": "2011-07",
            "price": "13.75",
            "revenue": 108411
        },
        "2011-08": {
            "month": "2011-08",
            "price": "15.68",
            "revenue": 78581
        },
        "2011-09": {
            "month": "2011-09",
            "price": "16.09",
            "revenue": 132159
        },
        "2011-10": {
            "month": "2011-10",
            "price": "13.83",
            "revenue": 167145
        },
        "2011-11": {
            "month": "2011-11",
            "price": "11.91",
            "revenue": 150673
        },
        "2011-12": {
            "month": "2011-12",
            "price": "9.63",
            "revenue": 190562
        },
        "2012-01": {
            "month": "2012-01",
            "price": "10.26",
            "revenue": 155766
        },
        "2012-02": {
            "month": "2012-02",
            "price": "13.08",
            "revenue": 137779
        },
        "2012-03": {
            "month": "2012-03",
            "price": "12.97",
            "revenue": 169068
        },
        "2012-04": {
            "month": "2012-04",
            "price": "10.60",
            "revenue": 116380
        },
        "2012-05": {
            "month": "2012-05",
            "price": "10.28",
            "revenue": 114568
        },
        "2012-06": {
            "month": "2012-06",
            "price": "9.99",
            "revenue": 138640
        },
        "2012-07": {
            "month": "2012-07",
            "price": "9.70",
            "revenue": 102584
        },
        "2012-08": {
            "month": "2012-08",
            "price": "9.72",
            "revenue": 145868
        },
        "2012-09": {
            "month": "2012-09",
            "price": "10.29",
            "revenue": 100290
        },
        "2012-10": {
            "month": "2012-10",
            "price": "9.35",
            "revenue": 177167
        },
        "2012-11": {
            "month": "2012-11",
            "price": "8.07",
            "revenue": 177034
        },
        "2012-12": {
            "month": "2012-12",
            "price": "8.92",
            "revenue": 345356
        },
        "2013-01": {
            "month": "2013-01",
            "price": "9.18",
            "revenue": 203896
        },
        "2013-02": {
            "month": "2013-02",
            "price": "9.01",
            "revenue": 141293
        },
        "2013-03": {
            "month": "2013-03",
            "price": "8.99",
            "revenue": 270638
        },
        "2013-04": {
            "month": "2013-04",
            "price": "8.76",
            "revenue": 106151
        },
        "2013-05": {
            "month": "2013-05",
            "price": "8.90",
            "revenue": 237506
        },
        "2013-06": {
            "month": "2013-06",
            "price": "8.85",
            "revenue": 127355
        },
        "2013-07": {
            "month": "2013-07",
            "price": "8.59",
            "revenue": 147941
        },
        "2013-08": {
            "month": "2013-08",
            "price": "8.62",
            "revenue": 107998
        },
        "2013-09": {
            "month": "2013-09",
            "price": "8.47",
            "revenue": 285112
        },
        "2013-10": {
            "month": "2013-10",
            "price": "8.72",
            "revenue": 126520
        },
        "2013-11": {
            "month": "2013-11",
            "price": "8.53",
            "revenue": 153664
        },
        "2013-12": {
            "month": "2013-12",
            "price": "8.62",
            "revenue": 321453
        },
        "2014-01": {
            "month": "2014-01",
            "price": "8.79",
            "revenue": 96083
        },
        "2014-02": {
            "month": "2014-02",
            "price": "8.71",
            "revenue": 102706
        },
        "2014-03": {
            "month": "2014-03",
            "price": "9.33",
            "revenue": 202157
        },
        "2014-04": {
            "month": "2014-04",
            "price": "9.65",
            "revenue": 110251
        },
        "2014-05": {
            "month": "2014-05",
            "price": "9.12",
            "revenue": 104304
        },
        "2014-06": {
            "month": "2014-06",
            "price": "9.50",
            "revenue": 205704
        },
        "2014-07": {
            "month": "2014-07",
            "price": "9.56",
            "revenue": 122924
        },
        "2014-08": {
            "month": "2014-08",
            "price": "9.17",
            "revenue": 105279
        },
        "2014-09": {
            "month": "2014-09",
            "price": "9.13",
            "revenue": 142527
        },
        "2014-10": {
            "month": "2014-10",
            "price": "7.98",
            "revenue": 179920
        },
        "2014-11": {
            "month": "2014-11",
            "price": "7.98",
            "revenue": 128252
        },
        "2014-12": {
            "month": "2014-12",
            "price": "8.41",
            "revenue": 426492
        },
        "2015-01": {
            "month": "2015-01",
            "price": "8.97",
            "revenue": 186633
        },
        "2015-02": {
            "month": "2015-02",
            "price": "8.76",
            "revenue": 185369
        },
        "2015-03": {
            "month": "2015-03",
            "price": "9.00",
            "revenue": 84489
        },
        "2015-04": {
            "month": "2015-04",
            "price": "8.82",
            "revenue": 118312
        },
        "2015-05": {
            "month": "2015-05",
            "price": "8.40",
            "revenue": 93799
        },
        "2015-06": {
            "month": "2015-06",
            "price": "7.36",
            "revenue": 157552
        },
        "2015-07": {
            "month": "2015-07",
            "price": "6.79",
            "revenue": 161344
        },
        "2015-08": {
            "month": "2015-08",
            "price": "5.76",
            "revenue": 107503
        },
        "2015-09": {
            "month": "2015-09",
            "price": "5.91",
            "revenue": 149490
        },
        "2015-10": {
            "month": "2015-10",
            "price": "6.47",
            "revenue": 180623
        },
        "2015-11": {
            "month": "2015-11",
            "price": "6.47",
            "revenue": 370851
        },
        "2015-12": {
            "month": "2015-12",
            "price": "6.37",
            "revenue": 467054
        },
        "2016-01": {
            "month": "2016-01",
            "price": "6.06",
            "revenue": 132451
        },
        "2016-02": {
            "month": "2016-02",
            "price": "6.02",
            "revenue": 122400
        },
        "2016-03": {
            "month": "2016-03",
            "price": "6.34",
            "revenue": 289585
        },
        "2016-04": {
            "month": "2016-04",
            "price": "6.30",
            "revenue": 164934
        },
        "2016-05": {
            "month": "2016-05",
            "price": "6.02",
            "revenue": 186753
        },
        "2016-06": {
            "month": "2016-06",
            "price": "6.09",
            "revenue": 172242
        },
        "2016-07": {
            "month": "2016-07",
            "price": "7.10",
            "revenue": 161592
        },
        "2016-08": {
            "month": "2016-08",
            "price": "7.31",
            "revenue": 146501
        },
        "2016-09": {
            "month": "2016-09",
            "price": "7.36",
            "revenue": 142971
        },
        "2016-10": {
            "month": "2016-10",
            "price": "6.95",
            "revenue": 156041
        },
        "2016-11": {
            "month": "2016-11",
            "price": "6.82",
            "revenue": 162043
        },
        "2016-12": {
            "month": "2016-12",
            "price": "7.09",
            "revenue": 859428
        },
        "2017-01": {
            "month": "2017-01",
            "price": "7.91",
            "revenue": 190558
        },
        "2017-02": {
            "month": "2017-02",
            "price": "8.41",
            "revenue": 184131
        },
        "2017-03": {
            "month": "2017-03",
            "price": "8.75",
            "revenue": 222663
        },
        "2017-04": {
            "month": "2017-04",
            "price": "8.25",
            "revenue": 164976
        },
        "2017-05": {
            "month": "2017-05",
            "price": "7.93",
            "revenue": 171070
        },
        "2017-06": {
            "month": "2017-06",
            "price": "7.84",
            "revenue": 217451
        },
        "2017-07": {
            "month": "2017-07",
            "price": "8.59",
            "revenue": 161126
        },
        "2017-08": {
            "month": "2017-08",
            "price": "8.45",
            "revenue": 289111
        },
        "2017-09": {
            "month": "2017-09",
            "price": "8.90",
            "revenue": 251058
        },
        "2017-10": {
            "month": "2017-10",
            "price": "9.08",
            "revenue": 394564
        },
        "2017-11": {
            "month": "2017-11",
            "price": "9.91",
            "revenue": 309036
        },
        "2017-12": {
            "month": "2017-12",
            "price": "10.02",
            "revenue": 741353
        },
        "2018-01": {
            "month": "2018-01",
            "price": "11.94",
            "revenue": 324735
        },
        "2018-02": {
            "month": "2018-02",
            "price": "11.92",
            "revenue": 86023
        },
        "2018-03": {
            "month": "2018-03",
            "price": "12.01",
            "revenue": 456963
        },
        "2018-04": {
            "month": "2018-04",
            "price": "11.64",
            "revenue": 194665
        },
        "2018-05": {
            "month": "2018-05",
            "price": "10.82",
            "revenue": 248130
        },
        "2018-06": {
            "month": "2018-06",
            "price": "11.04",
            "revenue": 423757
        },
        "2018-07": {
            "month": "2018-07",
            "price": "10.84",
            "revenue": 187657
        },
        "2018-08": {
            "month": "2018-08",
            "price": "10.42",
            "revenue": 142670
        },
        "2018-09": {
            "month": "2018-09",
            "price": "10.14",
            "revenue": 227637
        },
        "2018-10": {
            "month": "2018-10",
            "price": "10.48",
            "revenue": 296624
        },
        "2018-11": {
            "month": "2018-11",
            "price": "11.40",
            "revenue": 198646
        },
        "2018-12": {
            "month": "2018-12",
            "price": "11.35",
            "revenue": 566536
        },
        "2019-01": {
            "month": "2019-01",
            "price": "10.65",
            "revenue": 246236
        },
        "2019-02": {
            "month": "2019-02",
            "price": "10.50",
            "revenue": 125728
        },
        "2019-03": {
            "month": "2019-03",
            "price": "10.71",
            "revenue": 223230
        },
        "2019-04": {
            "month": "2019-04",
            "price": "10.77",
            "revenue": 176784
        },
        "2019-05": {
            "month": "2019-05",
            "price": "10.29",
            "revenue": 147577
        },
        "2019-06": {
            "month": "2019-06",
            "price": "10.29",
            "revenue": 279501
        },
        "2019-07": {
            "month": "2019-07",
            "price": "10.38",
            "revenue": 265244
        },
        "2019-08": {
            "month": "2019-08",
            "price": "10.25",
            "revenue": 226340
        },
        "2019-09": {
            "month": "2019-09",
            "price": "10.51",
            "revenue": 137391
        },
        "2019-10": {
            "month": "2019-10",
            "price": "10.61",
            "revenue": 227199
        },
        "2019-11": {
            "month": "2019-11",
            "price": "10.77",
            "revenue": 194259
        },
        "2019-12": {
            "month": "2019-12",
            "price": "10.62",
            "revenue": 790198
        },
        "2020-01": {
            "month": "2020-01",
            "price": "10.84",
            "revenue": 149467
        },
        "2020-02": {
            "month": "2020-02",
            "price": "10.62",
            "revenue": 109202
        },
        "2020-03": {
            "month": "2020-03",
            "price": "9.86",
            "revenue": 291108
        },
        "2020-04": {
            "month": "2020-04",
            "price": "9.97",
            "revenue": 164422
        },
        "2020-05": {
            "month": "2020-05",
            "price": "10.06",
            "revenue": 161818
        },
        "2020-06": {
            "month": "2020-06",
            "price": "10.25",
            "revenue": 367213
        },
        "2020-07": {
            "month": "2020-07",
            "price": "10.60",
            "revenue": 231780
        },
        "2020-08": {
            "month": "2020-08",
            "price": "10.42",
            "revenue": 250204
        },
        "2020-09": {
            "month": "2020-09",
            "price": "10.62",
            "revenue": 243950
        },
        "2020-10": {
            "month": "2020-10",
            "price": "10.46",
            "revenue": 232404
        },
        "2020-11": {
            "month": "2020-11",
            "price": "10.75",
            "revenue": 191162
        },
        "2020-12": {
            "month": "2020-12",
            "price": "11.73",
            "revenue": 629228
        },
        "2021-01": {
            "month": "2021-01",
            "price": "11.46",
            "revenue": 318180
        },
        "2021-02": {
            "month": "2021-02",
            "price": "11.37",
            "revenue": 177770
        },
        "2021-03": {
            "month": "2021-03",
            "price": "11.55",
            "revenue": 187805
        },
        "2021-04": {
            "month": "2021-04",
            "price": "12.06",
            "revenue": 272306
        },
        "2021-05": {
            "month": "2021-05",
            "price": "11.68",
            "revenue": 239904
        },
        "2021-06": {
            "month": "2021-06",
            "price": "11.28",
            "revenue": 268786
        },
        "2021-07": {
            "month": "2021-07",
            "price": "11.19",
            "revenue": 285759
        },
        "2021-08": {
            "month": "2021-08",
            "price": "10.76",
            "revenue": 219788
        },
        "2021-09": {
            "month": "2021-09",
            "price": "10.71",
            "revenue": 207254
        },
        "2021-10": {
            "month": "2021-10",
            "price": "10.54",
            "revenue": 290133
        },
        "2021-11": {
            "month": "2021-11",
            "price": "10.82",
            "revenue": 330951
        },
        "2021-12": {
            "month": "2021-12",
            "price": "11.68",
            "revenue": 691956
        },
        "2022-01": {
            "month": "2022-01",
            "price": "13.33",
            "revenue": 276056
        },
        "2022-02": {
            "month": "2022-02",
            "price": "13.00",
            "revenue": 241580
        },
        "2022-03": {
            "month": "2022-03",
            "price": "12.73",
            "revenue": 332635
        },
        "2022-04": {
            "month": "2022-04",
            "price": "12.41",
            "revenue": 239726
        },
        "2022-05": {
            "month": "2022-05",
            "price": "12.30",
            "revenue": 353374
        },
        "2022-06": {
            "month": "2022-06",
            "price": "12.76",
            "revenue": 474560
        },
        "2022-07": {
            "month": "2022-07",
            "price": "13.01",
            "revenue": 254536
        },
        "2022-08": {
            "month": "2022-08",
            "price": "13.02",
            "revenue": 256713
        },
        "2022-09": {
            "month": "2022-09",
            "price": "12.34",
            "revenue": 232589
        },
        "2022-10": {
            "month": "2022-10",
            "price": "11.01",
            "revenue": 273261
        },
        "2022-11": {
            "month": "2022-11",
            "price": "11.48",
            "revenue": 369676
        },
        "2022-12": {
            "month": "2022-12",
            "price": "11.98",
            "revenue": 483936
        },
        "2023-01": {
            "month": "2023-01",
            "price": "12.00",
            "revenue": 266566
        },
        "2023-02": {
            "month": "2023-02",
            "price": "12.57",
            "revenue": 391953
        },
        "2023-03": {
            "month": "2023-03",
            "price": "14.12",
            "revenue": 260956
        },
        "2023-04": {
            "month": "2023-04",
            "price": "15.11",
            "revenue": 234700
        },
        "2023-05": {
            "month": "2023-05",
            "price": "19.30",
            "revenue": 263140
        },
        "2023-06": {
            "month": "2023-06",
            "price": "26.31",
            "revenue": 272458
        },
        "2023-07": {
            "month": "2023-07",
            "price": "28.89",
            "revenue": 262646
        },
        "2023-08": {
            "month": "2023-08",
            "price": "24.08",
            "revenue": 320063
        },
        "2023-09": {
            "month": "2023-09",
            "price": "24.88",
            "revenue": 405826
        },
        "2023-10": {
            "month": "2023-10",
            "price": "27.60",
            "revenue": 274909
        },
        "2023-11": {
            "month": "2023-11",
            "price": "27.92",
            "revenue": 366327
        },
        "2023-12": {
            "month": "2023-12",
            "price": "26.41",
            "revenue": 651534
        }
    }
}
