{
    "summary": {
        "stock_name": "興勤",
        "stock_id": "2428",
        "category": "電子零組件",
        "main_business": "機械陶瓷.熱敏電阻.變阻體.陶瓷電容器製造加工買賣<br>精密電子儀器.電子零件之製造加工買賣",
        "website_url": "http://www.thinking.com.tw",
        "ceo": "何益盛",
        "pe_ratio": 16,
        "report_year_from": 2001,
        "report_year_to": 2023,
        "age": 23,
        "eps_negative_percentage": 0,
        "eps_growth_avg": {
            "last_all": 13.82,
            "last_2y": -1.27,
            "last_4y": 6.77,
            "last_8y": 9.56,
            "last_12y": 7.62,
            "last_16y": 12.01,
            "last_20y": 13.18,
            "at_2006_last_3y": 18.16,
            "at_2007_last_3y": 19.32,
            "at_2008_last_3y": 6.08,
            "at_2009_last_3y": 47.89,
            "at_2010_last_3y": 26.27,
            "at_2011_last_3y": 10.15,
            "at_2012_last_3y": 21.7,
            "at_2013_last_3y": 1.35,
            "at_2014_last_3y": 3.25,
            "at_2015_last_3y": 14.34,
            "at_2016_last_3y": 20.21,
            "at_2017_last_3y": 20.68,
            "at_2018_last_3y": 13.04,
            "at_2019_last_3y": 13.76,
            "at_2020_last_3y": 12.18,
            "at_2021_last_3y": 10.53,
            "at_2022_last_3y": 9.66,
            "at_2023_last_3y": 5.08,
            "at_2024_last_3y": 5.08,
            "at_2006_last_all": 19.98,
            "at_2007_last_all": 21.79,
            "at_2008_last_all": 13.07,
            "at_2009_last_all": 23.93,
            "at_2010_last_all": 22.78,
            "at_2011_last_all": 17.13,
            "at_2012_last_all": 16.21,
            "at_2013_last_all": 16.4,
            "at_2014_last_all": 16.77,
            "at_2015_last_all": 16.33,
            "at_2016_last_all": 17.27,
            "at_2017_last_all": 17.47,
            "at_2018_last_all": 15.89,
            "at_2019_last_all": 15.76,
            "at_2020_last_all": 16.2,
            "at_2021_last_all": 16.08,
            "at_2022_last_all": 14.7,
            "at_2023_last_all": 13.82,
            "at_2024_last_all": 13.82
        },
        "latest_eps": 10.21,
        "latest_price": 165,
        "latest_roe": 14.26,
        "latest_gross_margin": 41.83,
        "latest_equity": 9447813,
        "latest_revenue": 1778191,
        "latest_gross_profit": 743774,
        "latest_net_income": 358926,
        "latest_debt_ratio": 30.78,
        "latest_current_ratio": 487.48,
        "latest_account_receivable_turnover_ratio": 0.74,
        "latest_inventory_turnover_ratio": 0.82,
        "latest_reinvestment_rate": 29.45,
        "latest_research_to_sale_ratio": 5.63
    },
    "eps_dividends": {
        "1998": {
            "cash": 0,
            "stock": 4.5,
            "eps": 0
        },
        "1999": {
            "cash": 0,
            "stock": 3,
            "eps": 0
        },
        "2001": {
            "cash": 0.2,
            "stock": 0.8,
            "eps": 1.32
        },
        "2002": {
            "cash": 0.3,
            "stock": 0.7,
            "eps": 1.68
        },
        "2003": {
            "cash": 0.6,
            "stock": 0.6,
            "eps": 2.12
        },
        "2004": {
            "cash": 0.8,
            "stock": 0.8,
            "eps": 2.41
        },
        "2005": {
            "cash": 1.5,
            "stock": 0,
            "eps": 0.79
        },
        "2006": {
            "cash": 0.6,
            "stock": 0,
            "eps": 2.53
        },
        "2007": {
            "cash": 0.9,
            "stock": 0.9,
            "eps": 3.31
        },
        "2008": {
            "cash": 1.7,
            "stock": 0,
            "eps": 2.01
        },
        "2009": {
            "cash": 1.05,
            "stock": 0,
            "eps": 4.21
        },
        "2010": {
            "cash": 2,
            "stock": 0,
            "eps": 4.78
        },
        "2011": {
            "cash": 4,
            "stock": 0,
            "eps": 3.17
        },
        "2012": {
            "cash": 0,
            "stock": 0,
            "eps": 3.39
        },
        "2013": {
            "cash": 1.9,
            "stock": 0,
            "eps": 4.02
        },
        "2014": {
            "cash": 2,
            "stock": 0,
            "eps": 4.87
        },
        "2015": {
            "cash": 2.1,
            "stock": 0,
            "eps": 5.39
        },
        "2016": {
            "cash": 2.5,
            "stock": 0,
            "eps": 7.03
        },
        "2017": {
            "cash": 3.3,
            "stock": 0,
            "eps": 8.47
        },
        "2018": {
            "cash": 4,
            "stock": 0,
            "eps": 7.67
        },
        "2019": {
            "cash": 3.8,
            "stock": 0,
            "eps": 8.71
        },
        "2020": {
            "cash": 4.2,
            "stock": 0,
            "eps": 10.81
        },
        "2021": {
            "cash": 5.5,
            "stock": 0,
            "eps": 12.31
        },
        "2022": {
            "cash": 6.3,
            "stock": 0,
            "eps": 10.72
        },
        "2023": {
            "cash": 5.4,
            "stock": 0,
            "eps": 10.21
        },
        "2024": {
            "cash": 5.2,
            "stock": 0,
            "eps": 0
        }
    },
    "dividends": {
        "1998-03-14": {
            "cash": 0,
            "stock": 4.5
        },
        "1999-04-12": {
            "cash": 0,
            "stock": 3
        },
        "2001-06-12": {
            "cash": 0.2,
            "stock": 0.8
        },
        "2002-06-12": {
            "cash": 0.3,
            "stock": 0.7
        },
        "2003-04-09": {
            "cash": 0.6,
            "stock": 0.6
        },
        "2004-03-29": {
            "cash": 0.8,
            "stock": 0.8
        },
        "2005-04-29": {
            "cash": 1.5,
            "stock": 0
        },
        "2006-04-28": {
            "cash": 0.6,
            "stock": 0
        },
        "2007-04-18": {
            "cash": 0.9,
            "stock": 0.9
        },
        "2008-04-18": {
            "cash": 1.7,
            "stock": 0
        },
        "2009-04-27": {
            "cash": 1.05,
            "stock": 0
        },
        "2010-04-26": {
            "cash": 2,
            "stock": 0
        },
        "2011-01-01": {
            "cash": 1.6,
            "stock": 0
        },
        "2011-03-17": {
            "cash": 2.4,
            "stock": 0
        },
        "2013-03-20": {
            "cash": 1.9,
            "stock": 0
        },
        "2014-09-19": {
            "cash": 2,
            "stock": 0
        },
        "2015-09-18": {
            "cash": 2.1,
            "stock": 0
        },
        "2016-11-18": {
            "cash": 2.5,
            "stock": 0
        },
        "2017-09-15": {
            "cash": 3.3,
            "stock": 0
        },
        "2018-09-14": {
            "cash": 4,
            "stock": 0
        },
        "2019-09-20": {
            "cash": 3.8,
            "stock": 0
        },
        "2020-09-18": {
            "cash": 4.2,
            "stock": 0
        },
        "2021-09-17": {
            "cash": 5.5,
            "stock": 0
        },
        "2022-09-16": {
            "cash": 6.3,
            "stock": 0
        },
        "2023-09-22": {
            "cash": 5.4,
            "stock": 0
        },
        "2024-02-26": {
            "cash": 5.2,
            "stock": 0
        }
    },
    "prices": {
        "200101": "17.47",
        "200102": "21.91",
        "200103": "29.19",
        "200104": "36.48",
        "200105": "30.61",
        "200106": "30.60",
        "200107": "22.09",
        "200108": "22.14",
        "200109": "22.34",
        "200110": "22.42",
        "200111": "26.20",
        "200112": "29.30",
        "200201": "28.94",
        "200202": "28.56",
        "200203": "29.12",
        "200204": "30.37",
        "200205": "26.67",
        "200206": "25.92",
        "200207": "22.45",
        "200208": "20.66",
        "200209": "22.28",
        "200210": "22.57",
        "200211": "23.91",
        "200212": "23.45",
        "200301": "22.57",
        "200302": "20.83",
        "200303": "20.69",
        "200304": "21.05",
        "200305": "21.88",
        "200306": "24.54",
        "200307": "24.53",
        "200308": "24.00",
        "200309": "23.55",
        "200310": "23.95",
        "200311": "26.69",
        "200312": "27.63",
        "200401": "27.26",
        "200402": "27.34",
        "200403": "26.35",
        "200404": "25.93",
        "200405": "22.57",
        "200406": "21.65",
        "200407": "19.90",
        "200408": "18.88",
        "200409": "20.75",
        "200410": "20.36",
        "200411": "18.90",
        "200412": "18.11",
        "200501": "17.91",
        "200502": "18.45",
        "200503": "19.65",
        "200504": "18.25",
        "200505": "17.38",
        "200506": "18.44",
        "200507": "19.42",
        "200508": "18.18",
        "200509": "17.22",
        "200510": "17.04",
        "200511": "17.42",
        "200512": "19.90",
        "200601": "25.00",
        "200602": "22.87",
        "200603": "26.00",
        "200604": "25.64",
        "200605": "25.02",
        "200606": "21.42",
        "200607": "21.63",
        "200608": "22.76",
        "200609": "24.16",
        "200610": "25.14",
        "200611": "25.27",
        "200612": "26.39",
        "200701": "26.70",
        "200702": "26.48",
        "200703": "31.38",
        "200704": "32.67",
        "200705": "31.67",
        "200706": "39.91",
        "200707": "44.05",
        "200708": "45.44",
        "200709": "43.53",
        "200710": "42.84",
        "200711": "34.56",
        "200712": "29.11",
        "200801": "26.33",
        "200802": "25.69",
        "200803": "27.38",
        "200804": "28.26",
        "200805": "28.15",
        "200806": "25.95",
        "200807": "20.00",
        "200808": "20.90",
        "200809": "19.09",
        "200810": "15.60",
        "200811": "12.93",
        "200812": "12.27",
        "200901": "12.24",
        "200902": "13.07",
        "200903": "15.42",
        "200904": "17.03",
        "200905": "20.51",
        "200906": "19.54",
        "200907": "23.74",
        "200908": "30.44",
        "200909": "39.99",
        "200910": "49.98",
        "200911": "52.70",
        "200912": "59.23",
        "201001": "58.02",
        "201002": "54.43",
        "201003": "54.87",
        "201004": "55.88",
        "201005": "48.86",
        "201006": "47.49",
        "201007": "46.97",
        "201008": "51.56",
        "201009": "48.54",
        "201010": "47.42",
        "201011": "45.12",
        "201012": "47.02",
        "201101": "46.20",
        "201102": "45.88",
        "201103": "48.49",
        "201104": "48.84",
        "201105": "44.93",
        "201106": "43.25",
        "201107": "39.95",
        "201108": "30.44",
        "201109": "25.60",
        "201110": "25.63",
        "201111": "26.94",
        "201112": "25.63",
        "201201": "27.14",
        "201202": "31.28",
        "201203": "31.96",
        "201204": "28.78",
        "201205": "28.78",
        "201206": "27.12",
        "201207": "26.10",
        "201208": "30.00",
        "201209": "29.50",
        "201210": "27.60",
        "201211": "27.50",
        "201212": "28.35",
        "201301": "28.78",
        "201302": "31.79",
        "201303": "32.09",
        "201304": "31.12",
        "201305": "31.25",
        "201306": "31.10",
        "201307": "31.66",
        "201308": "34.35",
        "201309": "34.18",
        "201310": "34.16",
        "201311": "34.93",
        "201312": "39.24",
        "201401": "41.39",
        "201402": "40.33",
        "201403": "43.23",
        "201404": "49.67",
        "201405": "51.83",
        "201406": "52.10",
        "201407": "49.78",
        "201408": "46.88",
        "201409": "45.96",
        "201410": "43.03",
        "201411": "44.00",
        "201412": "45.44",
        "201501": "44.99",
        "201502": "46.19",
        "201503": "47.26",
        "201504": "44.18",
        "201505": "42.89",
        "201506": "42.48",
        "201507": "42.38",
        "201508": "40.32",
        "201509": "39.57",
        "201510": "43.22",
        "201511": "46.97",
        "201512": "53.57",
        "201601": "49.72",
        "201602": "53.13",
        "201603": "54.88",
        "201604": "51.42",
        "201605": "48.39",
        "201606": "49.55",
        "201607": "50.90",
        "201608": "55.56",
        "201609": "62.13",
        "201610": "64.92",
        "201611": "61.01",
        "201612": "62.93",
        "201701": "66.37",
        "201702": "68.89",
        "201703": "67.97",
        "201704": "65.84",
        "201705": "78.18",
        "201706": "85.45",
        "201707": "90.14",
        "201708": "95.87",
        "201709": "95.67",
        "201710": "93.05",
        "201711": "90.54",
        "201712": "83.42",
        "201801": "85.61",
        "201802": "82.48",
        "201803": "85.20",
        "201804": "88.60",
        "201805": "83.80",
        "201806": "91.46",
        "201807": "86.95",
        "201808": "85.31",
        "201809": "84.90",
        "201810": "68.46",
        "201811": "71.83",
        "201812": "79.07",
        "201901": "77.21",
        "201902": "84.55",
        "201903": "86.04",
        "201904": "84.45",
        "201905": "81.20",
        "201906": "79.40",
        "201907": "80.87",
        "201908": "79.15",
        "201909": "82.28",
        "201910": "82.11",
        "201911": "86.00",
        "201912": "93.77",
        "202001": "95.03",
        "202002": "87.86",
        "202003": "75.05",
        "202004": "78.02",
        "202005": "85.96",
        "202006": "89.90",
        "202007": "97.41",
        "202008": "107.60",
        "202009": "104.98",
        "202010": "107.58",
        "202011": "130.86",
        "202012": "150.30",
        "202101": "180.58",
        "202102": "195.08",
        "202103": "189.89",
        "202104": "187.26",
        "202105": "158.64",
        "202106": "173.81",
        "202107": "226.84",
        "202108": "208.43",
        "202109": "177.98",
        "202110": "163.10",
        "202111": "165.48",
        "202112": "153.50",
        "202201": "150.06",
        "202202": "148.33",
        "202203": "134.00",
        "202204": "134.71",
        "202205": "132.05",
        "202206": "133.95",
        "202207": "132.45",
        "202208": "140.67",
        "202209": "132.24",
        "202210": "114.62",
        "202211": "118.82",
        "202212": "120.36",
        "202301": "137.04",
        "202302": "146.19",
        "202303": "144.13",
        "202304": "153.38",
        "202305": "154.23",
        "202306": "157.45",
        "202307": "161.07",
        "202308": "161.77",
        "202309": "152.28",
        "202310": "142.00",
        "202311": "144.20",
        "202312": "159.88"
    },
    "quarters": {
        "20011": {
            "year_quarter": 20011,
            "year": 2001,
            "quarter": 1,
            "eps": 0.38,
            "eps_growth_year": 123.53,
            "eps_4q": 1.17,
            "eps_4q_growth_year": -3.76,
            "roe": 2.39,
            "roe_4q": 2.39,
            "gross_profit": 64693,
            "gross_margin": 47.34,
            "gross_margin_4q_avg": 47.34,
            "net_income": 26297,
            "net_income_4q": null,
            "revenue": 136660,
            "revenue_4q": null,
            "common_shares": 693626,
            "book_valuer_per_share": 15.1,
            "book_valuer_per_share_4q_avg": 15.1,
            "equity": 1047092,
            "current_ratio": 344.64,
            "debt_ratio": 12.68,
            "inventory_turnover_ratio": 0.44,
            "account_receivable_turnover_ratio": null,
            "reinvestment_rate": null,
            "research_to_sale_ratio": null,
            "price_fair": 0,
            "eps_avg_yearly": 0,
            "eps_latest_yearly": 0,
            "eps_growth_yearly": 0
        },
        "20012": {
            "year_quarter": 20012,
            "year": 2001,
            "quarter": 2,
            "eps": 0.53,
            "eps_growth_year": 103.85,
            "eps_4q": 1.49,
            "eps_4q_growth_year": 74,
            "roe": 3.47,
            "roe_4q": 5.86,
            "gross_profit": 58402,
            "gross_margin": 41.86,
            "gross_margin_4q_avg": 44.6,
            "net_income": 36762,
            "net_income_4q": null,
            "revenue": 139504,
            "revenue_4q": null,
            "common_shares": 693626,
            "book_valuer_per_share": 15.44,
            "book_valuer_per_share_4q_avg": 15.27,
            "equity": 1070626,
            "current_ratio": 313.81,
            "debt_ratio": 14.54,
            "inventory_turnover_ratio": 0.68,
            "account_receivable_turnover_ratio": null,
            "reinvestment_rate": null,
            "research_to_sale_ratio": null,
            "price_fair": 0,
            "eps_avg_yearly": 0,
            "eps_latest_yearly": 0,
            "eps_growth_yearly": 0
        },
        "20013": {
            "year_quarter": 20013,
            "year": 2001,
            "quarter": 3,
            "eps": 0.21,
            "eps_growth_year": -34.38,
            "eps_4q": 1.29,
            "eps_4q_growth_year": 45.25,
            "roe": 1.49,
            "roe_4q": 7.35,
            "gross_profit": 67179,
            "gross_margin": 41.17,
            "gross_margin_4q_avg": 43.46,
            "net_income": 16025,
            "net_income_4q": null,
            "revenue": 163189,
            "revenue_4q": null,
            "common_shares": 757079,
            "book_valuer_per_share": 14.36,
            "book_valuer_per_share_4q_avg": 14.97,
            "equity": 1086860,
            "current_ratio": 445.92,
            "debt_ratio": 10.75,
            "inventory_turnover_ratio": 0.78,
            "account_receivable_turnover_ratio": null,
            "reinvestment_rate": null,
            "research_to_sale_ratio": null,
            "price_fair": 0,
            "eps_avg_yearly": 0,
            "eps_latest_yearly": 0,
            "eps_growth_yearly": 0
        },
        "20014": {
            "year_quarter": 20014,
            "year": 2001,
            "quarter": 4,
            "eps": 0.2,
            "eps_growth_year": -31.03,
            "eps_4q": 1.22,
            "eps_4q_growth_year": 27.29,
            "roe": 1.35,
            "roe_4q": 8.700000000000001,
            "gross_profit": 69036,
            "gross_margin": 40.77,
            "gross_margin_4q_avg": 42.79,
            "net_income": 15448,
            "net_income_4q": null,
            "revenue": 169313,
            "revenue_4q": null,
            "common_shares": 757079,
            "book_valuer_per_share": 14.62,
            "book_valuer_per_share_4q_avg": 14.88,
            "equity": 1208237,
            "current_ratio": 212.69,
            "debt_ratio": 26.89,
            "inventory_turnover_ratio": 0.61,
            "account_receivable_turnover_ratio": null,
            "reinvestment_rate": null,
            "research_to_sale_ratio": null,
            "price_fair": 0,
            "eps_avg_yearly": 0,
            "eps_latest_yearly": 0,
            "eps_growth_yearly": 0
        },
        "20021": {
            "year_quarter": 20021,
            "year": 2002,
            "quarter": 1,
            "eps": 0.33,
            "eps_growth_year": -13.16,
            "eps_4q": 1.24,
            "eps_4q_growth_year": 5.42,
            "roe": 2.12,
            "roe_4q": 8.43,
            "gross_profit": 63958,
            "gross_margin": 38.9,
            "gross_margin_4q_avg": 40.68,
            "net_income": 24819,
            "net_income_4q": null,
            "revenue": 164416,
            "revenue_4q": null,
            "common_shares": 757079,
            "book_valuer_per_share": 15.01,
            "book_valuer_per_share_4q_avg": 14.86,
            "equity": 1136372,
            "current_ratio": 341.99,
            "debt_ratio": 15.52,
            "inventory_turnover_ratio": 0.6,
            "account_receivable_turnover_ratio": null,
            "reinvestment_rate": null,
            "research_to_sale_ratio": null,
            "price_fair": 46.2,
            "eps_avg_yearly": 1.32,
            "eps_latest_yearly": 1.32,
            "eps_growth_yearly": 260
        },
        "20022": {
            "year_quarter": 20022,
            "year": 2002,
            "quarter": 2,
            "eps": 0.34,
            "eps_growth_year": -35.85,
            "eps_4q": 1.08,
            "eps_4q_growth_year": -27.59,
            "roe": 2.3,
            "roe_4q": 7.26,
            "gross_profit": 69102,
            "gross_margin": 40.59,
            "gross_margin_4q_avg": 40.36,
            "net_income": 25960,
            "net_income_4q": null,
            "revenue": 170254,
            "revenue_4q": null,
            "common_shares": 757079,
            "book_valuer_per_share": 14.87,
            "book_valuer_per_share_4q_avg": 14.72,
            "equity": 1125467,
            "current_ratio": 352.05,
            "debt_ratio": 18.2,
            "inventory_turnover_ratio": 0.82,
            "account_receivable_turnover_ratio": null,
            "reinvestment_rate": null,
            "research_to_sale_ratio": null,
            "price_fair": 46.9,
            "eps_avg_yearly": 1.34,
            "eps_latest_yearly": 1.36,
            "eps_growth_yearly": 136.06
        },
        "20023": {
            "year_quarter": 20023,
            "year": 2002,
            "quarter": 3,
            "eps": 0.55,
            "eps_growth_year": 161.9,
            "eps_4q": 1.36,
            "eps_4q_growth_year": 5.41,
            "roe": 3.89,
            "roe_4q": 9.659999999999998,
            "gross_profit": 70681,
            "gross_margin": 37.7,
            "gross_margin_4q_avg": 39.49,
            "net_income": 44887,
            "net_income_4q": null,
            "revenue": 187478,
            "revenue_4q": null,
            "common_shares": 820745,
            "book_valuer_per_share": 14.37,
            "book_valuer_per_share_4q_avg": 14.72,
            "equity": 1179722,
            "current_ratio": 360.62,
            "debt_ratio": 18.52,
            "inventory_turnover_ratio": 0.95,
            "account_receivable_turnover_ratio": null,
            "reinvestment_rate": null,
            "research_to_sale_ratio": null,
            "price_fair": 56.93,
            "eps_avg_yearly": 1.63,
            "eps_latest_yearly": 2.2,
            "eps_growth_yearly": 173.06
        },
        "20024": {
            "year_quarter": 20024,
            "year": 2002,
            "quarter": 4,
            "eps": 0.46,
            "eps_growth_year": 130,
            "eps_4q": 1.61,
            "eps_4q_growth_year": 31.9,
            "roe": 3.06,
            "roe_4q": 11.370000000000001,
            "gross_profit": 85261,
            "gross_margin": 40.97,
            "gross_margin_4q_avg": 39.54,
            "net_income": 38126,
            "net_income_4q": null,
            "revenue": 208093,
            "revenue_4q": null,
            "common_shares": 820745,
            "book_valuer_per_share": 14.81,
            "book_valuer_per_share_4q_avg": 14.77,
            "equity": 1315891,
            "current_ratio": 227.56,
            "debt_ratio": 29.14,
            "inventory_turnover_ratio": 0.72,
            "account_receivable_turnover_ratio": null,
            "reinvestment_rate": 61.11,
            "research_to_sale_ratio": null,
            "price_fair": 58.8,
            "eps_avg_yearly": 1.68,
            "eps_latest_yearly": 1.84,
            "eps_growth_yearly": 113.43
        },
        "20031": {
            "year_quarter": 20031,
            "year": 2003,
            "quarter": 1,
            "eps": 0.43,
            "eps_growth_year": 30.3,
            "eps_4q": 1.77,
            "eps_4q_growth_year": 43.05,
            "roe": 2.72,
            "roe_4q": 11.969999999999999,
            "gross_profit": 60157,
            "gross_margin": 34.26,
            "gross_margin_4q_avg": 38.38,
            "net_income": 34971,
            "net_income_4q": null,
            "revenue": 175586,
            "revenue_4q": null,
            "common_shares": 820745,
            "book_valuer_per_share": 15.24,
            "book_valuer_per_share_4q_avg": 14.82,
            "equity": 1250847,
            "current_ratio": 337.94,
            "debt_ratio": 20.43,
            "inventory_turnover_ratio": 0.67,
            "account_receivable_turnover_ratio": null,
            "reinvestment_rate": -6.41,
            "research_to_sale_ratio": null,
            "price_fair": 59.08,
            "eps_avg_yearly": 1.69,
            "eps_latest_yearly": 1.72,
            "eps_growth_yearly": 85.53
        },
        "20032": {
            "year_quarter": 20032,
            "year": 2003,
            "quarter": 2,
            "eps": 0.54,
            "eps_growth_year": 58.82,
            "eps_4q": 1.97,
            "eps_4q_growth_year": 83.28,
            "roe": 3.57,
            "roe_4q": 13.24,
            "gross_profit": 68716,
            "gross_margin": 34.68,
            "gross_margin_4q_avg": 36.9,
            "net_income": 44415,
            "net_income_4q": null,
            "revenue": 198147,
            "revenue_4q": null,
            "common_shares": 820745,
            "book_valuer_per_share": 15.05,
            "book_valuer_per_share_4q_avg": 14.87,
            "equity": 1235463,
            "current_ratio": 262.68,
            "debt_ratio": 22.42,
            "inventory_turnover_ratio": 0.98,
            "account_receivable_turnover_ratio": null,
            "reinvestment_rate": -5.2,
            "research_to_sale_ratio": null,
            "price_fair": 61.83,
            "eps_avg_yearly": 1.77,
            "eps_latest_yearly": 2.16,
            "eps_growth_yearly": 88.33
        },
        "20033": {
            "year_quarter": 20033,
            "year": 2003,
            "quarter": 3,
            "eps": 0.56,
            "eps_growth_year": 1.82,
            "eps_4q": 1.9,
            "eps_4q_growth_year": 39.58,
            "roe": 3.91,
            "roe_4q": 13.260000000000002,
            "gross_profit": 85606,
            "gross_margin": 35.46,
            "gross_margin_4q_avg": 36.34,
            "net_income": 49098,
            "net_income_4q": null,
            "revenue": 241382,
            "revenue_4q": null,
            "common_shares": 875690,
            "book_valuer_per_share": 14.55,
            "book_valuer_per_share_4q_avg": 14.91,
            "equity": 1274019,
            "current_ratio": 183.6,
            "debt_ratio": 32.69,
            "inventory_turnover_ratio": 1.11,
            "account_receivable_turnover_ratio": null,
            "reinvestment_rate": -3.4,
            "research_to_sale_ratio": null,
            "price_fair": 64.2,
            "eps_avg_yearly": 1.83,
            "eps_latest_yearly": 2.24,
            "eps_growth_yearly": 77.83
        },
        "20034": {
            "year_quarter": 20034,
            "year": 2003,
            "quarter": 4,
            "eps": 0.59,
            "eps_growth_year": 28.26,
            "eps_4q": 2.05,
            "eps_4q_growth_year": 27.06,
            "roe": 3.78,
            "roe_4q": 13.98,
            "gross_profit": 95829,
            "gross_margin": 36.07,
            "gross_margin_4q_avg": 35.12,
            "net_income": 51886,
            "net_income_4q": null,
            "revenue": 265648,
            "revenue_4q": null,
            "common_shares": 875690,
            "book_valuer_per_share": 15.18,
            "book_valuer_per_share_4q_avg": 15.01,
            "equity": 1473219,
            "current_ratio": 221.71,
            "debt_ratio": 33.6,
            "inventory_turnover_ratio": 0.76,
            "account_receivable_turnover_ratio": null,
            "reinvestment_rate": 44.99,
            "research_to_sale_ratio": null,
            "price_fair": 66.5,
            "eps_avg_yearly": 1.9,
            "eps_latest_yearly": 2.36,
            "eps_growth_yearly": 70.78
        },
        "20041": {
            "year_quarter": 20041,
            "year": 2004,
            "quarter": 1,
            "eps": 0.54,
            "eps_growth_year": 25.58,
            "eps_4q": 2.19,
            "eps_4q_growth_year": 23.72,
            "roe": 3.35,
            "roe_4q": 14.61,
            "gross_profit": 90972,
            "gross_margin": 35.58,
            "gross_margin_4q_avg": 35.45,
            "net_income": 47592,
            "net_income_4q": null,
            "revenue": 255692,
            "revenue_4q": null,
            "common_shares": 875690,
            "book_valuer_per_share": 15.6,
            "book_valuer_per_share_4q_avg": 15.1,
            "equity": 1365657,
            "current_ratio": 298.14,
            "debt_ratio": 20.57,
            "inventory_turnover_ratio": 0.72,
            "account_receivable_turnover_ratio": null,
            "reinvestment_rate": 0.81,
            "research_to_sale_ratio": null,
            "price_fair": 67.51,
            "eps_avg_yearly": 1.93,
            "eps_latest_yearly": 2.16,
            "eps_growth_yearly": 59.15
        },
        "20042": {
            "year_quarter": 20042,
            "year": 2004,
            "quarter": 2,
            "eps": 0.64,
            "eps_growth_year": 18.52,
            "eps_4q": 2.34,
            "eps_4q_growth_year": 18.4,
            "roe": 4.13,
            "roe_4q": 15.17,
            "gross_profit": 87830,
            "gross_margin": 33.76,
            "gross_margin_4q_avg": 35.22,
            "net_income": 56010,
            "net_income_4q": null,
            "revenue": 260142,
            "revenue_4q": null,
            "common_shares": 875690,
            "book_valuer_per_share": 15.39,
            "book_valuer_per_share_4q_avg": 15.18,
            "equity": 1347906,
            "current_ratio": 287.47,
            "debt_ratio": 32.37,
            "inventory_turnover_ratio": 1.22,
            "account_receivable_turnover_ratio": null,
            "reinvestment_rate": 0.14,
            "research_to_sale_ratio": null,
            "price_fair": 69.72,
            "eps_avg_yearly": 1.99,
            "eps_latest_yearly": 2.56,
            "eps_growth_yearly": 60.64
        },
        "20043": {
            "year_quarter": 20043,
            "year": 2004,
            "quarter": 3,
            "eps": 0.66,
            "eps_growth_year": 17.86,
            "eps_4q": 2.3,
            "eps_4q_growth_year": 21.27,
            "roe": 4.57,
            "roe_4q": 15.829999999999998,
            "gross_profit": 99689,
            "gross_margin": 33.93,
            "gross_margin_4q_avg": 34.84,
            "net_income": 62403,
            "net_income_4q": null,
            "revenue": 293790,
            "revenue_4q": null,
            "common_shares": 954474,
            "book_valuer_per_share": 14.51,
            "book_valuer_per_share_4q_avg": 15.17,
            "equity": 1384721,
            "current_ratio": 300.03,
            "debt_ratio": 28.89,
            "inventory_turnover_ratio": 1.31,
            "account_receivable_turnover_ratio": null,
            "reinvestment_rate": -1.64,
            "research_to_sale_ratio": null,
            "price_fair": 71.78,
            "eps_avg_yearly": 2.05,
            "eps_latest_yearly": 2.64,
            "eps_growth_yearly": 56.26
        },
        "20044": {
            "year_quarter": 20044,
            "year": 2004,
            "quarter": 4,
            "eps": 0.57,
            "eps_growth_year": -3.39,
            "eps_4q": 2.31,
            "eps_4q_growth_year": 12.86,
            "roe": 3.61,
            "roe_4q": 15.659999999999998,
            "gross_profit": 79774,
            "gross_margin": 30.52,
            "gross_margin_4q_avg": 33.45,
            "net_income": 54230,
            "net_income_4q": null,
            "revenue": 261363,
            "revenue_4q": null,
            "common_shares": 954474,
            "book_valuer_per_share": 14.59,
            "book_valuer_per_share_4q_avg": 15.02,
            "equity": 1623637,
            "current_ratio": 285.27,
            "debt_ratio": 33.28,
            "inventory_turnover_ratio": 0.73,
            "account_receivable_turnover_ratio": null,
            "reinvestment_rate": 22.04,
            "research_to_sale_ratio": null,
            "price_fair": 72.45,
            "eps_avg_yearly": 2.07,
            "eps_latest_yearly": 2.28,
            "eps_growth_yearly": 47.03
        },
        "20051": {
            "year_quarter": 20051,
            "year": 2005,
            "quarter": 1,
            "eps": 0.34,
            "eps_growth_year": -37.04,
            "eps_4q": 2.17,
            "eps_4q_growth_year": -0.7,
            "roe": 2.07,
            "roe_4q": 14.379999999999999,
            "gross_profit": 67793,
            "gross_margin": 28.28,
            "gross_margin_4q_avg": 31.62,
            "net_income": 31998,
            "net_income_4q": null,
            "revenue": 239705,
            "revenue_4q": null,
            "common_shares": 976673,
            "book_valuer_per_share": 14.98,
            "book_valuer_per_share_4q_avg": 14.87,
            "equity": 1463270,
            "current_ratio": 347.42,
            "debt_ratio": 26.11,
            "inventory_turnover_ratio": 0.71,
            "account_receivable_turnover_ratio": null,
            "reinvestment_rate": 0.71,
            "research_to_sale_ratio": null,
            "price_fair": 70.54,
            "eps_avg_yearly": 2.02,
            "eps_latest_yearly": 1.36,
            "eps_growth_yearly": 30.99
        },
        "20052": {
            "year_quarter": 20052,
            "year": 2005,
            "quarter": 2,
            "eps": 0.43,
            "eps_growth_year": -32.81,
            "eps_4q": 2,
            "eps_4q_growth_year": -14.44,
            "roe": 2.9,
            "roe_4q": 13.15,
            "gross_profit": 77729,
            "gross_margin": 28.59,
            "gross_margin_4q_avg": 30.33,
            "net_income": 40704,
            "net_income_4q": null,
            "revenue": 271892,
            "revenue_4q": null,
            "common_shares": 976673,
            "book_valuer_per_share": 13.71,
            "book_valuer_per_share_4q_avg": 14.45,
            "equity": 1339098,
            "current_ratio": 195.47,
            "debt_ratio": 36.83,
            "inventory_turnover_ratio": 1.31,
            "account_receivable_turnover_ratio": null,
            "reinvestment_rate": -0.17,
            "research_to_sale_ratio": null,
            "price_fair": 69.8,
            "eps_avg_yearly": 1.99,
            "eps_latest_yearly": 1.72,
            "eps_growth_yearly": 36.34
        },
        "20053": {
            "year_quarter": 20053,
            "year": 2005,
            "quarter": 3,
            "eps": 0.7,
            "eps_growth_year": 6.06,
            "eps_4q": 2.03,
            "eps_4q_growth_year": -12.02,
            "roe": 4.8,
            "roe_4q": 13.379999999999999,
            "gross_profit": 104670,
            "gross_margin": 32.05,
            "gross_margin_4q_avg": 29.86,
            "net_income": 66927,
            "net_income_4q": null,
            "revenue": 326547,
            "revenue_4q": null,
            "common_shares": 976673,
            "book_valuer_per_share": 14.84,
            "book_valuer_per_share_4q_avg": 14.53,
            "equity": 1449694,
            "current_ratio": 280.32,
            "debt_ratio": 28.35,
            "inventory_turnover_ratio": 1.35,
            "account_receivable_turnover_ratio": null,
            "reinvestment_rate": 0.22,
            "research_to_sale_ratio": null,
            "price_fair": 71.68,
            "eps_avg_yearly": 2.05,
            "eps_latest_yearly": 2.8,
            "eps_growth_yearly": 50.67
        },
        "20054": {
            "year_quarter": 20054,
            "year": 2005,
            "quarter": 4,
            "eps": -0.68,
            "eps_growth_year": -219.3,
            "eps_4q": 0.94,
            "eps_4q_growth_year": -59.29,
            "roe": -4.24,
            "roe_4q": 5.529999999999999,
            "gross_profit": 57797,
            "gross_margin": 16.7,
            "gross_margin_4q_avg": 26.41,
            "net_income": -64902,
            "net_income_4q": null,
            "revenue": 346102,
            "revenue_4q": null,
            "common_shares": 976673,
            "book_valuer_per_share": 14.15,
            "book_valuer_per_share_4q_avg": 14.42,
            "equity": 1610715,
            "current_ratio": 224.08,
            "debt_ratio": 40.62,
            "inventory_turnover_ratio": 0.9,
            "account_receivable_turnover_ratio": null,
            "reinvestment_rate": 14.22,
            "research_to_sale_ratio": null,
            "price_fair": 71.68,
            "eps_avg_yearly": 2.05,
            "eps_latest_yearly": 2.8,
            "eps_growth_yearly": 50.67
        },
        "20061": {
            "year_quarter": 20061,
            "year": 2006,
            "quarter": 1,
            "eps": 0.53,
            "eps_growth_year": 55.88,
            "eps_4q": 0.97,
            "eps_4q_growth_year": -55.43,
            "roe": 3.32,
            "roe_4q": 6.779999999999999,
            "gross_profit": 100361,
            "gross_margin": 30.02,
            "gross_margin_4q_avg": 26.84,
            "net_income": 51567,
            "net_income_4q": null,
            "revenue": 334322,
            "revenue_4q": null,
            "common_shares": 1012571,
            "book_valuer_per_share": 14.8,
            "book_valuer_per_share_4q_avg": 14.38,
            "equity": 1498448,
            "current_ratio": 212.7,
            "debt_ratio": 29.93,
            "inventory_turnover_ratio": 0.74,
            "account_receivable_turnover_ratio": null,
            "reinvestment_rate": 0.13,
            "research_to_sale_ratio": null,
            "price_fair": 73.5,
            "eps_avg_yearly": 2.1,
            "eps_latest_yearly": 2.8,
            "eps_growth_yearly": 35.71
        },
        "20062": {
            "year_quarter": 20062,
            "year": 2006,
            "quarter": 2,
            "eps": 0.56,
            "eps_growth_year": 30.23,
            "eps_4q": 1.11,
            "eps_4q_growth_year": -44.73,
            "roe": 3.68,
            "roe_4q": 7.56,
            "gross_profit": 111859,
            "gross_margin": 31.23,
            "gross_margin_4q_avg": 27.5,
            "net_income": 55016,
            "net_income_4q": null,
            "revenue": 358146,
            "revenue_4q": null,
            "common_shares": 1012571,
            "book_valuer_per_share": 14.74,
            "book_valuer_per_share_4q_avg": 14.63,
            "equity": 1492989,
            "current_ratio": 165.15,
            "debt_ratio": 32.21,
            "inventory_turnover_ratio": 1.67,
            "account_receivable_turnover_ratio": null,
            "reinvestment_rate": 0.48,
            "research_to_sale_ratio": null,
            "price_fair": 75.7,
            "eps_avg_yearly": 2.16,
            "eps_latest_yearly": 2.24,
            "eps_growth_yearly": 36.46
        },
        "20063": {
            "year_quarter": 20063,
            "year": 2006,
            "quarter": 3,
            "eps": 0.81,
            "eps_growth_year": 15.71,
            "eps_4q": 1.23,
            "eps_4q_growth_year": -39.29,
            "roe": 5.19,
            "roe_4q": 7.950000000000001,
            "gross_profit": 118678,
            "gross_margin": 27.13,
            "gross_margin_4q_avg": 26.27,
            "net_income": 80207,
            "net_income_4q": null,
            "revenue": 437396,
            "revenue_4q": null,
            "common_shares": 1015747,
            "book_valuer_per_share": 15.73,
            "book_valuer_per_share_4q_avg": 14.86,
            "equity": 1598202,
            "current_ratio": 154.45,
            "debt_ratio": 32.69,
            "inventory_turnover_ratio": 2.42,
            "account_receivable_turnover_ratio": null,
            "reinvestment_rate": 1.45,
            "research_to_sale_ratio": null,
            "price_fair": 78.3,
            "eps_avg_yearly": 2.24,
            "eps_latest_yearly": 3.24,
            "eps_growth_yearly": 31.57
        },
        "20064": {
            "year_quarter": 20064,
            "year": 2006,
            "quarter": 4,
            "eps": 0.63,
            "eps_growth_year": null,
            "eps_4q": 2.52,
            "eps_4q_growth_year": 167.1,
            "roe": 3.51,
            "roe_4q": 15.7,
            "gross_profit": 114936,
            "gross_margin": 27.97,
            "gross_margin_4q_avg": 29.09,
            "net_income": 62356,
            "net_income_4q": null,
            "revenue": 410898,
            "revenue_4q": null,
            "common_shares": 1016177,
            "book_valuer_per_share": 17.05,
            "book_valuer_per_share_4q_avg": 15.58,
            "equity": 1953955,
            "current_ratio": 206.89,
            "debt_ratio": 34.7,
            "inventory_turnover_ratio": 0.95,
            "account_receivable_turnover_ratio": null,
            "reinvestment_rate": 25.62,
            "research_to_sale_ratio": null,
            "price_fair": 80,
            "eps_avg_yearly": 2.29,
            "eps_latest_yearly": 2.52,
            "eps_growth_yearly": 29.9
        },
        "20071": {
            "year_quarter": 20071,
            "year": 2007,
            "quarter": 1,
            "eps": 0.56,
            "eps_growth_year": 5.66,
            "eps_4q": 2.45,
            "eps_4q_growth_year": 153.11,
            "roe": 3.06,
            "roe_4q": 15.440000000000001,
            "gross_profit": 103004,
            "gross_margin": 27.73,
            "gross_margin_4q_avg": 28.52,
            "net_income": 58448,
            "net_income_4q": null,
            "revenue": 371485,
            "revenue_4q": null,
            "common_shares": 1053475,
            "book_valuer_per_share": 17.72,
            "book_valuer_per_share_4q_avg": 16.31,
            "equity": 1866600,
            "current_ratio": 211.34,
            "debt_ratio": 22.73,
            "inventory_turnover_ratio": 0.81,
            "account_receivable_turnover_ratio": null,
            "reinvestment_rate": 0.86,
            "research_to_sale_ratio": null,
            "price_fair": 81.3,
            "eps_avg_yearly": 2.32,
            "eps_latest_yearly": 2.24,
            "eps_growth_yearly": 28.59
        },
        "20072": {
            "year_quarter": 20072,
            "year": 2007,
            "quarter": 2,
            "eps": 1.95,
            "eps_growth_year": 248.21,
            "eps_4q": 3.87,
            "eps_4q_growth_year": 249.67,
            "roe": 10.69,
            "roe_4q": 22.45,
            "gross_profit": 84274,
            "gross_margin": 20.67,
            "gross_margin_4q_avg": 25.88,
            "net_income": 204617,
            "net_income_4q": null,
            "revenue": 407626,
            "revenue_4q": null,
            "common_shares": 1060902,
            "book_valuer_per_share": 18.5,
            "book_valuer_per_share_4q_avg": 17.25,
            "equity": 1963100,
            "current_ratio": 192.93,
            "debt_ratio": 25.18,
            "inventory_turnover_ratio": 1.85,
            "account_receivable_turnover_ratio": null,
            "reinvestment_rate": 2.35,
            "research_to_sale_ratio": null,
            "price_fair": 95.4,
            "eps_avg_yearly": 2.73,
            "eps_latest_yearly": 7.8,
            "eps_growth_yearly": 92.2
        },
        "20073": {
            "year_quarter": 20073,
            "year": 2007,
            "quarter": 3,
            "eps": 0.68,
            "eps_growth_year": -16.05,
            "eps_4q": 3.49,
            "eps_4q_growth_year": 183.93,
            "roe": 3.93,
            "roe_4q": 21.189999999999998,
            "gross_profit": 97727,
            "gross_margin": 20.52,
            "gross_margin_4q_avg": 24.22,
            "net_income": 78611,
            "net_income_4q": null,
            "revenue": 476275,
            "revenue_4q": null,
            "common_shares": 1170078,
            "book_valuer_per_share": 17.43,
            "book_valuer_per_share_4q_avg": 17.68,
            "equity": 2039041,
            "current_ratio": 182.68,
            "debt_ratio": 25.93,
            "inventory_turnover_ratio": 1.79,
            "account_receivable_turnover_ratio": null,
            "reinvestment_rate": 2.6,
            "research_to_sale_ratio": null,
            "price_fair": 96.6,
            "eps_avg_yearly": 2.76,
            "eps_latest_yearly": 2.72,
            "eps_growth_yearly": 72.53
        },
        "20074": {
            "year_quarter": 20074,
            "year": 2007,
            "quarter": 4,
            "eps": 0.12,
            "eps_growth_year": -80.95,
            "eps_4q": 2.96,
            "eps_4q_growth_year": 17.62,
            "roe": 0.67,
            "roe_4q": 18.349999999999998,
            "gross_profit": 75840,
            "gross_margin": 17.01,
            "gross_margin_4q_avg": 21.48,
            "net_income": 14433,
            "net_income_4q": null,
            "revenue": 445780,
            "revenue_4q": null,
            "common_shares": 1170078,
            "book_valuer_per_share": 17.46,
            "book_valuer_per_share_4q_avg": 17.78,
            "equity": 2249517,
            "current_ratio": 218.46,
            "debt_ratio": 30.72,
            "inventory_turnover_ratio": 0.85,
            "account_receivable_turnover_ratio": null,
            "reinvestment_rate": 34.85,
            "research_to_sale_ratio": null,
            "price_fair": 91.9,
            "eps_avg_yearly": 2.63,
            "eps_latest_yearly": 0.48,
            "eps_growth_yearly": 47.47
        },
        "20081": {
            "year_quarter": 20081,
            "year": 2008,
            "quarter": 1,
            "eps": 0.15,
            "eps_growth_year": -73.21,
            "eps_4q": 4,
            "eps_4q_growth_year": 63.16,
            "roe": 0.53,
            "roe_4q": 15.82,
            "gross_profit": 112674,
            "gross_margin": 17.17,
            "gross_margin_4q_avg": 18.84,
            "net_income": 11792,
            "net_income_4q": null,
            "revenue": 656095,
            "revenue_4q": null,
            "common_shares": 1170256,
            "book_valuer_per_share": 17.24,
            "book_valuer_per_share_4q_avg": 17.66,
            "equity": 2216452,
            "current_ratio": 222.94,
            "debt_ratio": 29.77,
            "inventory_turnover_ratio": 0.85,
            "account_receivable_turnover_ratio": null,
            "reinvestment_rate": 94.3,
            "research_to_sale_ratio": null,
            "price_fair": 88,
            "eps_avg_yearly": 2.51,
            "eps_latest_yearly": 0.6,
            "eps_growth_yearly": 57.03
        },
        "20082": {
            "year_quarter": 20082,
            "year": 2008,
            "quarter": 2,
            "eps": 0.56,
            "eps_growth_year": -71.28,
            "eps_4q": 1.53,
            "eps_4q_growth_year": -60.44,
            "roe": 2.97,
            "roe_4q": 8.1,
            "gross_profit": 226886,
            "gross_margin": 26.59,
            "gross_margin_4q_avg": 20.32,
            "net_income": 64066,
            "net_income_4q": null,
            "revenue": 853144,
            "revenue_4q": null,
            "common_shares": 1170256,
            "book_valuer_per_share": 16.29,
            "book_valuer_per_share_4q_avg": 17.11,
            "equity": 2104588,
            "current_ratio": 217.09,
            "debt_ratio": 39.91,
            "inventory_turnover_ratio": 0.94,
            "account_receivable_turnover_ratio": null,
            "reinvestment_rate": 91.59,
            "research_to_sale_ratio": null,
            "price_fair": 87.2,
            "eps_avg_yearly": 2.49,
            "eps_latest_yearly": 2.24,
            "eps_growth_yearly": 129.84
        },
        "20083": {
            "year_quarter": 20083,
            "year": 2008,
            "quarter": 3,
            "eps": 0.99,
            "eps_growth_year": 45.59,
            "eps_4q": 1.91,
            "eps_4q_growth_year": -45.42,
            "roe": 5.03,
            "roe_4q": 9.2,
            "gross_profit": 253750,
            "gross_margin": 24.12,
            "gross_margin_4q_avg": 21.22,
            "net_income": 108915,
            "net_income_4q": null,
            "revenue": 1051910,
            "revenue_4q": null,
            "common_shares": 1170256,
            "book_valuer_per_share": 17.37,
            "book_valuer_per_share_4q_avg": 17.09,
            "equity": 2229428,
            "current_ratio": 198.5,
            "debt_ratio": 43.4,
            "inventory_turnover_ratio": 1.14,
            "account_receivable_turnover_ratio": null,
            "reinvestment_rate": 98.29,
            "research_to_sale_ratio": null,
            "price_fair": 90.5,
            "eps_avg_yearly": 2.59,
            "eps_latest_yearly": 3.96,
            "eps_growth_yearly": 150.88
        },
        "20084": {
            "year_quarter": 20084,
            "year": 2008,
            "quarter": 4,
            "eps": 0.31,
            "eps_growth_year": 158.33,
            "eps_4q": 1.87,
            "eps_4q_growth_year": -36.89,
            "roe": 1.69,
            "roe_4q": 10.22,
            "gross_profit": 183146,
            "gross_margin": 28.17,
            "gross_margin_4q_avg": 24.01,
            "net_income": 38378,
            "net_income_4q": null,
            "revenue": 650128,
            "revenue_4q": null,
            "common_shares": 1138676,
            "book_valuer_per_share": 18.49,
            "book_valuer_per_share_4q_avg": 17.35,
            "equity": 2307314,
            "current_ratio": 239.61,
            "debt_ratio": 37.74,
            "inventory_turnover_ratio": 0.69,
            "account_receivable_turnover_ratio": 1.26,
            "reinvestment_rate": 38.39,
            "research_to_sale_ratio": null,
            "price_fair": 87.9,
            "eps_avg_yearly": 2.51,
            "eps_latest_yearly": 1.24,
            "eps_growth_yearly": 135.16
        },
        "20091": {
            "year_quarter": 20091,
            "year": 2009,
            "quarter": 1,
            "eps": 0.43,
            "eps_growth_year": 186.67,
            "eps_4q": 2.63,
            "eps_4q_growth_year": -34.2,
            "roe": 1.82,
            "roe_4q": 11.51,
            "gross_profit": 137174,
            "gross_margin": 23.81,
            "gross_margin_4q_avg": 25.67,
            "net_income": 42803,
            "net_income_4q": null,
            "revenue": 576161,
            "revenue_4q": null,
            "common_shares": 1138676,
            "book_valuer_per_share": 19.27,
            "book_valuer_per_share_4q_avg": 17.86,
            "equity": 2390833,
            "current_ratio": 409.15,
            "debt_ratio": 29.28,
            "inventory_turnover_ratio": 0.78,
            "account_receivable_turnover_ratio": 0.65,
            "reinvestment_rate": 92.93,
            "research_to_sale_ratio": null,
            "price_fair": 88.8,
            "eps_avg_yearly": 2.54,
            "eps_latest_yearly": 1.72,
            "eps_growth_yearly": 157.74
        },
        "20092": {
            "year_quarter": 20092,
            "year": 2009,
            "quarter": 2,
            "eps": 1.01,
            "eps_growth_year": 80.36,
            "eps_4q": 2.84,
            "eps_4q_growth_year": 85.71,
            "roe": 4.65,
            "roe_4q": 13.190000000000001,
            "gross_profit": 209288,
            "gross_margin": 28.41,
            "gross_margin_4q_avg": 26.13,
            "net_income": 110253,
            "net_income_4q": null,
            "revenue": 736624,
            "revenue_4q": null,
            "common_shares": 1138676,
            "book_valuer_per_share": 18.91,
            "book_valuer_per_share_4q_avg": 18.51,
            "equity": 2347191,
            "current_ratio": 223.81,
            "debt_ratio": 34.16,
            "inventory_turnover_ratio": 1.11,
            "account_receivable_turnover_ratio": 0.88,
            "reinvestment_rate": 83.26,
            "research_to_sale_ratio": null,
            "price_fair": 94.6,
            "eps_avg_yearly": 2.7,
            "eps_latest_yearly": 4.04,
            "eps_growth_yearly": 188.72
        },
        "20093": {
            "year_quarter": 20093,
            "year": 2009,
            "quarter": 3,
            "eps": 2.49,
            "eps_growth_year": 151.52,
            "eps_4q": 4.26,
            "eps_4q_growth_year": 123.51,
            "roe": 10.97,
            "roe_4q": 19.130000000000003,
            "gross_profit": 313497,
            "gross_margin": 34.02,
            "gross_margin_4q_avg": 28.6,
            "net_income": 278063,
            "net_income_4q": null,
            "revenue": 921500,
            "revenue_4q": null,
            "common_shares": 1138676,
            "book_valuer_per_share": 22.21,
            "book_valuer_per_share_4q_avg": 19.72,
            "equity": 2721367,
            "current_ratio": 278.77,
            "debt_ratio": 30.2,
            "inventory_turnover_ratio": 1.35,
            "account_receivable_turnover_ratio": 0.9,
            "reinvestment_rate": 70.25,
            "research_to_sale_ratio": null,
            "price_fair": 112.5,
            "eps_avg_yearly": 3.21,
            "eps_latest_yearly": 9.96,
            "eps_growth_yearly": 212.65
        },
        "20094": {
            "year_quarter": 20094,
            "year": 2009,
            "quarter": 4,
            "eps": 0.28,
            "eps_growth_year": -9.68,
            "eps_4q": 3.7,
            "eps_4q_growth_year": 98.28,
            "roe": 1.34,
            "roe_4q": 18.78,
            "gross_profit": 318159,
            "gross_margin": 34.03,
            "gross_margin_4q_avg": 30.07,
            "net_income": 37923,
            "net_income_4q": null,
            "revenue": 935064,
            "revenue_4q": null,
            "common_shares": 1171096,
            "book_valuer_per_share": 21.63,
            "book_valuer_per_share_4q_avg": 20.51,
            "equity": 2920954,
            "current_ratio": 313.64,
            "debt_ratio": 26.26,
            "inventory_turnover_ratio": 1.39,
            "account_receivable_turnover_ratio": 1.55,
            "reinvestment_rate": 169.04,
            "research_to_sale_ratio": null,
            "price_fair": 107.61,
            "eps_avg_yearly": 3.07,
            "eps_latest_yearly": 1.12,
            "eps_growth_yearly": 174.8
        },
        "20101": {
            "year_quarter": 20101,
            "year": 2010,
            "quarter": 1,
            "eps": 1.04,
            "eps_growth_year": 141.86,
            "eps_4q": 4.37,
            "eps_4q_growth_year": 65.81,
            "roe": 4.58,
            "roe_4q": 21.54,
            "gross_profit": 304386,
            "gross_margin": 33.09,
            "gross_margin_4q_avg": 32.39,
            "net_income": 136311,
            "net_income_4q": null,
            "revenue": 919772,
            "revenue_4q": null,
            "common_shares": 1275662,
            "book_valuer_per_share": 22.47,
            "book_valuer_per_share_4q_avg": 21.31,
            "equity": 3031855,
            "current_ratio": 334.49,
            "debt_ratio": 24.74,
            "inventory_turnover_ratio": 1.32,
            "account_receivable_turnover_ratio": 0.8,
            "reinvestment_rate": 211.68,
            "research_to_sale_ratio": 2.11,
            "price_fair": 109.99,
            "eps_avg_yearly": 3.14,
            "eps_latest_yearly": 4.16,
            "eps_growth_yearly": 231.73
        },
        "20102": {
            "year_quarter": 20102,
            "year": 2010,
            "quarter": 2,
            "eps": 1.39,
            "eps_growth_year": 37.42,
            "eps_4q": 4.87,
            "eps_4q_growth_year": 71.49,
            "roe": 5.42,
            "roe_4q": 22.310000000000002,
            "gross_profit": 387548,
            "gross_margin": 33.67,
            "gross_margin_4q_avg": 33.7,
            "net_income": 162446,
            "net_income_4q": null,
            "revenue": 1151096,
            "revenue_4q": null,
            "common_shares": 1275662,
            "book_valuer_per_share": 22.07,
            "book_valuer_per_share_4q_avg": 22.1,
            "equity": 2966327,
            "current_ratio": 244.83,
            "debt_ratio": 32.2,
            "inventory_turnover_ratio": 1.5,
            "account_receivable_turnover_ratio": 0.94,
            "reinvestment_rate": 202.38,
            "research_to_sale_ratio": 1.82,
            "price_fair": 117.25,
            "eps_avg_yearly": 3.35,
            "eps_latest_yearly": 5.56,
            "eps_growth_yearly": 238.73
        },
        "20103": {
            "year_quarter": 20103,
            "year": 2010,
            "quarter": 3,
            "eps": 1.31,
            "eps_growth_year": -47.59,
            "eps_4q": 3.98,
            "eps_4q_growth_year": -6.55,
            "roe": 5.61,
            "roe_4q": 16.950000000000003,
            "gross_profit": 349905,
            "gross_margin": 29.32,
            "gross_margin_4q_avg": 32.53,
            "net_income": 170525,
            "net_income_4q": null,
            "revenue": 1193335,
            "revenue_4q": null,
            "common_shares": 1275662,
            "book_valuer_per_share": 23.21,
            "book_valuer_per_share_4q_avg": 22.35,
            "equity": 3115600,
            "current_ratio": 273.72,
            "debt_ratio": 29.01,
            "inventory_turnover_ratio": 1.57,
            "account_receivable_turnover_ratio": 0.85,
            "reinvestment_rate": 195.48,
            "research_to_sale_ratio": 1.2,
            "price_fair": 121.63,
            "eps_avg_yearly": 3.48,
            "eps_latest_yearly": 5.24,
            "eps_growth_yearly": 226.13
        },
        "20104": {
            "year_quarter": 20104,
            "year": 2010,
            "quarter": 4,
            "eps": 1.04,
            "eps_growth_year": 272.51,
            "eps_4q": 4.77,
            "eps_4q_growth_year": 28.83,
            "roe": 4.57,
            "roe_4q": 20.18,
            "gross_profit": 297984,
            "gross_margin": 27.19,
            "gross_margin_4q_avg": 30.82,
            "net_income": 142327,
            "net_income_4q": null,
            "revenue": 1096125,
            "revenue_4q": null,
            "common_shares": 1275662,
            "book_valuer_per_share": 23.17,
            "book_valuer_per_share_4q_avg": 22.73,
            "equity": 3116323,
            "current_ratio": 303.7,
            "debt_ratio": 26.65,
            "inventory_turnover_ratio": 1.5,
            "account_receivable_turnover_ratio": 0.81,
            "reinvestment_rate": 142.37,
            "research_to_sale_ratio": 2.22,
            "price_fair": 125.21,
            "eps_avg_yearly": 3.58,
            "eps_latest_yearly": 4.16,
            "eps_growth_yearly": 226.54
        },
        "20111": {
            "year_quarter": 20111,
            "year": 2011,
            "quarter": 1,
            "eps": 0.84,
            "eps_growth_year": -19.23,
            "eps_4q": 4.57,
            "eps_4q_growth_year": 4.67,
            "roe": 3.32,
            "roe_4q": 18.92,
            "gross_profit": 247698,
            "gross_margin": 24.87,
            "gross_margin_4q_avg": 28.76,
            "net_income": 105961,
            "net_income_4q": null,
            "revenue": 996107,
            "revenue_4q": null,
            "common_shares": 1275662,
            "book_valuer_per_share": 24.32,
            "book_valuer_per_share_4q_avg": 23.19,
            "equity": 3264083,
            "current_ratio": 352.97,
            "debt_ratio": 27.57,
            "inventory_turnover_ratio": 1.33,
            "account_receivable_turnover_ratio": 0.79,
            "reinvestment_rate": 182.41,
            "research_to_sale_ratio": 1.66,
            "price_fair": 127.66,
            "eps_avg_yearly": 3.65,
            "eps_latest_yearly": 3.36,
            "eps_growth_yearly": 224.51
        },
        "20112": {
            "year_quarter": 20112,
            "year": 2011,
            "quarter": 2,
            "eps": 0.53,
            "eps_growth_year": -61.75,
            "eps_4q": 3.71,
            "eps_4q_growth_year": -23.75,
            "roe": 2.76,
            "roe_4q": 16.26,
            "gross_profit": 192430,
            "gross_margin": 16.82,
            "gross_margin_4q_avg": 24.55,
            "net_income": 87090,
            "net_income_4q": null,
            "revenue": 1144104,
            "revenue_4q": null,
            "common_shares": 1275662,
            "book_valuer_per_share": 22.39,
            "book_valuer_per_share_4q_avg": 23.27,
            "equity": 3035833,
            "current_ratio": 237.39,
            "debt_ratio": 36.96,
            "inventory_turnover_ratio": 1.5,
            "account_receivable_turnover_ratio": 0.87,
            "reinvestment_rate": 198.81,
            "research_to_sale_ratio": 1.6,
            "price_fair": 115.24,
            "eps_avg_yearly": 3.29,
            "eps_latest_yearly": 2.12,
            "eps_growth_yearly": 153.23
        },
        "20113": {
            "year_quarter": 20113,
            "year": 2011,
            "quarter": 3,
            "eps": 0.99,
            "eps_growth_year": -24.04,
            "eps_4q": 3.4,
            "eps_4q_growth_year": -14.56,
            "roe": 4.03,
            "roe_4q": 14.68,
            "gross_profit": 215861,
            "gross_margin": 20.21,
            "gross_margin_4q_avg": 22.27,
            "net_income": 127287,
            "net_income_4q": null,
            "revenue": 1067931,
            "revenue_4q": null,
            "common_shares": 1275662,
            "book_valuer_per_share": 24.37,
            "book_valuer_per_share_4q_avg": 23.56,
            "equity": 3288895,
            "current_ratio": 313.48,
            "debt_ratio": 30.34,
            "inventory_turnover_ratio": 1.23,
            "account_receivable_turnover_ratio": 0.78,
            "reinvestment_rate": 203.48,
            "research_to_sale_ratio": 1.59,
            "price_fair": 117.95,
            "eps_avg_yearly": 3.37,
            "eps_latest_yearly": 3.96,
            "eps_growth_yearly": 191.21
        },
        "20114": {
            "year_quarter": 20114,
            "year": 2011,
            "quarter": 4,
            "eps": 0.81,
            "eps_growth_year": -22.79,
            "eps_4q": 3.17,
            "eps_4q_growth_year": -33.53,
            "roe": 3.23,
            "roe_4q": 13.34,
            "gross_profit": 234136,
            "gross_margin": 21.38,
            "gross_margin_4q_avg": 20.82,
            "net_income": 107996,
            "net_income_4q": null,
            "revenue": 1095152,
            "revenue_4q": null,
            "common_shares": 1275662,
            "book_valuer_per_share": 25.25,
            "book_valuer_per_share_4q_avg": 24.08,
            "equity": 3395463,
            "current_ratio": 339.81,
            "debt_ratio": 29.48,
            "inventory_turnover_ratio": 1.26,
            "account_receivable_turnover_ratio": 0.81,
            "reinvestment_rate": 150.68,
            "research_to_sale_ratio": 1.37,
            "price_fair": 123.99,
            "eps_avg_yearly": 3.54,
            "eps_latest_yearly": 3.24,
            "eps_growth_yearly": 207.25
        },
        "20121": {
            "year_quarter": 20121,
            "year": 2012,
            "quarter": 1,
            "eps": 0.68,
            "eps_growth_year": -19.05,
            "eps_4q": 3.02,
            "eps_4q_growth_year": -34.04,
            "roe": 2.3,
            "roe_4q": 12.319999999999999,
            "gross_profit": 206510,
            "gross_margin": 21.54,
            "gross_margin_4q_avg": 19.99,
            "net_income": 78361,
            "net_income_4q": null,
            "revenue": 958669,
            "revenue_4q": null,
            "common_shares": 1269482,
            "book_valuer_per_share": 25.57,
            "book_valuer_per_share_4q_avg": 24.4,
            "equity": 3426945,
            "current_ratio": 306.99,
            "debt_ratio": 28.28,
            "inventory_turnover_ratio": 1.23,
            "account_receivable_turnover_ratio": 0.73,
            "reinvestment_rate": 142.15,
            "research_to_sale_ratio": 1.7,
            "price_fair": 128.63,
            "eps_avg_yearly": 3.68,
            "eps_latest_yearly": 2.72,
            "eps_growth_yearly": 196.99
        },
        "20122": {
            "year_quarter": 20122,
            "year": 2012,
            "quarter": 2,
            "eps": 0.9,
            "eps_growth_year": 69.87,
            "eps_4q": 3.38,
            "eps_4q_growth_year": -8.9,
            "roe": 3.5,
            "roe_4q": 13.059999999999999,
            "gross_profit": 278925,
            "gross_margin": 25.26,
            "gross_margin_4q_avg": 22.1,
            "net_income": 118721,
            "net_income_4q": null,
            "revenue": 1104388,
            "revenue_4q": null,
            "common_shares": 1269482,
            "book_valuer_per_share": 25.01,
            "book_valuer_per_share_4q_avg": 25.05,
            "equity": 3360840,
            "current_ratio": 261.55,
            "debt_ratio": 32.82,
            "inventory_turnover_ratio": 1.36,
            "account_receivable_turnover_ratio": 0.83,
            "reinvestment_rate": 144.54,
            "research_to_sale_ratio": 1.83,
            "price_fair": 131.6,
            "eps_avg_yearly": 3.76,
            "eps_latest_yearly": 3.6,
            "eps_growth_yearly": 136.74
        },
        "20123": {
            "year_quarter": 20123,
            "year": 2012,
            "quarter": 3,
            "eps": 1.05,
            "eps_growth_year": 6.27,
            "eps_4q": 3.44,
            "eps_4q_growth_year": 1.13,
            "roe": 3.81,
            "roe_4q": 12.84,
            "gross_profit": 264593,
            "gross_margin": 25.13,
            "gross_margin_4q_avg": 23.33,
            "net_income": 129484,
            "net_income_4q": null,
            "revenue": 1052857,
            "revenue_4q": null,
            "common_shares": 1269482,
            "book_valuer_per_share": 25.71,
            "book_valuer_per_share_4q_avg": 25.39,
            "equity": 3444461,
            "current_ratio": 270.4,
            "debt_ratio": 32.16,
            "inventory_turnover_ratio": 1.21,
            "account_receivable_turnover_ratio": 0.77,
            "reinvestment_rate": 131.08,
            "research_to_sale_ratio": 1.49,
            "price_fair": 132.13,
            "eps_avg_yearly": 3.78,
            "eps_latest_yearly": 4.2,
            "eps_growth_yearly": 121.71
        },
        "20124": {
            "year_quarter": 20124,
            "year": 2012,
            "quarter": 4,
            "eps": 0.76,
            "eps_growth_year": -5.99,
            "eps_4q": 3.39,
            "eps_4q_growth_year": 6.98,
            "roe": 2.52,
            "roe_4q": 12.129999999999999,
            "gross_profit": 216182,
            "gross_margin": 21.47,
            "gross_margin_4q_avg": 23.35,
            "net_income": 87829,
            "net_income_4q": null,
            "revenue": 1006696,
            "revenue_4q": null,
            "common_shares": 1269482,
            "book_valuer_per_share": 26.46,
            "book_valuer_per_share_4q_avg": 25.69,
            "equity": 3531093,
            "current_ratio": 259.67,
            "debt_ratio": 32.88,
            "inventory_turnover_ratio": 1.2,
            "account_receivable_turnover_ratio": 0.76,
            "reinvestment_rate": 120.91,
            "research_to_sale_ratio": 1.93,
            "price_fair": 136.06,
            "eps_avg_yearly": 3.89,
            "eps_latest_yearly": 3.04,
            "eps_growth_yearly": 131.98
        },
        "20131": {
            "year_quarter": 20131,
            "year": 2013,
            "quarter": 1,
            "eps": 0.66,
            "eps_growth_year": -2.94,
            "eps_4q": 3.37,
            "eps_4q_growth_year": 11.88,
            "roe": 2.25,
            "roe_4q": 12.08,
            "gross_profit": 200812,
            "gross_margin": 22.52,
            "gross_margin_4q_avg": 23.6,
            "net_income": 80547,
            "net_income_4q": null,
            "revenue": 891802,
            "revenue_4q": null,
            "common_shares": 1269482,
            "book_valuer_per_share": 27.19,
            "book_valuer_per_share_4q_avg": 26.09,
            "equity": 3620051,
            "current_ratio": 313.29,
            "debt_ratio": 28.49,
            "inventory_turnover_ratio": 1.03,
            "account_receivable_turnover_ratio": 0.7,
            "reinvestment_rate": 2.2,
            "research_to_sale_ratio": 1.53,
            "price_fair": 138.08,
            "eps_avg_yearly": 3.95,
            "eps_latest_yearly": 2.64,
            "eps_growth_yearly": 119.01
        },
        "20132": {
            "year_quarter": 20132,
            "year": 2013,
            "quarter": 2,
            "eps": 0.94,
            "eps_growth_year": 4.24,
            "eps_4q": 3.41,
            "eps_4q_growth_year": 0.73,
            "roe": 3.14,
            "roe_4q": 11.72,
            "gross_profit": 265344,
            "gross_margin": 23.6,
            "gross_margin_4q_avg": 23.18,
            "net_income": 112385,
            "net_income_4q": null,
            "revenue": 1124387,
            "revenue_4q": null,
            "common_shares": 1269482,
            "book_valuer_per_share": 26.53,
            "book_valuer_per_share_4q_avg": 26.47,
            "equity": 3530843,
            "current_ratio": 280.31,
            "debt_ratio": 31.39,
            "inventory_turnover_ratio": 1.27,
            "account_receivable_turnover_ratio": 0.87,
            "reinvestment_rate": 4.71,
            "research_to_sale_ratio": 1.37,
            "price_fair": 137.46,
            "eps_avg_yearly": 3.93,
            "eps_latest_yearly": 3.76,
            "eps_growth_yearly": 95.9
        },
        "20133": {
            "year_quarter": 20133,
            "year": 2013,
            "quarter": 3,
            "eps": 1.16,
            "eps_growth_year": 10.11,
            "eps_4q": 3.51,
            "eps_4q_growth_year": 2.03,
            "roe": 3.64,
            "roe_4q": 11.55,
            "gross_profit": 292553,
            "gross_margin": 26.01,
            "gross_margin_4q_avg": 23.4,
            "net_income": 130479,
            "net_income_4q": null,
            "revenue": 1124743,
            "revenue_4q": null,
            "common_shares": 1269482,
            "book_valuer_per_share": 27.57,
            "book_valuer_per_share_4q_avg": 26.94,
            "equity": 3645273,
            "current_ratio": 390.27,
            "debt_ratio": 24.18,
            "inventory_turnover_ratio": 1.22,
            "account_receivable_turnover_ratio": 0.82,
            "reinvestment_rate": 3.4,
            "research_to_sale_ratio": 0.95,
            "price_fair": 125.83,
            "eps_avg_yearly": 3.6,
            "eps_latest_yearly": 4.64,
            "eps_growth_yearly": 65.11
        },
        "20134": {
            "year_quarter": 20134,
            "year": 2013,
            "quarter": 4,
            "eps": 1.26,
            "eps_growth_year": 65.83,
            "eps_4q": 4.01,
            "eps_4q_growth_year": 18.17,
            "roe": 4.28,
            "roe_4q": 13.31,
            "gross_profit": 330524,
            "gross_margin": 29.27,
            "gross_margin_4q_avg": 25.35,
            "net_income": 160278,
            "net_income_4q": null,
            "revenue": 1129290,
            "revenue_4q": null,
            "common_shares": 1269482,
            "book_valuer_per_share": 29.17,
            "book_valuer_per_share_4q_avg": 27.62,
            "equity": 3850115,
            "current_ratio": 358.05,
            "debt_ratio": 25.85,
            "inventory_turnover_ratio": 1.13,
            "account_receivable_turnover_ratio": 0.79,
            "reinvestment_rate": -94.7,
            "research_to_sale_ratio": 1.28,
            "price_fair": 134.4,
            "eps_avg_yearly": 3.84,
            "eps_latest_yearly": 5.04,
            "eps_growth_yearly": 89.46
        },
        "20141": {
            "year_quarter": 20141,
            "year": 2014,
            "quarter": 1,
            "eps": 1.2,
            "eps_growth_year": 81.82,
            "eps_4q": 4.55,
            "eps_4q_growth_year": 34.78,
            "roe": 3.9,
            "roe_4q": 14.96,
            "gross_profit": 279561,
            "gross_margin": 27.82,
            "gross_margin_4q_avg": 26.68,
            "net_income": 153633,
            "net_income_4q": null,
            "revenue": 1005005,
            "revenue_4q": null,
            "common_shares": 1269482,
            "book_valuer_per_share": 30.53,
            "book_valuer_per_share_4q_avg": 28.45,
            "equity": 4025113,
            "current_ratio": 377.86,
            "debt_ratio": 25.9,
            "inventory_turnover_ratio": 1,
            "account_receivable_turnover_ratio": 0.72,
            "reinvestment_rate": -99.72,
            "research_to_sale_ratio": 1.92,
            "price_fair": 117.99,
            "eps_avg_yearly": 3.88,
            "eps_latest_yearly": 4.8,
            "eps_growth_yearly": 20.41
        },
        "20142": {
            "year_quarter": 20142,
            "year": 2014,
            "quarter": 2,
            "eps": 0.84,
            "eps_growth_year": -10.64,
            "eps_4q": 4.45,
            "eps_4q_growth_year": 30.5,
            "roe": 2.81,
            "roe_4q": 14.63,
            "gross_profit": 291499,
            "gross_margin": 25.72,
            "gross_margin_4q_avg": 27.21,
            "net_income": 110443,
            "net_income_4q": null,
            "revenue": 1133381,
            "revenue_4q": null,
            "common_shares": 1269764,
            "book_valuer_per_share": 29.01,
            "book_valuer_per_share_4q_avg": 29.07,
            "equity": 3836925,
            "current_ratio": 360.37,
            "debt_ratio": 26.79,
            "inventory_turnover_ratio": 1.16,
            "account_receivable_turnover_ratio": 0.84,
            "reinvestment_rate": -110.33,
            "research_to_sale_ratio": 1.87,
            "price_fair": 54.26,
            "eps_avg_yearly": 3.74,
            "eps_latest_yearly": 3.36,
            "eps_growth_yearly": 4.5
        },
        "20143": {
            "year_quarter": 20143,
            "year": 2014,
            "quarter": 3,
            "eps": 1.42,
            "eps_growth_year": 22.41,
            "eps_4q": 4.71,
            "eps_4q_growth_year": 34.13,
            "roe": 4.84,
            "roe_4q": 15.830000000000002,
            "gross_profit": 327623,
            "gross_margin": 26.62,
            "gross_margin_4q_avg": 27.36,
            "net_income": 190948,
            "net_income_4q": null,
            "revenue": 1230908,
            "revenue_4q": null,
            "common_shares": 1270274,
            "book_valuer_per_share": 30.74,
            "book_valuer_per_share_4q_avg": 29.86,
            "equity": 4061715,
            "current_ratio": 379.2,
            "debt_ratio": 26.06,
            "inventory_turnover_ratio": 1.22,
            "account_receivable_turnover_ratio": 0.84,
            "reinvestment_rate": -112.76,
            "research_to_sale_ratio": 1.82,
            "price_fair": 125.16,
            "eps_avg_yearly": 3.77,
            "eps_latest_yearly": 5.68,
            "eps_growth_yearly": 23.2
        },
        "20144": {
            "year_quarter": 20144,
            "year": 2014,
            "quarter": 4,
            "eps": 1.41,
            "eps_growth_year": 12.48,
            "eps_4q": 4.86,
            "eps_4q_growth_year": 21.26,
            "roe": 4.28,
            "roe_4q": 15.830000000000002,
            "gross_profit": 334480,
            "gross_margin": 28.19,
            "gross_margin_4q_avg": 27.09,
            "net_income": 180521,
            "net_income_4q": null,
            "revenue": 1186678,
            "revenue_4q": null,
            "common_shares": 1272231,
            "book_valuer_per_share": 33.07,
            "book_valuer_per_share_4q_avg": 30.84,
            "equity": 4364977,
            "current_ratio": 381.6,
            "debt_ratio": 26.46,
            "inventory_turnover_ratio": 1.07,
            "account_receivable_turnover_ratio": 0.76,
            "reinvestment_rate": -106.35,
            "research_to_sale_ratio": 2.15,
            "price_fair": 135.19,
            "eps_avg_yearly": 3.86,
            "eps_latest_yearly": 5.64,
            "eps_growth_yearly": 28.17
        },
        "20151": {
            "year_quarter": 20151,
            "year": 2015,
            "quarter": 1,
            "eps": 1.09,
            "eps_growth_year": -9.17,
            "eps_4q": 4.76,
            "eps_4q_growth_year": 4.62,
            "roe": 3.1,
            "roe_4q": 15.030000000000001,
            "gross_profit": 304983,
            "gross_margin": 27.66,
            "gross_margin_4q_avg": 27.05,
            "net_income": 136699,
            "net_income_4q": null,
            "revenue": 1102413,
            "revenue_4q": null,
            "common_shares": 1273089,
            "book_valuer_per_share": 33.79,
            "book_valuer_per_share_4q_avg": 31.65,
            "equity": 4456071,
            "current_ratio": 386.1,
            "debt_ratio": 25.66,
            "inventory_turnover_ratio": 0.96,
            "account_receivable_turnover_ratio": 0.73,
            "reinvestment_rate": -108.83,
            "research_to_sale_ratio": 1.83,
            "price_fair": 137.38,
            "eps_avg_yearly": 3.93,
            "eps_latest_yearly": 4.36,
            "eps_growth_yearly": 27.31
        },
        "20152": {
            "year_quarter": 20152,
            "year": 2015,
            "quarter": 2,
            "eps": 1.05,
            "eps_growth_year": 25,
            "eps_4q": 4.97,
            "eps_4q_growth_year": 11.83,
            "roe": 3.01,
            "roe_4q": 15.23,
            "gross_profit": 340454,
            "gross_margin": 26.24,
            "gross_margin_4q_avg": 27.18,
            "net_income": 131984,
            "net_income_4q": null,
            "revenue": 1297383,
            "revenue_4q": null,
            "common_shares": 1273518,
            "book_valuer_per_share": 32.62,
            "book_valuer_per_share_4q_avg": 32.56,
            "equity": 4306384,
            "current_ratio": 318.99,
            "debt_ratio": 29.94,
            "inventory_turnover_ratio": 1.08,
            "account_receivable_turnover_ratio": 0.86,
            "reinvestment_rate": -105.28,
            "research_to_sale_ratio": 1.45,
            "price_fair": 141.93,
            "eps_avg_yearly": 4.06,
            "eps_latest_yearly": 4.2,
            "eps_growth_yearly": 35.62
        },
        "20153": {
            "year_quarter": 20153,
            "year": 2015,
            "quarter": 3,
            "eps": 2.11,
            "eps_growth_year": 48.59,
            "eps_4q": 5.66,
            "eps_4q_growth_year": 20.18,
            "roe": 6.02,
            "roe_4q": 16.41,
            "gross_profit": 406411,
            "gross_margin": 29.09,
            "gross_margin_4q_avg": 27.8,
            "net_income": 269744,
            "net_income_4q": null,
            "revenue": 1396948,
            "revenue_4q": null,
            "common_shares": 1274697,
            "book_valuer_per_share": 35.34,
            "book_valuer_per_share_4q_avg": 33.71,
            "equity": 4657061,
            "current_ratio": 372.84,
            "debt_ratio": 26.93,
            "inventory_turnover_ratio": 1.04,
            "account_receivable_turnover_ratio": 0.83,
            "reinvestment_rate": -106.02,
            "research_to_sale_ratio": 1.47,
            "price_fair": 151.73,
            "eps_avg_yearly": 4.34,
            "eps_latest_yearly": 8.44,
            "eps_growth_yearly": 39.16
        },
        "20154": {
            "year_quarter": 20154,
            "year": 2015,
            "quarter": 4,
            "eps": 1.14,
            "eps_growth_year": -19.26,
            "eps_4q": 5.37,
            "eps_4q_growth_year": 10.45,
            "roe": 3.12,
            "roe_4q": 15.25,
            "gross_profit": 401454,
            "gross_margin": 30.43,
            "gross_margin_4q_avg": 28.36,
            "net_income": 146466,
            "net_income_4q": null,
            "revenue": 1319408,
            "revenue_4q": null,
            "common_shares": 1281127,
            "book_valuer_per_share": 35.79,
            "book_valuer_per_share_4q_avg": 34.39,
            "equity": 4737821,
            "current_ratio": 381.8,
            "debt_ratio": 26.32,
            "inventory_turnover_ratio": 0.94,
            "account_receivable_turnover_ratio": 0.76,
            "reinvestment_rate": -104.99,
            "research_to_sale_ratio": 1.59,
            "price_fair": 154.61,
            "eps_avg_yearly": 4.42,
            "eps_latest_yearly": 4.56,
            "eps_growth_yearly": 32.21
        },
        "20161": {
            "year_quarter": 20161,
            "year": 2016,
            "quarter": 1,
            "eps": 0.97,
            "eps_growth_year": -11.01,
            "eps_4q": 5.26,
            "eps_4q_growth_year": 10.63,
            "roe": 2.58,
            "roe_4q": 14.729999999999999,
            "gross_profit": 335927,
            "gross_margin": 28.9,
            "gross_margin_4q_avg": 28.67,
            "net_income": 123617,
            "net_income_4q": null,
            "revenue": 1162353,
            "revenue_4q": null,
            "common_shares": 1281127,
            "book_valuer_per_share": 36.53,
            "book_valuer_per_share_4q_avg": 35.07,
            "equity": 4831065,
            "current_ratio": 399.81,
            "debt_ratio": 25.11,
            "inventory_turnover_ratio": 0.86,
            "account_receivable_turnover_ratio": 0.74,
            "reinvestment_rate": -94.41,
            "research_to_sale_ratio": 1.72,
            "price_fair": 157.15,
            "eps_avg_yearly": 4.49,
            "eps_latest_yearly": 3.88,
            "eps_growth_yearly": 32.49
        },
        "20162": {
            "year_quarter": 20162,
            "year": 2016,
            "quarter": 2,
            "eps": 1.73,
            "eps_growth_year": 64.76,
            "eps_4q": 5.94,
            "eps_4q_growth_year": 19.49,
            "roe": 4.61,
            "roe_4q": 16.33,
            "gross_profit": 437276,
            "gross_margin": 31.68,
            "gross_margin_4q_avg": 30.03,
            "net_income": 218184,
            "net_income_4q": null,
            "revenue": 1380231,
            "revenue_4q": null,
            "common_shares": 1281127,
            "book_valuer_per_share": 35.05,
            "book_valuer_per_share_4q_avg": 35.68,
            "equity": 4637932,
            "current_ratio": 297.54,
            "debt_ratio": 30.95,
            "inventory_turnover_ratio": 0.98,
            "account_receivable_turnover_ratio": 0.9,
            "reinvestment_rate": -92.34,
            "research_to_sale_ratio": 1.45,
            "price_fair": 164.41,
            "eps_avg_yearly": 4.7,
            "eps_latest_yearly": 6.92,
            "eps_growth_yearly": 43.99
        },
        "20163": {
            "year_quarter": 20163,
            "year": 2016,
            "quarter": 3,
            "eps": 2.45,
            "eps_growth_year": 16.11,
            "eps_4q": 6.29,
            "eps_4q_growth_year": 11.16,
            "roe": 6.59,
            "roe_4q": 16.9,
            "gross_profit": 439697,
            "gross_margin": 31.23,
            "gross_margin_4q_avg": 30.56,
            "net_income": 312092,
            "net_income_4q": null,
            "revenue": 1407807,
            "revenue_4q": null,
            "common_shares": 1281127,
            "book_valuer_per_share": 36.64,
            "book_valuer_per_share_4q_avg": 36,
            "equity": 4840436,
            "current_ratio": 332.21,
            "debt_ratio": 30.31,
            "inventory_turnover_ratio": 1.03,
            "account_receivable_turnover_ratio": 0.85,
            "reinvestment_rate": -81.6,
            "research_to_sale_ratio": 1.37,
            "price_fair": 176.66,
            "eps_avg_yearly": 5.05,
            "eps_latest_yearly": 9.8,
            "eps_growth_yearly": 50.23
        },
        "20164": {
            "year_quarter": 20164,
            "year": 2016,
            "quarter": 4,
            "eps": 1.88,
            "eps_growth_year": 64.51,
            "eps_4q": 7.03,
            "eps_4q_growth_year": 30.87,
            "roe": 4.83,
            "roe_4q": 18.61,
            "gross_profit": 465839,
            "gross_margin": 31.96,
            "gross_margin_4q_avg": 30.94,
            "net_income": 238422,
            "net_income_4q": null,
            "revenue": 1457770,
            "revenue_4q": null,
            "common_shares": 1281127,
            "book_valuer_per_share": 38.18,
            "book_valuer_per_share_4q_avg": 36.6,
            "equity": 5035924,
            "current_ratio": 307.88,
            "debt_ratio": 31.3,
            "inventory_turnover_ratio": 1.02,
            "account_receivable_turnover_ratio": 0.83,
            "reinvestment_rate": -66.56,
            "research_to_sale_ratio": 1.8,
            "price_fair": 186.46,
            "eps_avg_yearly": 5.33,
            "eps_latest_yearly": 7.52,
            "eps_growth_yearly": 51.32
        },
        "20171": {
            "year_quarter": 20171,
            "year": 2017,
            "quarter": 1,
            "eps": 1.61,
            "eps_growth_year": 65.98,
            "eps_4q": 7.66,
            "eps_4q_growth_year": 45.58,
            "roe": 4.01,
            "roe_4q": 20.04,
            "gross_profit": 482487,
            "gross_margin": 35.95,
            "gross_margin_4q_avg": 32.71,
            "net_income": 202442,
            "net_income_4q": null,
            "revenue": 1342107,
            "revenue_4q": null,
            "common_shares": 1281127,
            "book_valuer_per_share": 38.42,
            "book_valuer_per_share_4q_avg": 37.07,
            "equity": 5062583,
            "current_ratio": 373.14,
            "debt_ratio": 27.42,
            "inventory_turnover_ratio": 0.86,
            "account_receivable_turnover_ratio": 0.78,
            "reinvestment_rate": 18.4,
            "research_to_sale_ratio": 1.88,
            "price_fair": 194.78,
            "eps_avg_yearly": 5.57,
            "eps_latest_yearly": 6.44,
            "eps_growth_yearly": 51.02
        },
        "20172": {
            "year_quarter": 20172,
            "year": 2017,
            "quarter": 2,
            "eps": 3,
            "eps_growth_year": 73.41,
            "eps_4q": 8.93,
            "eps_4q_growth_year": 50.23,
            "roe": 7.56,
            "roe_4q": 22.99,
            "gross_profit": 499952,
            "gross_margin": 33.81,
            "gross_margin_4q_avg": 33.24,
            "net_income": 384039,
            "net_income_4q": null,
            "revenue": 1478597,
            "revenue_4q": null,
            "common_shares": 1281127,
            "book_valuer_per_share": 38.67,
            "book_valuer_per_share_4q_avg": 37.98,
            "equity": 5095290,
            "current_ratio": 306.15,
            "debt_ratio": 33.55,
            "inventory_turnover_ratio": 0.98,
            "account_receivable_turnover_ratio": 0.83,
            "reinvestment_rate": 12.61,
            "research_to_sale_ratio": 1.81,
            "price_fair": 212.8,
            "eps_avg_yearly": 6.08,
            "eps_latest_yearly": 12,
            "eps_growth_yearly": 62
        },
        "20173": {
            "year_quarter": 20173,
            "year": 2017,
            "quarter": 3,
            "eps": 1.82,
            "eps_growth_year": -25.71,
            "eps_4q": 8.3,
            "eps_4q_growth_year": 31.84,
            "roe": 4.46,
            "roe_4q": 20.86,
            "gross_profit": 503017,
            "gross_margin": 33.49,
            "gross_margin_4q_avg": 33.8,
            "net_income": 234154,
            "net_income_4q": null,
            "revenue": 1501773,
            "revenue_4q": null,
            "common_shares": 1281127,
            "book_valuer_per_share": 40.99,
            "book_valuer_per_share_4q_avg": 39.07,
            "equity": 5393196,
            "current_ratio": 360.6,
            "debt_ratio": 29.19,
            "inventory_turnover_ratio": 1.01,
            "account_receivable_turnover_ratio": 0.78,
            "reinvestment_rate": 15.77,
            "research_to_sale_ratio": 1.99,
            "price_fair": 218.58,
            "eps_avg_yearly": 6.25,
            "eps_latest_yearly": 7.28,
            "eps_growth_yearly": 46.31
        },
        "20174": {
            "year_quarter": 20174,
            "year": 2017,
            "quarter": 4,
            "eps": 2.04,
            "eps_growth_year": 8.93,
            "eps_4q": 8.47,
            "eps_4q_growth_year": 20.43,
            "roe": 4.7,
            "roe_4q": 20.729999999999997,
            "gross_profit": 566892,
            "gross_margin": 37.69,
            "gross_margin_4q_avg": 35.24,
            "net_income": 259856,
            "net_income_4q": null,
            "revenue": 1504286,
            "revenue_4q": null,
            "common_shares": 1281127,
            "book_valuer_per_share": 43.05,
            "book_valuer_per_share_4q_avg": 40.28,
            "equity": 5655473,
            "current_ratio": 407.35,
            "debt_ratio": 26.14,
            "inventory_turnover_ratio": 0.97,
            "account_receivable_turnover_ratio": 0.75,
            "reinvestment_rate": 17.46,
            "research_to_sale_ratio": 2.33,
            "price_fair": 225.4,
            "eps_avg_yearly": 6.44,
            "eps_latest_yearly": 8.16,
            "eps_growth_yearly": 47.18
        },
        "20181": {
            "year_quarter": 20181,
            "year": 2018,
            "quarter": 1,
            "eps": 0.76,
            "eps_growth_year": -52.8,
            "eps_4q": 7.62,
            "eps_4q_growth_year": -0.56,
            "roe": 1.7,
            "roe_4q": 18.419999999999998,
            "gross_profit": 496337,
            "gross_margin": 36.48,
            "gross_margin_4q_avg": 35.37,
            "net_income": 97072,
            "net_income_4q": null,
            "revenue": 1360747,
            "revenue_4q": null,
            "common_shares": 1281127,
            "book_valuer_per_share": 44.17,
            "book_valuer_per_share_4q_avg": 41.72,
            "equity": 5798497,
            "current_ratio": 449.25,
            "debt_ratio": 25.32,
            "inventory_turnover_ratio": 0.86,
            "account_receivable_turnover_ratio": 0.69,
            "reinvestment_rate": 16.63,
            "research_to_sale_ratio": 2.27,
            "price_fair": 221.55,
            "eps_avg_yearly": 6.33,
            "eps_latest_yearly": 3.04,
            "eps_growth_yearly": 32.68
        },
        "20182": {
            "year_quarter": 20182,
            "year": 2018,
            "quarter": 2,
            "eps": 2.4,
            "eps_growth_year": -20,
            "eps_4q": 7.02,
            "eps_4q_growth_year": -21.35,
            "roe": 5.43,
            "roe_4q": 16.29,
            "gross_profit": 606236,
            "gross_margin": 39,
            "gross_margin_4q_avg": 36.67,
            "net_income": 308633,
            "net_income_4q": null,
            "revenue": 1554284,
            "revenue_4q": null,
            "common_shares": 1281127,
            "book_valuer_per_share": 42.4,
            "book_valuer_per_share_4q_avg": 42.65,
            "equity": 5572320,
            "current_ratio": 319.43,
            "debt_ratio": 31.78,
            "inventory_turnover_ratio": 0.89,
            "account_receivable_turnover_ratio": 0.8,
            "reinvestment_rate": 18.25,
            "research_to_sale_ratio": 2.02,
            "price_fair": 235.2,
            "eps_avg_yearly": 6.72,
            "eps_latest_yearly": 9.6,
            "eps_growth_yearly": 94.13
        },
        "20183": {
            "year_quarter": 20183,
            "year": 2018,
            "quarter": 3,
            "eps": 2.7,
            "eps_growth_year": 48.35,
            "eps_4q": 7.9,
            "eps_4q_growth_year": -4.76,
            "roe": 6.13,
            "roe_4q": 17.959999999999997,
            "gross_profit": 636879,
            "gross_margin": 39.36,
            "gross_margin_4q_avg": 38.13,
            "net_income": 345553,
            "net_income_4q": null,
            "revenue": 1618249,
            "revenue_4q": null,
            "common_shares": 1281127,
            "book_valuer_per_share": 43.47,
            "book_valuer_per_share_4q_avg": 43.27,
            "equity": 5708715,
            "current_ratio": 436.87,
            "debt_ratio": 26.64,
            "inventory_turnover_ratio": 0.91,
            "account_receivable_turnover_ratio": 0.79,
            "reinvestment_rate": 19.46,
            "research_to_sale_ratio": 1.93,
            "price_fair": 246.4,
            "eps_avg_yearly": 7.04,
            "eps_latest_yearly": 10.8,
            "eps_growth_yearly": 79.99
        },
        "20184": {
            "year_quarter": 20184,
            "year": 2018,
            "quarter": 4,
            "eps": 1.81,
            "eps_growth_year": -11.35,
            "eps_4q": 7.67,
            "eps_4q_growth_year": -9.38,
            "roe": 4.03,
            "roe_4q": 17.29,
            "gross_profit": 501708,
            "gross_margin": 33.75,
            "gross_margin_4q_avg": 37.15,
            "net_income": 237370,
            "net_income_4q": null,
            "revenue": 1486669,
            "revenue_4q": null,
            "common_shares": 1281127,
            "book_valuer_per_share": 46.18,
            "book_valuer_per_share_4q_avg": 44.06,
            "equity": 6059758,
            "current_ratio": 423.83,
            "debt_ratio": 26.51,
            "inventory_turnover_ratio": 0.98,
            "account_receivable_turnover_ratio": 0.71,
            "reinvestment_rate": 20.88,
            "research_to_sale_ratio": 2.54,
            "price_fair": 249.9,
            "eps_avg_yearly": 7.14,
            "eps_latest_yearly": 7.24,
            "eps_growth_yearly": 71.93
        },
        "20191": {
            "year_quarter": 20191,
            "year": 2019,
            "quarter": 1,
            "eps": 1.95,
            "eps_growth_year": 156.58,
            "eps_4q": 8.86,
            "eps_4q_growth_year": 16.34,
            "roe": 4.07,
            "roe_4q": 19.66,
            "gross_profit": 549327,
            "gross_margin": 39.12,
            "gross_margin_4q_avg": 37.81,
            "net_income": 253454,
            "net_income_4q": null,
            "revenue": 1404060,
            "revenue_4q": null,
            "common_shares": 1281127,
            "book_valuer_per_share": 48.79,
            "book_valuer_per_share_4q_avg": 45.21,
            "equity": 6398757,
            "current_ratio": 452.46,
            "debt_ratio": 25.88,
            "inventory_turnover_ratio": 0.9,
            "account_receivable_turnover_ratio": 0.69,
            "reinvestment_rate": 22.07,
            "research_to_sale_ratio": 3.17,
            "price_fair": 257.43,
            "eps_avg_yearly": 7.36,
            "eps_latest_yearly": 7.8,
            "eps_growth_yearly": 79.54
        },
        "20192": {
            "year_quarter": 20192,
            "year": 2019,
            "quarter": 2,
            "eps": 1.95,
            "eps_growth_year": -18.75,
            "eps_4q": 8.42,
            "eps_4q_growth_year": 19.89,
            "roe": 4.03,
            "roe_4q": 18.26,
            "gross_profit": 529331,
            "gross_margin": 37.14,
            "gross_margin_4q_avg": 37.34,
            "net_income": 251846,
            "net_income_4q": null,
            "revenue": 1425193,
            "revenue_4q": null,
            "common_shares": 1281127,
            "book_valuer_per_share": 46.46,
            "book_valuer_per_share_4q_avg": 46.23,
            "equity": 6100929,
            "current_ratio": 343.96,
            "debt_ratio": 31.04,
            "inventory_turnover_ratio": 0.98,
            "account_receivable_turnover_ratio": 0.73,
            "reinvestment_rate": 20.8,
            "research_to_sale_ratio": 3.62,
            "price_fair": 265.3,
            "eps_avg_yearly": 7.58,
            "eps_latest_yearly": 7.8,
            "eps_growth_yearly": 80.45
        },
        "20193": {
            "year_quarter": 20193,
            "year": 2019,
            "quarter": 3,
            "eps": 2.56,
            "eps_growth_year": -5.19,
            "eps_4q": 8.27,
            "eps_4q_growth_year": 4.7,
            "roe": 5.22,
            "roe_4q": 17.35,
            "gross_profit": 626480,
            "gross_margin": 42.83,
            "gross_margin_4q_avg": 38.21,
            "net_income": 323677,
            "net_income_4q": null,
            "revenue": 1462770,
            "revenue_4q": null,
            "common_shares": 1281127,
            "book_valuer_per_share": 48.09,
            "book_valuer_per_share_4q_avg": 47.38,
            "equity": 6305961,
            "current_ratio": 522.2,
            "debt_ratio": 24.71,
            "inventory_turnover_ratio": 0.96,
            "account_receivable_turnover_ratio": 0.76,
            "reinvestment_rate": 18.88,
            "research_to_sale_ratio": 3.52,
            "price_fair": 269.24,
            "eps_avg_yearly": 7.69,
            "eps_latest_yearly": 10.24,
            "eps_growth_yearly": 63.04
        },
        "20194": {
            "year_quarter": 20194,
            "year": 2019,
            "quarter": 4,
            "eps": 2.25,
            "eps_growth_year": 24.11,
            "eps_4q": 8.71,
            "eps_4q_growth_year": 13.56,
            "roe": 4.47,
            "roe_4q": 17.79,
            "gross_profit": 635191,
            "gross_margin": 41.73,
            "gross_margin_4q_avg": 40.21,
            "net_income": 286288,
            "net_income_4q": null,
            "revenue": 1522209,
            "revenue_4q": null,
            "common_shares": 1281127,
            "book_valuer_per_share": 49.73,
            "book_valuer_per_share_4q_avg": 48.27,
            "equity": 6514983,
            "current_ratio": 483.59,
            "debt_ratio": 25.55,
            "inventory_turnover_ratio": 1.06,
            "account_receivable_turnover_ratio": 0.77,
            "reinvestment_rate": 16.97,
            "research_to_sale_ratio": 3.38,
            "price_fair": 278.95,
            "eps_avg_yearly": 7.97,
            "eps_latest_yearly": 9,
            "eps_growth_yearly": 71.5
        },
        "20201": {
            "year_quarter": 20201,
            "year": 2020,
            "quarter": 1,
            "eps": 1.56,
            "eps_growth_year": -20,
            "eps_4q": 8.32,
            "eps_4q_growth_year": -6.13,
            "roe": 2.98,
            "roe_4q": 16.7,
            "gross_profit": 424421,
            "gross_margin": 38.73,
            "gross_margin_4q_avg": 40.11,
            "net_income": 196819,
            "net_income_4q": null,
            "revenue": 1095742,
            "revenue_4q": null,
            "common_shares": 1281127,
            "book_valuer_per_share": 51.15,
            "book_valuer_per_share_4q_avg": 48.86,
            "equity": 6693725,
            "current_ratio": 528.8,
            "debt_ratio": 24.69,
            "inventory_turnover_ratio": 0.82,
            "account_receivable_turnover_ratio": 0.58,
            "reinvestment_rate": 12.86,
            "research_to_sale_ratio": 3.96,
            "price_fair": 284.11,
            "eps_avg_yearly": 8.12,
            "eps_latest_yearly": 6.24,
            "eps_growth_yearly": 67.56
        },
        "20202": {
            "year_quarter": 20202,
            "year": 2020,
            "quarter": 2,
            "eps": 2.64,
            "eps_growth_year": 35.38,
            "eps_4q": 9,
            "eps_4q_growth_year": 6.95,
            "roe": 5.15,
            "roe_4q": 17.82,
            "gross_profit": 691122,
            "gross_margin": 46.12,
            "gross_margin_4q_avg": 42.35,
            "net_income": 336775,
            "net_income_4q": null,
            "revenue": 1498545,
            "revenue_4q": null,
            "common_shares": 1281127,
            "book_valuer_per_share": 48.74,
            "book_valuer_per_share_4q_avg": 49.43,
            "equity": 6384035,
            "current_ratio": 348,
            "debt_ratio": 31.71,
            "inventory_turnover_ratio": 0.92,
            "account_receivable_turnover_ratio": 0.8,
            "reinvestment_rate": 10.66,
            "research_to_sale_ratio": 3.47,
            "price_fair": 292.08,
            "eps_avg_yearly": 8.35,
            "eps_latest_yearly": 10.56,
            "eps_growth_yearly": 65.28
        },
        "20203": {
            "year_quarter": 20203,
            "year": 2020,
            "quarter": 3,
            "eps": 3.27,
            "eps_growth_year": 27.73,
            "eps_4q": 9.72,
            "eps_4q_growth_year": 17.44,
            "roe": 6.31,
            "roe_4q": 18.91,
            "gross_profit": 781079,
            "gross_margin": 48.22,
            "gross_margin_4q_avg": 43.7,
            "net_income": 418950,
            "net_income_4q": null,
            "revenue": 1619691,
            "revenue_4q": null,
            "common_shares": 1281127,
            "book_valuer_per_share": 52.79,
            "book_valuer_per_share_4q_avg": 50.6,
            "equity": 6901970,
            "current_ratio": 347.05,
            "debt_ratio": 31.74,
            "inventory_turnover_ratio": 0.84,
            "account_receivable_turnover_ratio": 0.77,
            "reinvestment_rate": 12.92,
            "research_to_sale_ratio": 3.92,
            "price_fair": 299.25,
            "eps_avg_yearly": 8.55,
            "eps_latest_yearly": 13.08,
            "eps_growth_yearly": 60.84
        },
        "20204": {
            "year_quarter": 20204,
            "year": 2020,
            "quarter": 4,
            "eps": 3.34,
            "eps_growth_year": 48.65,
            "eps_4q": 10.81,
            "eps_4q_growth_year": 24.11,
            "roe": 5.97,
            "roe_4q": 20.41,
            "gross_profit": 817983,
            "gross_margin": 47.94,
            "gross_margin_4q_avg": 45.25,
            "net_income": 428059,
            "net_income_4q": null,
            "revenue": 1706280,
            "revenue_4q": null,
            "common_shares": 1281127,
            "book_valuer_per_share": 57.02,
            "book_valuer_per_share_4q_avg": 52.43,
            "equity": 7444787,
            "current_ratio": 394.09,
            "debt_ratio": 32.51,
            "inventory_turnover_ratio": 0.77,
            "account_receivable_turnover_ratio": 0.74,
            "reinvestment_rate": 10.1,
            "research_to_sale_ratio": 3.88,
            "price_fair": 312.03,
            "eps_avg_yearly": 8.92,
            "eps_latest_yearly": 13.36,
            "eps_growth_yearly": 67.2
        },
        "20211": {
            "year_quarter": 20211,
            "year": 2021,
            "quarter": 1,
            "eps": 3.18,
            "eps_growth_year": 103.85,
            "eps_4q": 12.43,
            "eps_4q_growth_year": 49.4,
            "roe": 5.33,
            "roe_4q": 22.759999999999998,
            "gross_profit": 779741,
            "gross_margin": 44.33,
            "gross_margin_4q_avg": 46.65,
            "net_income": 407346,
            "net_income_4q": null,
            "revenue": 1758867,
            "revenue_4q": null,
            "common_shares": 1281127,
            "book_valuer_per_share": 60.02,
            "book_valuer_per_share_4q_avg": 54.64,
            "equity": 7828921,
            "current_ratio": 430.72,
            "debt_ratio": 31.26,
            "inventory_turnover_ratio": 0.75,
            "account_receivable_turnover_ratio": 0.72,
            "reinvestment_rate": 9.1,
            "research_to_sale_ratio": 3.86,
            "price_fair": 325.76,
            "eps_avg_yearly": 9.31,
            "eps_latest_yearly": 12.72,
            "eps_growth_yearly": 69.59
        },
        "20212": {
            "year_quarter": 20212,
            "year": 2021,
            "quarter": 2,
            "eps": 3.39,
            "eps_growth_year": 28.41,
            "eps_4q": 13.18,
            "eps_4q_growth_year": 46.43,
            "roe": 5.47,
            "roe_4q": 23.08,
            "gross_profit": 886976,
            "gross_margin": 45.24,
            "gross_margin_4q_avg": 46.43,
            "net_income": 439061,
            "net_income_4q": null,
            "revenue": 1960452,
            "revenue_4q": null,
            "common_shares": 1281127,
            "book_valuer_per_share": 63.16,
            "book_valuer_per_share_4q_avg": 58.25,
            "equity": 8235487,
            "current_ratio": 397.42,
            "debt_ratio": 32.91,
            "inventory_turnover_ratio": 0.74,
            "account_receivable_turnover_ratio": 0.79,
            "reinvestment_rate": 14.07,
            "research_to_sale_ratio": 3.51,
            "price_fair": 329.18,
            "eps_avg_yearly": 9.41,
            "eps_latest_yearly": 13.56,
            "eps_growth_yearly": 49.66
        },
        "20213": {
            "year_quarter": 20213,
            "year": 2021,
            "quarter": 3,
            "eps": 2.94,
            "eps_growth_year": -10.09,
            "eps_4q": 12.86,
            "eps_4q_growth_year": 32.29,
            "roe": 4.72,
            "roe_4q": 21.49,
            "gross_profit": 807940,
            "gross_margin": 42.17,
            "gross_margin_4q_avg": 44.92,
            "net_income": 379937,
            "net_income_4q": null,
            "revenue": 1916060,
            "revenue_4q": null,
            "common_shares": 1281127,
            "book_valuer_per_share": 60.39,
            "book_valuer_per_share_4q_avg": 60.15,
            "equity": 7850019,
            "current_ratio": 312.94,
            "debt_ratio": 38.12,
            "inventory_turnover_ratio": 0.66,
            "account_receivable_turnover_ratio": 0.77,
            "reinvestment_rate": 15.08,
            "research_to_sale_ratio": 4.2,
            "price_fair": 338.98,
            "eps_avg_yearly": 9.69,
            "eps_latest_yearly": 11.76,
            "eps_growth_yearly": 56.17
        },
        "20214": {
            "year_quarter": 20214,
            "year": 2021,
            "quarter": 4,
            "eps": 2.8,
            "eps_growth_year": -16.26,
            "eps_4q": 12.31,
            "eps_4q_growth_year": 13.88,
            "roe": 4.52,
            "roe_4q": 20.04,
            "gross_profit": 764774,
            "gross_margin": 41,
            "gross_margin_4q_avg": 43.19,
            "net_income": 364279,
            "net_income_4q": null,
            "revenue": 1865076,
            "revenue_4q": null,
            "common_shares": 1281127,
            "book_valuer_per_share": 63.68,
            "book_valuer_per_share_4q_avg": 61.81,
            "equity": 8276353,
            "current_ratio": 383.25,
            "debt_ratio": 34.68,
            "inventory_turnover_ratio": 0.59,
            "account_receivable_turnover_ratio": 0.81,
            "reinvestment_rate": 15.85,
            "research_to_sale_ratio": 4.34,
            "price_fair": 345.63,
            "eps_avg_yearly": 9.88,
            "eps_latest_yearly": 11.2,
            "eps_growth_yearly": 51.96
        },
        "20221": {
            "year_quarter": 20221,
            "year": 2022,
            "quarter": 1,
            "eps": 3.1,
            "eps_growth_year": -2.52,
            "eps_4q": 12.23,
            "eps_4q_growth_year": -1.58,
            "roe": 4.66,
            "roe_4q": 19.369999999999997,
            "gross_profit": 707063,
            "gross_margin": 39.28,
            "gross_margin_4q_avg": 41.92,
            "net_income": 399312,
            "net_income_4q": null,
            "revenue": 1799959,
            "revenue_4q": null,
            "common_shares": 1281127,
            "book_valuer_per_share": 68.35,
            "book_valuer_per_share_4q_avg": 63.9,
            "equity": 8877102,
            "current_ratio": 504.73,
            "debt_ratio": 31.14,
            "inventory_turnover_ratio": 0.55,
            "account_receivable_turnover_ratio": 0.81,
            "reinvestment_rate": 18.47,
            "research_to_sale_ratio": 4.43,
            "price_fair": 366.1,
            "eps_avg_yearly": 10.46,
            "eps_latest_yearly": 12.4,
            "eps_growth_yearly": 70.32
        },
        "20222": {
            "year_quarter": 20222,
            "year": 2022,
            "quarter": 2,
            "eps": 3.18,
            "eps_growth_year": -6.19,
            "eps_4q": 12.02,
            "eps_4q_growth_year": -8.83,
            "roe": 4.77,
            "roe_4q": 18.669999999999998,
            "gross_profit": 713830,
            "gross_margin": 37.57,
            "gross_margin_4q_avg": 40.01,
            "net_income": 411441,
            "net_income_4q": null,
            "revenue": 1899772,
            "revenue_4q": null,
            "common_shares": 1281127,
            "book_valuer_per_share": 64.47,
            "book_valuer_per_share_4q_avg": 64.22,
            "equity": 8383680,
            "current_ratio": 342.46,
            "debt_ratio": 38.4,
            "inventory_turnover_ratio": 0.58,
            "account_receivable_turnover_ratio": 0.85,
            "reinvestment_rate": 18.86,
            "research_to_sale_ratio": 4.48,
            "price_fair": 287.91,
            "eps_avg_yearly": 10.66,
            "eps_latest_yearly": 12.72,
            "eps_growth_yearly": 17.02
        },
        "20223": {
            "year_quarter": 20223,
            "year": 2022,
            "quarter": 3,
            "eps": 3.12,
            "eps_growth_year": 6.12,
            "eps_4q": 12.2,
            "eps_4q_growth_year": -5.08,
            "roe": 4.67,
            "roe_4q": 18.619999999999997,
            "gross_profit": 632367,
            "gross_margin": 33.48,
            "gross_margin_4q_avg": 37.83,
            "net_income": 403435,
            "net_income_4q": null,
            "revenue": 1888547,
            "revenue_4q": null,
            "common_shares": 1281127,
            "book_valuer_per_share": 68.32,
            "book_valuer_per_share_4q_avg": 66.21,
            "equity": 8879616,
            "current_ratio": 419.24,
            "debt_ratio": 34.85,
            "inventory_turnover_ratio": 0.63,
            "account_receivable_turnover_ratio": 0.84,
            "reinvestment_rate": 19.81,
            "research_to_sale_ratio": 4.2,
            "price_fair": 252.05,
            "eps_avg_yearly": 10.76,
            "eps_latest_yearly": 12.48,
            "eps_growth_yearly": 13.42
        },
        "20224": {
            "year_quarter": 20224,
            "year": 2022,
            "quarter": 4,
            "eps": 1.32,
            "eps_growth_year": -52.86,
            "eps_4q": 10.72,
            "eps_4q_growth_year": -12.9,
            "roe": 1.97,
            "roe_4q": 16.07,
            "gross_profit": 580116,
            "gross_margin": 30.94,
            "gross_margin_4q_avg": 35.32,
            "net_income": 175790,
            "net_income_4q": null,
            "revenue": 1874857,
            "revenue_4q": null,
            "common_shares": 1281127,
            "book_valuer_per_share": 68.76,
            "book_valuer_per_share_4q_avg": 67.48,
            "equity": 8943447,
            "current_ratio": 397.37,
            "debt_ratio": 34.99,
            "inventory_turnover_ratio": 0.72,
            "account_receivable_turnover_ratio": 0.83,
            "reinvestment_rate": 21.92,
            "research_to_sale_ratio": 4.39,
            "price_fair": 183.41,
            "eps_avg_yearly": 10.64,
            "eps_latest_yearly": 5.28,
            "eps_growth_yearly": 7.24
        },
        "20231": {
            "year_quarter": 20231,
            "year": 2023,
            "quarter": 1,
            "eps": 2.34,
            "eps_growth_year": -24.52,
            "eps_4q": 9.96,
            "eps_4q_growth_year": -18.54,
            "roe": 3.34,
            "roe_4q": 14.75,
            "gross_profit": 651332,
            "gross_margin": 37.89,
            "gross_margin_4q_avg": 34.97,
            "net_income": 304255,
            "net_income_4q": null,
            "revenue": 1719103,
            "revenue_4q": null,
            "common_shares": 1281127,
            "book_valuer_per_share": 71.31,
            "book_valuer_per_share_4q_avg": 68.22,
            "equity": 9274107,
            "current_ratio": 566.48,
            "debt_ratio": 30.26,
            "inventory_turnover_ratio": 0.67,
            "account_receivable_turnover_ratio": 0.78,
            "reinvestment_rate": 24.54,
            "research_to_sale_ratio": 5.07,
            "price_fair": 371.72,
            "eps_avg_yearly": 10.74,
            "eps_latest_yearly": 9.36,
            "eps_growth_yearly": 24.63
        },
        "20232": {
            "year_quarter": 20232,
            "year": 2023,
            "quarter": 2,
            "eps": 2.43,
            "eps_growth_year": -23.58,
            "eps_4q": 9.22,
            "eps_4q_growth_year": -23.33,
            "roe": 3.48,
            "roe_4q": 13.46,
            "gross_profit": 655972,
            "gross_margin": 36.11,
            "gross_margin_4q_avg": 34.61,
            "net_income": 313041,
            "net_income_4q": null,
            "revenue": 1816449,
            "revenue_4q": null,
            "common_shares": 1281127,
            "book_valuer_per_share": 67.14,
            "book_valuer_per_share_4q_avg": 68.88,
            "equity": 8741819,
            "current_ratio": 410.07,
            "debt_ratio": 35.3,
            "inventory_turnover_ratio": 0.81,
            "account_receivable_turnover_ratio": 0.82,
            "reinvestment_rate": 26.54,
            "research_to_sale_ratio": 4.82,
            "price_fair": 379.93,
            "eps_avg_yearly": 10.86,
            "eps_latest_yearly": 9.72,
            "eps_growth_yearly": 25.59
        },
        "20233": {
            "year_quarter": 20233,
            "year": 2023,
            "quarter": 3,
            "eps": 2.6,
            "eps_growth_year": -16.67,
            "eps_4q": 8.69,
            "eps_4q_growth_year": -28.79,
            "roe": 3.7,
            "roe_4q": 12.49,
            "gross_profit": 692689,
            "gross_margin": 39.28,
            "gross_margin_4q_avg": 36.06,
            "net_income": 334937,
            "net_income_4q": null,
            "revenue": 1763393,
            "revenue_4q": null,
            "common_shares": 1281127,
            "book_valuer_per_share": 72.03,
            "book_valuer_per_share_4q_avg": 69.81,
            "equity": 9369889,
            "current_ratio": 524.11,
            "debt_ratio": 31.42,
            "inventory_turnover_ratio": 0.82,
            "account_receivable_turnover_ratio": 0.74,
            "reinvestment_rate": 30.15,
            "research_to_sale_ratio": 4.86,
            "price_fair": 320.7,
            "eps_avg_yearly": 10.87,
            "eps_latest_yearly": 10.4,
            "eps_growth_yearly": 19.52
        },
        "20234": {
            "year_quarter": 20234,
            "year": 2023,
            "quarter": 4,
            "eps": 2.84,
            "eps_growth_year": 115.11,
            "eps_4q": 10.21,
            "eps_4q_growth_year": -4.81,
            "roe": 3.81,
            "roe_4q": 14.33,
            "gross_profit": 743774,
            "gross_margin": 41.83,
            "gross_margin_4q_avg": 38.78,
            "net_income": 358926,
            "net_income_4q": null,
            "revenue": 1778191,
            "revenue_4q": null,
            "common_shares": 1281127,
            "book_valuer_per_share": 72.67,
            "book_valuer_per_share_4q_avg": 70.79,
            "equity": 9447813,
            "current_ratio": 487.48,
            "debt_ratio": 30.78,
            "inventory_turnover_ratio": 0.82,
            "account_receivable_turnover_ratio": 0.74,
            "reinvestment_rate": 29.45,
            "research_to_sale_ratio": 5.63,
            "price_fair": 383.8,
            "eps_avg_yearly": 11.01,
            "eps_latest_yearly": 11.36,
            "eps_growth_yearly": 24.85
        }
    },
    "months": {
        "2001-06": {
            "month": "2001-06",
            "price": "30.60",
            "revenue": 40181
        },
        "2001-07": {
            "month": "2001-07",
            "price": "22.09",
            "revenue": 44634
        },
        "2001-08": {
            "month": "2001-08",
            "price": "22.14",
            "revenue": 55016
        },
        "2001-09": {
            "month": "2001-09",
            "price": "22.34",
            "revenue": 61481
        },
        "2001-10": {
            "month": "2001-10",
            "price": "22.42",
            "revenue": 57556
        },
        "2001-11": {
            "month": "2001-11",
            "price": "26.20",
            "revenue": 56857
        },
        "2001-12": {
            "month": "2001-12",
            "price": "29.30",
            "revenue": 51850
        },
        "2002-01": {
            "month": "2002-01",
            "price": "28.94",
            "revenue": 55682
        },
        "2002-02": {
            "month": "2002-02",
            "price": "28.56",
            "revenue": 48304
        },
        "2002-03": {
            "month": "2002-03",
            "price": "29.12",
            "revenue": 60431
        },
        "2002-04": {
            "month": "2002-04",
            "price": "30.37",
            "revenue": 57222
        },
        "2002-05": {
            "month": "2002-05",
            "price": "26.67",
            "revenue": 59435
        },
        "2002-06": {
            "month": "2002-06",
            "price": "25.92",
            "revenue": 53598
        },
        "2002-07": {
            "month": "2002-07",
            "price": "22.45",
            "revenue": 55683
        },
        "2002-08": {
            "month": "2002-08",
            "price": "20.66",
            "revenue": 63576
        },
        "2002-09": {
            "month": "2002-09",
            "price": "22.28",
            "revenue": 68219
        },
        "2002-10": {
            "month": "2002-10",
            "price": "22.57",
            "revenue": 74001
        },
        "2002-11": {
            "month": "2002-11",
            "price": "23.91",
            "revenue": 67913
        },
        "2002-12": {
            "month": "2002-12",
            "price": "23.45",
            "revenue": 66178
        },
        "2003-01": {
            "month": "2003-01",
            "price": "22.57",
            "revenue": 60394
        },
        "2003-02": {
            "month": "2003-02",
            "price": "20.83",
            "revenue": 51462
        },
        "2003-03": {
            "month": "2003-03",
            "price": "20.69",
            "revenue": 63731
        },
        "2003-04": {
            "month": "2003-04",
            "price": "21.05",
            "revenue": 65704
        },
        "2003-05": {
            "month": "2003-05",
            "price": "21.88",
            "revenue": 65533
        },
        "2003-06": {
            "month": "2003-06",
            "price": "24.54",
            "revenue": 66910
        },
        "2003-07": {
            "month": "2003-07",
            "price": "24.53",
            "revenue": 71773
        },
        "2003-08": {
            "month": "2003-08",
            "price": "24.00",
            "revenue": 77311
        },
        "2003-09": {
            "month": "2003-09",
            "price": "23.55",
            "revenue": 92297
        },
        "2003-10": {
            "month": "2003-10",
            "price": "23.95",
            "revenue": 95182
        },
        "2003-11": {
            "month": "2003-11",
            "price": "26.69",
            "revenue": 88352
        },
        "2003-12": {
            "month": "2003-12",
            "price": "27.63",
            "revenue": 82093
        },
        "2004-01": {
            "month": "2004-01",
            "price": "27.26",
            "revenue": 73852
        },
        "2004-02": {
            "month": "2004-02",
            "price": "27.34",
            "revenue": 85663
        },
        "2004-03": {
            "month": "2004-03",
            "price": "26.35",
            "revenue": 96177
        },
        "2004-04": {
            "month": "2004-04",
            "price": "25.93",
            "revenue": 92301
        },
        "2004-05": {
            "month": "2004-05",
            "price": "22.57",
            "revenue": 88230
        },
        "2004-06": {
            "month": "2004-06",
            "price": "21.65",
            "revenue": 79610
        },
        "2004-07": {
            "month": "2004-07",
            "price": "19.90",
            "revenue": 90581
        },
        "2004-08": {
            "month": "2004-08",
            "price": "18.88",
            "revenue": 97943
        },
        "2004-09": {
            "month": "2004-09",
            "price": "20.75",
            "revenue": 105267
        },
        "2004-10": {
            "month": "2004-10",
            "price": "20.36",
            "revenue": 97709
        },
        "2004-11": {
            "month": "2004-11",
            "price": "18.90",
            "revenue": 90707
        },
        "2004-12": {
            "month": "2004-12",
            "price": "18.11",
            "revenue": 72946
        },
        "2005-01": {
            "month": "2005-01",
            "price": "17.91",
            "revenue": 82657
        },
        "2005-02": {
            "month": "2005-02",
            "price": "18.45",
            "revenue": 60777
        },
        "2005-03": {
            "month": "2005-03",
            "price": "19.65",
            "revenue": 96272
        },
        "2005-04": {
            "month": "2005-04",
            "price": "18.25",
            "revenue": 94753
        },
        "2005-05": {
            "month": "2005-05",
            "price": "17.38",
            "revenue": 87582
        },
        "2005-06": {
            "month": "2005-06",
            "price": "18.44",
            "revenue": 89557
        },
        "2005-07": {
            "month": "2005-07",
            "price": "19.42",
            "revenue": 97747
        },
        "2005-08": {
            "month": "2005-08",
            "price": "18.18",
            "revenue": 109710
        },
        "2005-09": {
            "month": "2005-09",
            "price": "17.22",
            "revenue": 119091
        },
        "2005-10": {
            "month": "2005-10",
            "price": "17.04",
            "revenue": 150293
        },
        "2005-11": {
            "month": "2005-11",
            "price": "17.42",
            "revenue": 120026
        },
        "2005-12": {
            "month": "2005-12",
            "price": "19.90",
            "revenue": 109107
        },
        "2006-01": {
            "month": "2006-01",
            "price": "25.00",
            "revenue": 103413
        },
        "2006-02": {
            "month": "2006-02",
            "price": "22.87",
            "revenue": 105588
        },
        "2006-03": {
            "month": "2006-03",
            "price": "26.00",
            "revenue": 125322
        },
        "2006-04": {
            "month": "2006-04",
            "price": "25.64",
            "revenue": 125308
        },
        "2006-05": {
            "month": "2006-05",
            "price": "25.02",
            "revenue": 108272
        },
        "2006-06": {
            "month": "2006-06",
            "price": "21.42",
            "revenue": 124566
        },
        "2006-07": {
            "month": "2006-07",
            "price": "21.63",
            "revenue": 132535
        },
        "2006-08": {
            "month": "2006-08",
            "price": "22.76",
            "revenue": 147972
        },
        "2006-09": {
            "month": "2006-09",
            "price": "24.16",
            "revenue": 156888
        },
        "2006-10": {
            "month": "2006-10",
            "price": "25.14",
            "revenue": 150609
        },
        "2006-11": {
            "month": "2006-11",
            "price": "25.27",
            "revenue": 137628
        },
        "2006-12": {
            "month": "2006-12",
            "price": "26.39",
            "revenue": 121238
        },
        "2007-01": {
            "month": "2007-01",
            "price": "26.70",
            "revenue": 131391
        },
        "2007-02": {
            "month": "2007-02",
            "price": "26.48",
            "revenue": 102205
        },
        "2007-03": {
            "month": "2007-03",
            "price": "31.38",
            "revenue": 137890
        },
        "2007-04": {
            "month": "2007-04",
            "price": "32.67",
            "revenue": 143531
        },
        "2007-05": {
            "month": "2007-05",
            "price": "31.67",
            "revenue": 125084
        },
        "2007-06": {
            "month": "2007-06",
            "price": "39.91",
            "revenue": 139011
        },
        "2007-07": {
            "month": "2007-07",
            "price": "44.05",
            "revenue": 151055
        },
        "2007-08": {
            "month": "2007-08",
            "price": "45.44",
            "revenue": 160371
        },
        "2007-09": {
            "month": "2007-09",
            "price": "43.53",
            "revenue": 164849
        },
        "2007-10": {
            "month": "2007-10",
            "price": "42.84",
            "revenue": 154571
        },
        "2007-11": {
            "month": "2007-11",
            "price": "34.56",
            "revenue": 152242
        },
        "2007-12": {
            "month": "2007-12",
            "price": "29.11",
            "revenue": 138967
        },
        "2008-01": {
            "month": "2008-01",
            "price": "26.33",
            "revenue": 145080
        },
        "2008-02": {
            "month": "2008-02",
            "price": "25.69",
            "revenue": 113550
        },
        "2008-03": {
            "month": "2008-03",
            "price": "27.38",
            "revenue": 150269
        },
        "2008-04": {
            "month": "2008-04",
            "price": "28.26",
            "revenue": 174115
        },
        "2008-05": {
            "month": "2008-05",
            "price": "28.15",
            "revenue": 165058
        },
        "2008-06": {
            "month": "2008-06",
            "price": "25.95",
            "revenue": 164166
        },
        "2008-07": {
            "month": "2008-07",
            "price": "20.00",
            "revenue": 186913
        },
        "2008-08": {
            "month": "2008-08",
            "price": "20.90",
            "revenue": 202622
        },
        "2008-09": {
            "month": "2008-09",
            "price": "19.09",
            "revenue": 207925
        },
        "2008-10": {
            "month": "2008-10",
            "price": "15.60",
            "revenue": 171264
        },
        "2008-11": {
            "month": "2008-11",
            "price": "12.93",
            "revenue": 109383
        },
        "2008-12": {
            "month": "2008-12",
            "price": "12.27",
            "revenue": 101459
        },
        "2009-01": {
            "month": "2009-01",
            "price": "12.24",
            "revenue": 92549
        },
        "2009-02": {
            "month": "2009-02",
            "price": "13.07",
            "revenue": 115350
        },
        "2009-03": {
            "month": "2009-03",
            "price": "15.42",
            "revenue": 141492
        },
        "2009-04": {
            "month": "2009-04",
            "price": "17.03",
            "revenue": 146330
        },
        "2009-05": {
            "month": "2009-05",
            "price": "20.51",
            "revenue": 148579
        },
        "2009-06": {
            "month": "2009-06",
            "price": "19.54",
            "revenue": 144716
        },
        "2009-07": {
            "month": "2009-07",
            "price": "23.74",
            "revenue": 170197
        },
        "2009-08": {
            "month": "2009-08",
            "price": "30.44",
            "revenue": 193641
        },
        "2009-09": {
            "month": "2009-09",
            "price": "39.99",
            "revenue": 202200
        },
        "2009-10": {
            "month": "2009-10",
            "price": "49.98",
            "revenue": 169802
        },
        "2009-11": {
            "month": "2009-11",
            "price": "52.70",
            "revenue": 197827
        },
        "2009-12": {
            "month": "2009-12",
            "price": "59.23",
            "revenue": 187496
        },
        "2010-01": {
            "month": "2010-01",
            "price": "58.02",
            "revenue": 201317
        },
        "2010-02": {
            "month": "2010-02",
            "price": "54.43",
            "revenue": 142294
        },
        "2010-03": {
            "month": "2010-03",
            "price": "54.87",
            "revenue": 218483
        },
        "2010-04": {
            "month": "2010-04",
            "price": "55.88",
            "revenue": 238328
        },
        "2010-05": {
            "month": "2010-05",
            "price": "48.86",
            "revenue": 236639
        },
        "2010-06": {
            "month": "2010-06",
            "price": "47.49",
            "revenue": 226786
        },
        "2010-07": {
            "month": "2010-07",
            "price": "46.97",
            "revenue": 277354
        },
        "2010-08": {
            "month": "2010-08",
            "price": "51.56",
            "revenue": 261390
        },
        "2010-09": {
            "month": "2010-09",
            "price": "48.54",
            "revenue": 226463
        },
        "2010-10": {
            "month": "2010-10",
            "price": "47.42",
            "revenue": 210668
        },
        "2010-11": {
            "month": "2010-11",
            "price": "45.12",
            "revenue": 232040
        },
        "2010-12": {
            "month": "2010-12",
            "price": "47.02",
            "revenue": 220168
        },
        "2011-01": {
            "month": "2011-01",
            "price": "46.20",
            "revenue": 218142
        },
        "2011-02": {
            "month": "2011-02",
            "price": "45.88",
            "revenue": 141380
        },
        "2011-03": {
            "month": "2011-03",
            "price": "48.49",
            "revenue": 234348
        },
        "2011-04": {
            "month": "2011-04",
            "price": "48.84",
            "revenue": 224214
        },
        "2011-05": {
            "month": "2011-05",
            "price": "44.93",
            "revenue": 216500
        },
        "2011-06": {
            "month": "2011-06",
            "price": "43.25",
            "revenue": 211181
        },
        "2011-07": {
            "month": "2011-07",
            "price": "39.95",
            "revenue": 227181
        },
        "2011-08": {
            "month": "2011-08",
            "price": "30.44",
            "revenue": 224390
        },
        "2011-09": {
            "month": "2011-09",
            "price": "25.60",
            "revenue": 349224
        },
        "2011-10": {
            "month": "2011-10",
            "price": "25.63",
            "revenue": 346457
        },
        "2011-11": {
            "month": "2011-11",
            "price": "26.94",
            "revenue": 371586
        },
        "2011-12": {
            "month": "2011-12",
            "price": "25.63",
            "revenue": 360683
        },
        "2012-01": {
            "month": "2012-01",
            "price": "27.14",
            "revenue": 270145
        },
        "2012-02": {
            "month": "2012-02",
            "price": "31.28",
            "revenue": 315388
        },
        "2012-03": {
            "month": "2012-03",
            "price": "31.96",
            "revenue": 371813
        },
        "2012-04": {
            "month": "2012-04",
            "price": "28.78",
            "revenue": 363004
        },
        "2012-05": {
            "month": "2012-05",
            "price": "28.78",
            "revenue": 366944
        },
        "2012-06": {
            "month": "2012-06",
            "price": "27.12",
            "revenue": 371690
        },
        "2012-07": {
            "month": "2012-07",
            "price": "26.10",
            "revenue": 349585
        },
        "2012-08": {
            "month": "2012-08",
            "price": "30.00",
            "revenue": 356397
        },
        "2012-09": {
            "month": "2012-09",
            "price": "29.50",
            "revenue": 362031
        },
        "2012-10": {
            "month": "2012-10",
            "price": "27.60",
            "revenue": 313900
        },
        "2012-11": {
            "month": "2012-11",
            "price": "27.50",
            "revenue": 349614
        },
        "2012-12": {
            "month": "2012-12",
            "price": "28.35",
            "revenue": 343657
        },
        "2013-01": {
            "month": "2013-01",
            "price": "28.78",
            "revenue": 366195
        },
        "2013-02": {
            "month": "2013-02",
            "price": "31.79",
            "revenue": 240146
        },
        "2013-03": {
            "month": "2013-03",
            "price": "32.09",
            "revenue": 280850
        },
        "2013-04": {
            "month": "2013-04",
            "price": "31.12",
            "revenue": 366941
        },
        "2013-05": {
            "month": "2013-05",
            "price": "31.25",
            "revenue": 385379
        },
        "2013-06": {
            "month": "2013-06",
            "price": "31.10",
            "revenue": 358127
        },
        "2013-07": {
            "month": "2013-07",
            "price": "31.66",
            "revenue": 392579
        },
        "2013-08": {
            "month": "2013-08",
            "price": "34.35",
            "revenue": 372693
        },
        "2013-09": {
            "month": "2013-09",
            "price": "34.18",
            "revenue": 370802
        },
        "2013-10": {
            "month": "2013-10",
            "price": "34.16",
            "revenue": 363219
        },
        "2013-11": {
            "month": "2013-11",
            "price": "34.93",
            "revenue": 381002
        },
        "2013-12": {
            "month": "2013-12",
            "price": "39.24",
            "revenue": 383974
        },
        "2014-01": {
            "month": "2014-01",
            "price": "41.39",
            "revenue": 361943
        },
        "2014-02": {
            "month": "2014-02",
            "price": "40.33",
            "revenue": 284361
        },
        "2014-03": {
            "month": "2014-03",
            "price": "43.23",
            "revenue": 359219
        },
        "2014-04": {
            "month": "2014-04",
            "price": "49.67",
            "revenue": 375604
        },
        "2014-05": {
            "month": "2014-05",
            "price": "51.83",
            "revenue": 393608
        },
        "2014-06": {
            "month": "2014-06",
            "price": "52.10",
            "revenue": 363480
        },
        "2014-07": {
            "month": "2014-07",
            "price": "49.78",
            "revenue": 402383
        },
        "2014-08": {
            "month": "2014-08",
            "price": "46.88",
            "revenue": 423472
        },
        "2014-09": {
            "month": "2014-09",
            "price": "45.96",
            "revenue": 405286
        },
        "2014-10": {
            "month": "2014-10",
            "price": "43.03",
            "revenue": 372233
        },
        "2014-11": {
            "month": "2014-11",
            "price": "44.00",
            "revenue": 395942
        },
        "2014-12": {
            "month": "2014-12",
            "price": "45.44",
            "revenue": 419139
        },
        "2015-01": {
            "month": "2015-01",
            "price": "44.99",
            "revenue": 419602
        },
        "2015-02": {
            "month": "2015-02",
            "price": "46.19",
            "revenue": 284560
        },
        "2015-03": {
            "month": "2015-03",
            "price": "47.26",
            "revenue": 399362
        },
        "2015-04": {
            "month": "2015-04",
            "price": "44.18",
            "revenue": 420508
        },
        "2015-05": {
            "month": "2015-05",
            "price": "42.89",
            "revenue": 428066
        },
        "2015-06": {
            "month": "2015-06",
            "price": "42.48",
            "revenue": 444437
        },
        "2015-07": {
            "month": "2015-07",
            "price": "42.38",
            "revenue": 465791
        },
        "2015-08": {
            "month": "2015-08",
            "price": "40.32",
            "revenue": 454696
        },
        "2015-09": {
            "month": "2015-09",
            "price": "39.57",
            "revenue": 473639
        },
        "2015-10": {
            "month": "2015-10",
            "price": "43.22",
            "revenue": 434223
        },
        "2015-11": {
            "month": "2015-11",
            "price": "46.97",
            "revenue": 446469
        },
        "2015-12": {
            "month": "2015-12",
            "price": "53.57",
            "revenue": 450743
        },
        "2016-01": {
            "month": "2016-01",
            "price": "49.72",
            "revenue": 462369
        },
        "2016-02": {
            "month": "2016-02",
            "price": "53.13",
            "revenue": 316350
        },
        "2016-03": {
            "month": "2016-03",
            "price": "54.88",
            "revenue": 383974
        },
        "2016-04": {
            "month": "2016-04",
            "price": "51.42",
            "revenue": 458525
        },
        "2016-05": {
            "month": "2016-05",
            "price": "48.39",
            "revenue": 460123
        },
        "2016-06": {
            "month": "2016-06",
            "price": "49.55",
            "revenue": 461147
        },
        "2016-07": {
            "month": "2016-07",
            "price": "50.90",
            "revenue": 460816
        },
        "2016-08": {
            "month": "2016-08",
            "price": "55.56",
            "revenue": 469624
        },
        "2016-09": {
            "month": "2016-09",
            "price": "62.13",
            "revenue": 476850
        },
        "2016-10": {
            "month": "2016-10",
            "price": "64.92",
            "revenue": 438696
        },
        "2016-11": {
            "month": "2016-11",
            "price": "61.01",
            "revenue": 507347
        },
        "2016-12": {
            "month": "2016-12",
            "price": "62.93",
            "revenue": 516393
        },
        "2017-01": {
            "month": "2017-01",
            "price": "66.37",
            "revenue": 449503
        },
        "2017-02": {
            "month": "2017-02",
            "price": "68.89",
            "revenue": 395357
        },
        "2017-03": {
            "month": "2017-03",
            "price": "67.97",
            "revenue": 491246
        },
        "2017-04": {
            "month": "2017-04",
            "price": "65.84",
            "revenue": 501235
        },
        "2017-05": {
            "month": "2017-05",
            "price": "78.18",
            "revenue": 482579
        },
        "2017-06": {
            "month": "2017-06",
            "price": "85.45",
            "revenue": 500810
        },
        "2017-07": {
            "month": "2017-07",
            "price": "90.14",
            "revenue": 482569
        },
        "2017-08": {
            "month": "2017-08",
            "price": "95.87",
            "revenue": 487315
        },
        "2017-09": {
            "month": "2017-09",
            "price": "95.67",
            "revenue": 527643
        },
        "2017-10": {
            "month": "2017-10",
            "price": "93.05",
            "revenue": 476691
        },
        "2017-11": {
            "month": "2017-11",
            "price": "90.54",
            "revenue": 522103
        },
        "2017-12": {
            "month": "2017-12",
            "price": "83.42",
            "revenue": 509288
        },
        "2018-01": {
            "month": "2018-01",
            "price": "85.61",
            "revenue": 484298
        },
        "2018-02": {
            "month": "2018-02",
            "price": "82.48",
            "revenue": 400928
        },
        "2018-03": {
            "month": "2018-03",
            "price": "85.20",
            "revenue": 478846
        },
        "2018-04": {
            "month": "2018-04",
            "price": "88.60",
            "revenue": 506313
        },
        "2018-05": {
            "month": "2018-05",
            "price": "83.80",
            "revenue": 529305
        },
        "2018-06": {
            "month": "2018-06",
            "price": "91.46",
            "revenue": 516386
        },
        "2018-07": {
            "month": "2018-07",
            "price": "86.95",
            "revenue": 549886
        },
        "2018-08": {
            "month": "2018-08",
            "price": "85.31",
            "revenue": 541210
        },
        "2018-09": {
            "month": "2018-09",
            "price": "84.90",
            "revenue": 528710
        },
        "2018-10": {
            "month": "2018-10",
            "price": "68.46",
            "revenue": 489969
        },
        "2018-11": {
            "month": "2018-11",
            "price": "71.83",
            "revenue": 493076
        },
        "2018-12": {
            "month": "2018-12",
            "price": "79.07",
            "revenue": 493862
        },
        "2019-01": {
            "month": "2019-01",
            "price": "77.21",
            "revenue": 523219
        },
        "2019-02": {
            "month": "2019-02",
            "price": "84.55",
            "revenue": 379066
        },
        "2019-03": {
            "month": "2019-03",
            "price": "86.04",
            "revenue": 500571
        },
        "2019-04": {
            "month": "2019-04",
            "price": "84.45",
            "revenue": 429899
        },
        "2019-05": {
            "month": "2019-05",
            "price": "81.20",
            "revenue": 507105
        },
        "2019-06": {
            "month": "2019-06",
            "price": "79.40",
            "revenue": 489859
        },
        "2019-07": {
            "month": "2019-07",
            "price": "80.87",
            "revenue": 475630
        },
        "2019-08": {
            "month": "2019-08",
            "price": "79.15",
            "revenue": 500409
        },
        "2019-09": {
            "month": "2019-09",
            "price": "82.28",
            "revenue": 485932
        },
        "2019-10": {
            "month": "2019-10",
            "price": "82.11",
            "revenue": 489198
        },
        "2019-11": {
            "month": "2019-11",
            "price": "86.00",
            "revenue": 521804
        },
        "2019-12": {
            "month": "2019-12",
            "price": "93.77",
            "revenue": 509902
        },
        "2020-01": {
            "month": "2020-01",
            "price": "95.03",
            "revenue": 439403
        },
        "2020-02": {
            "month": "2020-02",
            "price": "87.86",
            "revenue": 231959
        },
        "2020-03": {
            "month": "2020-03",
            "price": "75.05",
            "revenue": 424129
        },
        "2020-04": {
            "month": "2020-04",
            "price": "78.02",
            "revenue": 507037
        },
        "2020-05": {
            "month": "2020-05",
            "price": "85.96",
            "revenue": 521921
        },
        "2020-06": {
            "month": "2020-06",
            "price": "89.90",
            "revenue": 468260
        },
        "2020-07": {
            "month": "2020-07",
            "price": "97.41",
            "revenue": 541506
        },
        "2020-08": {
            "month": "2020-08",
            "price": "107.60",
            "revenue": 531878
        },
        "2020-09": {
            "month": "2020-09",
            "price": "104.98",
            "revenue": 547277
        },
        "2020-10": {
            "month": "2020-10",
            "price": "107.58",
            "revenue": 541163
        },
        "2020-11": {
            "month": "2020-11",
            "price": "130.86",
            "revenue": 564338
        },
        "2020-12": {
            "month": "2020-12",
            "price": "150.30",
            "revenue": 599900
        },
        "2021-01": {
            "month": "2021-01",
            "price": "180.58",
            "revenue": 679014
        },
        "2021-02": {
            "month": "2021-02",
            "price": "195.08",
            "revenue": 474685
        },
        "2021-03": {
            "month": "2021-03",
            "price": "189.89",
            "revenue": 604446
        },
        "2021-04": {
            "month": "2021-04",
            "price": "187.26",
            "revenue": 629181
        },
        "2021-05": {
            "month": "2021-05",
            "price": "158.64",
            "revenue": 674374
        },
        "2021-06": {
            "month": "2021-06",
            "price": "173.81",
            "revenue": 657779
        },
        "2021-07": {
            "month": "2021-07",
            "price": "226.84",
            "revenue": 648222
        },
        "2021-08": {
            "month": "2021-08",
            "price": "208.43",
            "revenue": 620597
        },
        "2021-09": {
            "month": "2021-09",
            "price": "177.98",
            "revenue": 646093
        },
        "2021-10": {
            "month": "2021-10",
            "price": "163.10",
            "revenue": 586057
        },
        "2021-11": {
            "month": "2021-11",
            "price": "165.48",
            "revenue": 626681
        },
        "2021-12": {
            "month": "2021-12",
            "price": "153.50",
            "revenue": 652486
        },
        "2022-01": {
            "month": "2022-01",
            "price": "150.06",
            "revenue": 679922
        },
        "2022-02": {
            "month": "2022-02",
            "price": "148.33",
            "revenue": 547430
        },
        "2022-03": {
            "month": "2022-03",
            "price": "134.00",
            "revenue": 568994
        },
        "2022-04": {
            "month": "2022-04",
            "price": "134.71",
            "revenue": 636173
        },
        "2022-05": {
            "month": "2022-05",
            "price": "132.05",
            "revenue": 616902
        },
        "2022-06": {
            "month": "2022-06",
            "price": "133.95",
            "revenue": 649234
        },
        "2022-07": {
            "month": "2022-07",
            "price": "132.45",
            "revenue": 598600
        },
        "2022-08": {
            "month": "2022-08",
            "price": "140.67",
            "revenue": 645334
        },
        "2022-09": {
            "month": "2022-09",
            "price": "132.24",
            "revenue": 643760
        },
        "2022-10": {
            "month": "2022-10",
            "price": "114.62",
            "revenue": 629009
        },
        "2022-11": {
            "month": "2022-11",
            "price": "118.82",
            "revenue": 623679
        },
        "2022-12": {
            "month": "2022-12",
            "price": "120.36",
            "revenue": 623649
        },
        "2023-01": {
            "month": "2023-01",
            "price": "137.04",
            "revenue": 536287
        },
        "2023-02": {
            "month": "2023-02",
            "price": "146.19",
            "revenue": 557138
        },
        "2023-03": {
            "month": "2023-03",
            "price": "144.13",
            "revenue": 625340
        },
        "2023-04": {
            "month": "2023-04",
            "price": "153.38",
            "revenue": 596886
        },
        "2023-05": {
            "month": "2023-05",
            "price": "154.23",
            "revenue": 612338
        },
        "2023-06": {
            "month": "2023-06",
            "price": "157.45",
            "revenue": 607352
        },
        "2023-07": {
            "month": "2023-07",
            "price": "161.07",
            "revenue": 591321
        },
        "2023-08": {
            "month": "2023-08",
            "price": "161.77",
            "revenue": 605630
        },
        "2023-09": {
            "month": "2023-09",
            "price": "152.28",
            "revenue": 566456
        },
        "2023-10": {
            "month": "2023-10",
            "price": "142.00",
            "revenue": 555327
        },
        "2023-11": {
            "month": "2023-11",
            "price": "144.20",
            "revenue": 621016
        },
        "2023-12": {
            "month": "2023-12",
            "price": "159.88",
            "revenue": 601720
        }
    }
}
