{
    "summary": {
        "stock_name": "銘旺科",
        "stock_id": "2429",
        "category": "光電",
        "main_business": "光學面板",
        "website_url": "http://www.abonmax.com.tw",
        "ceo": "周維昆",
        "pe_ratio": -14,
        "report_year_from": 2001,
        "report_year_to": 2023,
        "age": 22,
        "eps_negative_percentage": 83,
        "eps_growth_avg": {
            "last_all": -100,
            "last_2y": -100,
            "last_4y": -100,
            "last_8y": -100,
            "last_12y": -100,
            "last_16y": -100,
            "last_20y": -100,
            "at_2006_last_3y": null,
            "at_2007_last_3y": null,
            "at_2008_last_3y": null,
            "at_2009_last_3y": null,
            "at_2010_last_3y": -100,
            "at_2011_last_3y": -100,
            "at_2012_last_3y": -100,
            "at_2013_last_3y": -100,
            "at_2014_last_3y": -100,
            "at_2015_last_3y": -100,
            "at_2016_last_3y": -100,
            "at_2017_last_3y": -100,
            "at_2018_last_3y": -100,
            "at_2019_last_3y": -100,
            "at_2020_last_3y": -100,
            "at_2021_last_3y": null,
            "at_2022_last_3y": -100,
            "at_2023_last_3y": -100,
            "at_2006_last_all": null,
            "at_2007_last_all": null,
            "at_2008_last_all": null,
            "at_2009_last_all": null,
            "at_2010_last_all": -100,
            "at_2011_last_all": -100,
            "at_2012_last_all": -100,
            "at_2013_last_all": -100,
            "at_2014_last_all": -100,
            "at_2015_last_all": -100,
            "at_2016_last_all": -100,
            "at_2017_last_all": -100,
            "at_2018_last_all": -100,
            "at_2019_last_all": -100,
            "at_2020_last_all": -100,
            "at_2021_last_all": -100,
            "at_2022_last_all": -100,
            "at_2023_last_all": -100
        },
        "latest_eps": -1.38,
        "latest_price": 19.7,
        "latest_roe": -23.7,
        "latest_gross_margin": 5.27,
        "latest_equity": 271856,
        "latest_revenue": 133202,
        "latest_gross_profit": 7018,
        "latest_net_income": -22119,
        "latest_debt_ratio": 69.22,
        "latest_current_ratio": 114.63,
        "latest_account_receivable_turnover_ratio": 2.38,
        "latest_inventory_turnover_ratio": 2.16,
        "latest_reinvestment_rate": null,
        "latest_research_to_sale_ratio": 3.63
    },
    "eps_dividends": {
        "1997": {
            "cash": 0,
            "stock": 11.76,
            "eps": 0
        },
        "1998": {
            "cash": 0,
            "stock": 2.45,
            "eps": 0
        },
        "1999": {
            "cash": 0,
            "stock": 2,
            "eps": 0
        },
        "2000": {
            "cash": 0,
            "stock": 1,
            "eps": 0
        },
        "2001": {
            "cash": 0,
            "stock": 0,
            "eps": -0.92
        },
        "2002": {
            "cash": 0,
            "stock": 0,
            "eps": -3.07
        },
        "2003": {
            "cash": 0,
            "stock": 0,
            "eps": -2.3
        },
        "2004": {
            "cash": 0,
            "stock": 0,
            "eps": -1.68
        },
        "2005": {
            "cash": 0,
            "stock": 0,
            "eps": -3.18
        },
        "2006": {
            "cash": 0,
            "stock": 0,
            "eps": -6.77
        },
        "2007": {
            "cash": 0,
            "stock": 0,
            "eps": -0.62
        },
        "2008": {
            "cash": 0,
            "stock": 0,
            "eps": -1.24
        },
        "2009": {
            "cash": 0,
            "stock": 0,
            "eps": 0.22
        },
        "2010": {
            "cash": 0,
            "stock": 0,
            "eps": -1.3
        },
        "2011": {
            "cash": 0,
            "stock": 0,
            "eps": -1.19
        },
        "2012": {
            "cash": 0,
            "stock": 0,
            "eps": 0.19
        },
        "2013": {
            "cash": 0,
            "stock": 0,
            "eps": -3.63
        },
        "2014": {
            "cash": 0,
            "stock": 0,
            "eps": -2.71
        },
        "2015": {
            "cash": 0,
            "stock": 0,
            "eps": -2.32
        },
        "2016": {
            "cash": 0,
            "stock": 0,
            "eps": 0.22
        },
        "2017": {
            "cash": 0,
            "stock": 0,
            "eps": -2.2
        },
        "2018": {
            "cash": 0,
            "stock": 0,
            "eps": -0.39
        },
        "2019": {
            "cash": 0,
            "stock": 0,
            "eps": -3.59
        },
        "2020": {
            "cash": 0,
            "stock": 0,
            "eps": -1.65
        },
        "2021": {
            "cash": 0,
            "stock": 0,
            "eps": 0.06
        },
        "2022": {
            "cash": 0,
            "stock": 0,
            "eps": -1.21
        },
        "2023": {
            "cash": 0,
            "stock": 0,
            "eps": -0.4
        }
    },
    "dividends": {
        "1997-09-10": {
            "cash": 0,
            "stock": 11.76
        },
        "1998-06-05": {
            "cash": 0,
            "stock": 2.45
        },
        "1999-06-02": {
            "cash": 0,
            "stock": 2
        },
        "2000-06-02": {
            "cash": 0,
            "stock": 1
        }
    },
    "prices": {
        "200101": "14.86",
        "200102": "16.48",
        "200103": "16.93",
        "200104": "17.46",
        "200105": "14.15",
        "200106": "13.82",
        "200107": "11.33",
        "200108": "10.28",
        "200109": "9.06",
        "200110": "7.52",
        "200111": "8.45",
        "200112": "11.32",
        "200201": "12.16",
        "200202": "11.63",
        "200203": "12.61",
        "200204": "15.31",
        "200205": "11.12",
        "200206": "10.31",
        "200207": "9.67",
        "200208": "9.58",
        "200209": "8.35",
        "200210": "9.17",
        "200211": "9.90",
        "200212": "9.24",
        "200301": "9.47",
        "200302": "8.80",
        "200303": "7.94",
        "200304": "7.78",
        "200305": "6.20",
        "200306": "7.33",
        "200307": "7.30",
        "200308": "6.64",
        "200309": "5.98",
        "200310": "6.60",
        "200311": "7.52",
        "200312": "7.28",
        "200401": "7.16",
        "200402": "8.06",
        "200403": "7.65",
        "200404": "7.55",
        "200405": "9.03",
        "200406": "10.89",
        "200407": "5.84",
        "200408": "3.13",
        "200409": "2.67",
        "200410": "2.65",
        "200411": "2.35",
        "200412": "2.22",
        "200501": "2.16",
        "200502": "2.31",
        "200503": "2.36",
        "200504": "1.86",
        "200505": "1.93",
        "200506": "2.86",
        "200507": "2.64",
        "200508": "2.23",
        "200509": "2.01",
        "200510": "1.85",
        "200511": "1.52",
        "200512": "1.47",
        "200601": "1.52",
        "200602": "1.45",
        "200603": "1.77",
        "200604": "4.47",
        "200605": "4.99",
        "200606": "3.51",
        "200607": "3.78",
        "200608": "3.11",
        "200609": "1.97",
        "200610": "2.32",
        "200611": "2.02",
        "200612": "3.06",
        "200701": "3.36",
        "200702": "3.25",
        "200703": "3.17",
        "200704": "3.03",
        "200705": "2.60",
        "200706": "2.39",
        "200707": "2.73",
        "200708": "2.68",
        "200709": "2.87",
        "200710": "2.88",
        "200711": "2.42",
        "200712": "1.57",
        "200801": "2.55",
        "200802": "2.68",
        "200803": "2.60",
        "200804": "2.10",
        "200805": "2.35",
        "200806": "1.99",
        "200807": "2.13",
        "200808": "5.61",
        "200809": "4.86",
        "200810": "無",
        "200811": "無",
        "200812": "無",
        "200901": "3.20",
        "200902": "2.78",
        "200903": "2.52",
        "200904": "2.55",
        "200905": "2.45",
        "200906": "2.31",
        "200907": "2.99",
        "200908": "2.65",
        "200909": "無",
        "200910": "2.30",
        "200911": "2.20",
        "200912": "1.80",
        "201001": "2.67",
        "201002": "5.40",
        "201003": "12.24",
        "201004": "16.21",
        "201005": "15.96",
        "201006": "14.52",
        "201007": "16.07",
        "201008": "14.84",
        "201009": "14.38",
        "201010": "12.42",
        "201011": "10.31",
        "201012": "7.66",
        "201101": "6.21",
        "201102": "10.09",
        "201103": "無",
        "201104": "7.09",
        "201105": "無",
        "201106": "5.27",
        "201107": "2.84",
        "201108": "2.36",
        "201109": "2.58",
        "201110": "4.65",
        "201111": "7.14",
        "201112": "無",
        "201201": "5.19",
        "201202": "5.59",
        "201203": "5.11",
        "201204": "無",
        "201205": "5.56",
        "201206": "無",
        "201207": "無",
        "201208": "無",
        "201209": "7.00",
        "201210": "8.97",
        "201211": "4.87",
        "201212": "7.27",
        "201301": "7.63",
        "201302": "6.40",
        "201303": "48.28",
        "201304": "46.66",
        "201305": "35.93",
        "201306": "43.66",
        "201307": "32.96",
        "201308": "28.22",
        "201309": "26.70",
        "201310": "19.72",
        "201311": "19.49",
        "201312": "17.11",
        "201401": "15.75",
        "201402": "17.75",
        "201403": "20.14",
        "201404": "20.00",
        "201405": "20.01",
        "201406": "19.78",
        "201407": "19.71",
        "201408": "19.76",
        "201409": "19.49",
        "201410": "18.70",
        "201411": "17.26",
        "201412": "14.67",
        "201501": "14.42",
        "201502": "14.99",
        "201503": "16.62",
        "201504": "16.88",
        "201505": "14.97",
        "201506": "15.19",
        "201507": "14.14",
        "201508": "13.68",
        "201509": "13.92",
        "201510": "13.97",
        "201511": "13.58",
        "201512": "11.52",
        "201601": "10.72",
        "201602": "10.29",
        "201603": "10.37",
        "201604": "9.25",
        "201605": "8.70",
        "201606": "7.83",
        "201607": "7.44",
        "201608": "15.55",
        "201609": "16.24",
        "201610": "18.09",
        "201611": "16.22",
        "201612": "16.70",
        "201701": "16.25",
        "201702": "15.39",
        "201703": "14.59",
        "201704": "12.91",
        "201705": "14.44",
        "201706": "14.35",
        "201707": "13.18",
        "201708": "12.95",
        "201709": "13.18",
        "201710": "12.80",
        "201711": "12.85",
        "201712": "11.56",
        "201801": "14.24",
        "201802": "15.52",
        "201803": "14.69",
        "201804": "13.19",
        "201805": "12.34",
        "201806": "13.11",
        "201807": "12.62",
        "201808": "11.70",
        "201809": "11.56",
        "201810": "11.01",
        "201811": "10.19",
        "201812": "10.56",
        "201901": "14.59",
        "201902": "13.61",
        "201903": "14.27",
        "201904": "14.23",
        "201905": "14.72",
        "201906": "15.39",
        "201907": "16.70",
        "201908": "17.02",
        "201909": "19.22",
        "201910": "25.36",
        "201911": "27.20",
        "201912": "27.23",
        "202001": "40.70",
        "202002": "35.54",
        "202003": "20.91",
        "202004": "21.76",
        "202005": "20.36",
        "202006": "20.57",
        "202007": "19.02",
        "202008": "17.78",
        "202009": "17.19",
        "202010": "17.18",
        "202011": "19.67",
        "202012": "19.54",
        "202101": "18.77",
        "202102": "17.75",
        "202103": "17.91",
        "202104": "17.90",
        "202105": "16.75",
        "202106": "16.02",
        "202107": "15.96",
        "202108": "15.35",
        "202109": "15.35",
        "202110": "17.48",
        "202111": "19.41",
        "202112": "22.31",
        "202201": "19.07",
        "202202": "17.24",
        "202203": "16.03",
        "202204": "15.71",
        "202205": "15.60",
        "202206": "14.98",
        "202207": "13.79",
        "202208": "12.88",
        "202209": "12.68",
        "202210": "10.48",
        "202211": "10.01",
        "202212": "10.84",
        "202301": "10.16",
        "202302": "10.26",
        "202303": "14.88",
        "202304": "19.56",
        "202305": "20.76"
    },
    "quarters": {
        "20011": {
            "year_quarter": 20011,
            "year": 2001,
            "quarter": 1,
            "eps": -0.28,
            "eps_growth_year": -2900,
            "eps_4q": 0.44,
            "eps_4q_growth_year": -59.24,
            "roe": -2.08,
            "roe_4q": -2.08,
            "gross_profit": 48642,
            "gross_margin": 17.42,
            "gross_margin_4q_avg": 17.42,
            "net_income": -23069,
            "revenue": 279302,
            "common_shares": 827385,
            "book_valuer_per_share": 13.27,
            "book_valuer_per_share_4q_avg": 13.27,
            "equity": 1097697,
            "current_ratio": 139.71,
            "debt_ratio": 47.93,
            "inventory_turnover_ratio": 1.58,
            "account_receivable_turnover_ratio": null,
            "reinvestment_rate": null,
            "research_to_sale_ratio": null,
            "price_fair": 0,
            "eps_avg_yearly": 0,
            "eps_latest_yearly": 0,
            "eps_growth_yearly": 0
        },
        "20012": {
            "year_quarter": 20012,
            "year": 2001,
            "quarter": 2,
            "eps": 0.06,
            "eps_growth_year": -72.73,
            "eps_4q": 0.3,
            "eps_4q_growth_year": -38.01,
            "roe": 0.44,
            "roe_4q": -1.6400000000000001,
            "gross_profit": 29276,
            "gross_margin": 11.31,
            "gross_margin_4q_avg": 14.37,
            "net_income": 4901,
            "revenue": 258810,
            "common_shares": 827385,
            "book_valuer_per_share": 13.41,
            "book_valuer_per_share_4q_avg": 13.34,
            "equity": 1109149,
            "current_ratio": 127.21,
            "debt_ratio": 49.6,
            "inventory_turnover_ratio": 1.88,
            "account_receivable_turnover_ratio": null,
            "reinvestment_rate": null,
            "research_to_sale_ratio": null,
            "price_fair": 0,
            "eps_avg_yearly": 0,
            "eps_latest_yearly": 0,
            "eps_growth_yearly": 0
        },
        "20013": {
            "year_quarter": 20013,
            "year": 2001,
            "quarter": 3,
            "eps": -0.31,
            "eps_growth_year": -179.49,
            "eps_4q": -0.4,
            "eps_4q_growth_year": -154.87,
            "roe": -2.36,
            "roe_4q": -4,
            "gross_profit": 31214,
            "gross_margin": 13.77,
            "gross_margin_4q_avg": 14.17,
            "net_income": -25768,
            "revenue": 226713,
            "common_shares": 827385,
            "book_valuer_per_share": 13.04,
            "book_valuer_per_share_4q_avg": 13.24,
            "equity": 1078695,
            "current_ratio": 123.24,
            "debt_ratio": 49.74,
            "inventory_turnover_ratio": 1.9,
            "account_receivable_turnover_ratio": null,
            "reinvestment_rate": null,
            "research_to_sale_ratio": null,
            "price_fair": 0,
            "eps_avg_yearly": 0,
            "eps_latest_yearly": 0,
            "eps_growth_yearly": 0
        },
        "20014": {
            "year_quarter": 20014,
            "year": 2001,
            "quarter": 4,
            "eps": -0.39,
            "eps_growth_year": -400,
            "eps_4q": -0.92,
            "eps_4q_growth_year": -224.72,
            "roe": -3.03,
            "roe_4q": -7.029999999999999,
            "gross_profit": 27394,
            "gross_margin": 15.88,
            "gross_margin_4q_avg": 14.6,
            "net_income": -32431,
            "revenue": 172512,
            "common_shares": 827385,
            "book_valuer_per_share": 12.81,
            "book_valuer_per_share_4q_avg": 13.13,
            "equity": 1060199,
            "current_ratio": 113.49,
            "debt_ratio": 50.99,
            "inventory_turnover_ratio": 1.17,
            "account_receivable_turnover_ratio": null,
            "reinvestment_rate": null,
            "research_to_sale_ratio": null,
            "price_fair": 0,
            "eps_avg_yearly": 0,
            "eps_latest_yearly": 0,
            "eps_growth_yearly": 0
        },
        "20021": {
            "year_quarter": 20021,
            "year": 2002,
            "quarter": 1,
            "eps": -0.68,
            "eps_growth_year": null,
            "eps_4q": -1.32,
            "eps_4q_growth_year": -397.66,
            "roe": -5.45,
            "roe_4q": -10.4,
            "gross_profit": -12342,
            "gross_margin": -10.51,
            "gross_margin_4q_avg": 7.61,
            "net_income": -56261,
            "revenue": 117443,
            "common_shares": 827385,
            "book_valuer_per_share": 12.15,
            "book_valuer_per_share_4q_avg": 12.85,
            "equity": 1005239,
            "current_ratio": 143.75,
            "debt_ratio": 43.64,
            "inventory_turnover_ratio": 1.05,
            "account_receivable_turnover_ratio": null,
            "reinvestment_rate": null,
            "research_to_sale_ratio": null,
            "price_fair": 0,
            "eps_avg_yearly": 0,
            "eps_latest_yearly": 0,
            "eps_growth_yearly": 0
        },
        "20022": {
            "year_quarter": 20022,
            "year": 2002,
            "quarter": 2,
            "eps": -0.95,
            "eps_growth_year": -1683.33,
            "eps_4q": -2.34,
            "eps_4q_growth_year": -868,
            "roe": -8.21,
            "roe_4q": -19.05,
            "gross_profit": -16088,
            "gross_margin": -14.7,
            "gross_margin_4q_avg": 1.11,
            "net_income": -78830,
            "revenue": 109433,
            "common_shares": 827385,
            "book_valuer_per_share": 11.06,
            "book_valuer_per_share_4q_avg": 12.27,
            "equity": 915075,
            "current_ratio": 118.63,
            "debt_ratio": 48.13,
            "inventory_turnover_ratio": 1.31,
            "account_receivable_turnover_ratio": null,
            "reinvestment_rate": null,
            "research_to_sale_ratio": null,
            "price_fair": 0,
            "eps_avg_yearly": 0,
            "eps_latest_yearly": 0,
            "eps_growth_yearly": 0
        },
        "20023": {
            "year_quarter": 20023,
            "year": 2002,
            "quarter": 3,
            "eps": -0.6,
            "eps_growth_year": null,
            "eps_4q": -2.62,
            "eps_4q_growth_year": null,
            "roe": -5.5,
            "roe_4q": -22.19,
            "gross_profit": -18593,
            "gross_margin": -16.57,
            "gross_margin_4q_avg": -6.48,
            "net_income": -49264,
            "revenue": 112204,
            "common_shares": 827385,
            "book_valuer_per_share": 10.58,
            "book_valuer_per_share_4q_avg": 11.65,
            "equity": 875260,
            "current_ratio": 114.56,
            "debt_ratio": 48.13,
            "inventory_turnover_ratio": 1.42,
            "account_receivable_turnover_ratio": null,
            "reinvestment_rate": null,
            "research_to_sale_ratio": null,
            "price_fair": 0,
            "eps_avg_yearly": 0,
            "eps_latest_yearly": 0,
            "eps_growth_yearly": 0
        },
        "20024": {
            "year_quarter": 20024,
            "year": 2002,
            "quarter": 4,
            "eps": -0.84,
            "eps_growth_year": null,
            "eps_4q": -3.06,
            "eps_4q_growth_year": null,
            "roe": -8.23,
            "roe_4q": -27.39,
            "gross_profit": -654,
            "gross_margin": -0.42,
            "gross_margin_4q_avg": -10.55,
            "net_income": -69135,
            "revenue": 153949,
            "common_shares": 827385,
            "book_valuer_per_share": 9.73,
            "book_valuer_per_share_4q_avg": 10.88,
            "equity": 804806,
            "current_ratio": 68.52,
            "debt_ratio": 56.13,
            "inventory_turnover_ratio": 1.4,
            "account_receivable_turnover_ratio": null,
            "reinvestment_rate": null,
            "research_to_sale_ratio": null,
            "price_fair": 0,
            "eps_avg_yearly": 0,
            "eps_latest_yearly": 0,
            "eps_growth_yearly": 0
        },
        "20031": {
            "year_quarter": 20031,
            "year": 2003,
            "quarter": 1,
            "eps": -0.53,
            "eps_growth_year": null,
            "eps_4q": -2.94,
            "eps_4q_growth_year": null,
            "roe": -5.56,
            "roe_4q": -27.5,
            "gross_profit": -14303,
            "gross_margin": -8.74,
            "gross_margin_4q_avg": -10.11,
            "net_income": -43462,
            "revenue": 163582,
            "common_shares": 827385,
            "book_valuer_per_share": 9.17,
            "book_valuer_per_share_4q_avg": 10.14,
            "equity": 758671,
            "current_ratio": 85.61,
            "debt_ratio": 52.69,
            "inventory_turnover_ratio": 1.68,
            "account_receivable_turnover_ratio": null,
            "reinvestment_rate": null,
            "research_to_sale_ratio": null,
            "price_fair": 0,
            "eps_avg_yearly": 0,
            "eps_latest_yearly": 0,
            "eps_growth_yearly": 0
        },
        "20032": {
            "year_quarter": 20032,
            "year": 2003,
            "quarter": 2,
            "eps": -1.27,
            "eps_growth_year": null,
            "eps_4q": -3.23,
            "eps_4q_growth_year": null,
            "roe": -14.95,
            "roe_4q": -34.239999999999995,
            "gross_profit": -7863,
            "gross_margin": -5.36,
            "gross_margin_4q_avg": -7.77,
            "net_income": -105476,
            "revenue": 146735,
            "common_shares": 827385,
            "book_valuer_per_share": 7.88,
            "book_valuer_per_share_4q_avg": 9.34,
            "equity": 652236,
            "current_ratio": 69.93,
            "debt_ratio": 57.86,
            "inventory_turnover_ratio": 1.88,
            "account_receivable_turnover_ratio": null,
            "reinvestment_rate": null,
            "research_to_sale_ratio": null,
            "price_fair": 0,
            "eps_avg_yearly": 0,
            "eps_latest_yearly": 0,
            "eps_growth_yearly": 0
        },
        "20033": {
            "year_quarter": 20033,
            "year": 2003,
            "quarter": 3,
            "eps": -0.4,
            "eps_growth_year": null,
            "eps_4q": -3.04,
            "eps_4q_growth_year": null,
            "roe": -5.26,
            "roe_4q": -34,
            "gross_profit": -6037,
            "gross_margin": -2.78,
            "gross_margin_4q_avg": -4.33,
            "net_income": -33282,
            "revenue": 217366,
            "common_shares": 827385,
            "book_valuer_per_share": 7.41,
            "book_valuer_per_share_4q_avg": 8.55,
            "equity": 613171,
            "current_ratio": 69.85,
            "debt_ratio": 61.66,
            "inventory_turnover_ratio": 2.45,
            "account_receivable_turnover_ratio": null,
            "reinvestment_rate": null,
            "research_to_sale_ratio": null,
            "price_fair": 0,
            "eps_avg_yearly": 0,
            "eps_latest_yearly": 0,
            "eps_growth_yearly": 0
        },
        "20034": {
            "year_quarter": 20034,
            "year": 2003,
            "quarter": 4,
            "eps": -0.1,
            "eps_growth_year": null,
            "eps_4q": -2.3,
            "eps_4q_growth_year": null,
            "roe": -1.33,
            "roe_4q": -27.099999999999998,
            "gross_profit": 30654,
            "gross_margin": 10.22,
            "gross_margin_4q_avg": -1.67,
            "net_income": -8463,
            "revenue": 300079,
            "common_shares": 827385,
            "book_valuer_per_share": 7.43,
            "book_valuer_per_share_4q_avg": 7.97,
            "equity": 659872,
            "current_ratio": 65.21,
            "debt_ratio": 66.09,
            "inventory_turnover_ratio": 1.76,
            "account_receivable_turnover_ratio": null,
            "reinvestment_rate": null,
            "research_to_sale_ratio": null,
            "price_fair": 0,
            "eps_avg_yearly": 0,
            "eps_latest_yearly": 0,
            "eps_growth_yearly": 0
        },
        "20041": {
            "year_quarter": 20041,
            "year": 2004,
            "quarter": 1,
            "eps": -0.57,
            "eps_growth_year": null,
            "eps_4q": -2.35,
            "eps_4q_growth_year": null,
            "roe": -7.67,
            "roe_4q": -29.21,
            "gross_profit": -4244,
            "gross_margin": -2.01,
            "gross_margin_4q_avg": 0.02,
            "net_income": -47254,
            "revenue": 210908,
            "common_shares": 827385,
            "book_valuer_per_share": 6.91,
            "book_valuer_per_share_4q_avg": 7.41,
            "equity": 571882,
            "current_ratio": 72.28,
            "debt_ratio": 64.77,
            "inventory_turnover_ratio": 1.27,
            "account_receivable_turnover_ratio": null,
            "reinvestment_rate": null,
            "research_to_sale_ratio": null,
            "price_fair": 0,
            "eps_avg_yearly": 0,
            "eps_latest_yearly": 0,
            "eps_growth_yearly": 0
        },
        "20042": {
            "year_quarter": 20042,
            "year": 2004,
            "quarter": 2,
            "eps": -0.3,
            "eps_growth_year": null,
            "eps_4q": -1.37,
            "eps_4q_growth_year": null,
            "roe": -4.42,
            "roe_4q": -18.68,
            "gross_profit": -9830,
            "gross_margin": -4.86,
            "gross_margin_4q_avg": 0.14,
            "net_income": -24687,
            "revenue": 202343,
            "common_shares": 827385,
            "book_valuer_per_share": 6.58,
            "book_valuer_per_share_4q_avg": 7.08,
            "equity": 544149,
            "current_ratio": 70.93,
            "debt_ratio": 66.9,
            "inventory_turnover_ratio": 1.57,
            "account_receivable_turnover_ratio": null,
            "reinvestment_rate": null,
            "research_to_sale_ratio": null,
            "price_fair": 0,
            "eps_avg_yearly": 0,
            "eps_latest_yearly": 0,
            "eps_growth_yearly": 0
        },
        "20043": {
            "year_quarter": 20043,
            "year": 2004,
            "quarter": 3,
            "eps": -0.4,
            "eps_growth_year": null,
            "eps_4q": -1.37,
            "eps_4q_growth_year": null,
            "roe": -6.25,
            "roe_4q": -19.67,
            "gross_profit": 6192,
            "gross_margin": 2.63,
            "gross_margin_4q_avg": 1.5,
            "net_income": -32990,
            "revenue": 235150,
            "common_shares": 827385,
            "book_valuer_per_share": 6.18,
            "book_valuer_per_share_4q_avg": 6.78,
            "equity": 511184,
            "current_ratio": 59.08,
            "debt_ratio": 67.12,
            "inventory_turnover_ratio": 1.76,
            "account_receivable_turnover_ratio": null,
            "reinvestment_rate": null,
            "research_to_sale_ratio": null,
            "price_fair": 0,
            "eps_avg_yearly": 0,
            "eps_latest_yearly": 0,
            "eps_growth_yearly": 0
        },
        "20044": {
            "year_quarter": 20044,
            "year": 2004,
            "quarter": 4,
            "eps": -0.41,
            "eps_growth_year": null,
            "eps_4q": -1.68,
            "eps_4q_growth_year": null,
            "roe": -6.46,
            "roe_4q": -24.800000000000004,
            "gross_profit": 8155,
            "gross_margin": 3.63,
            "gross_margin_4q_avg": -0.15,
            "net_income": -33595,
            "revenue": 224822,
            "common_shares": 827385,
            "book_valuer_per_share": 5.83,
            "book_valuer_per_share_4q_avg": 6.38,
            "equity": 528651,
            "current_ratio": 76.32,
            "debt_ratio": 72.12,
            "inventory_turnover_ratio": 1.24,
            "account_receivable_turnover_ratio": null,
            "reinvestment_rate": null,
            "research_to_sale_ratio": null,
            "price_fair": 0,
            "eps_avg_yearly": 0,
            "eps_latest_yearly": 0,
            "eps_growth_yearly": 0
        },
        "20051": {
            "year_quarter": 20051,
            "year": 2005,
            "quarter": 1,
            "eps": 0,
            "eps_growth_year": null,
            "eps_4q": -1.1,
            "eps_4q_growth_year": null,
            "roe": 0.07,
            "roe_4q": -17.060000000000002,
            "gross_profit": 41991,
            "gross_margin": 15.59,
            "gross_margin_4q_avg": 4.25,
            "net_income": 373,
            "revenue": 269355,
            "common_shares": 827385,
            "book_valuer_per_share": 5.84,
            "book_valuer_per_share_4q_avg": 6.11,
            "equity": 483371,
            "current_ratio": 76.06,
            "debt_ratio": 72.57,
            "inventory_turnover_ratio": 1.24,
            "account_receivable_turnover_ratio": null,
            "reinvestment_rate": null,
            "research_to_sale_ratio": null,
            "price_fair": 0,
            "eps_avg_yearly": 0,
            "eps_latest_yearly": 0,
            "eps_growth_yearly": 0
        },
        "20052": {
            "year_quarter": 20052,
            "year": 2005,
            "quarter": 2,
            "eps": -0.4,
            "eps_growth_year": null,
            "eps_4q": -1.2,
            "eps_4q_growth_year": null,
            "roe": -7.18,
            "roe_4q": -19.82,
            "gross_profit": -4673,
            "gross_margin": -2.32,
            "gross_margin_4q_avg": 4.88,
            "net_income": -33427,
            "revenue": 201279,
            "common_shares": 827385,
            "book_valuer_per_share": 5.41,
            "book_valuer_per_share_4q_avg": 5.82,
            "equity": 447818,
            "current_ratio": 67.59,
            "debt_ratio": 72.58,
            "inventory_turnover_ratio": 1.51,
            "account_receivable_turnover_ratio": null,
            "reinvestment_rate": null,
            "research_to_sale_ratio": null,
            "price_fair": 0,
            "eps_avg_yearly": 0,
            "eps_latest_yearly": 0,
            "eps_growth_yearly": 0
        },
        "20053": {
            "year_quarter": 20053,
            "year": 2005,
            "quarter": 3,
            "eps": -0.16,
            "eps_growth_year": null,
            "eps_4q": -0.8,
            "eps_4q_growth_year": null,
            "roe": -2.97,
            "roe_4q": -16.54,
            "gross_profit": 8634,
            "gross_margin": 3.3,
            "gross_margin_4q_avg": 5.05,
            "net_income": -13518,
            "revenue": 261500,
            "common_shares": 1000000,
            "book_valuer_per_share": 4.63,
            "book_valuer_per_share_4q_avg": 5.43,
            "equity": 463094,
            "current_ratio": 69.65,
            "debt_ratio": 72.65,
            "inventory_turnover_ratio": 1.87,
            "account_receivable_turnover_ratio": null,
            "reinvestment_rate": null,
            "research_to_sale_ratio": null,
            "price_fair": 0,
            "eps_avg_yearly": 0,
            "eps_latest_yearly": 0,
            "eps_growth_yearly": 0
        },
        "20054": {
            "year_quarter": 20054,
            "year": 2005,
            "quarter": 4,
            "eps": -2.62,
            "eps_growth_year": null,
            "eps_4q": -3.61,
            "eps_4q_growth_year": null,
            "roe": -24.58,
            "roe_4q": -34.66,
            "gross_profit": 48744,
            "gross_margin": 15.9,
            "gross_margin_4q_avg": 8.12,
            "net_income": -105312,
            "revenue": 306658,
            "common_shares": 1000000,
            "book_valuer_per_share": 3.55,
            "book_valuer_per_share_4q_avg": 4.86,
            "equity": 393627,
            "current_ratio": 77.01,
            "debt_ratio": 79.38,
            "inventory_turnover_ratio": 1.25,
            "account_receivable_turnover_ratio": null,
            "reinvestment_rate": null,
            "research_to_sale_ratio": null,
            "price_fair": 0,
            "eps_avg_yearly": 0,
            "eps_latest_yearly": 0,
            "eps_growth_yearly": 0
        },
        "20061": {
            "year_quarter": 20061,
            "year": 2006,
            "quarter": 1,
            "eps": -1.09,
            "eps_growth_year": null,
            "eps_4q": -4.49,
            "eps_4q_growth_year": null,
            "roe": -12.8,
            "roe_4q": -47.529999999999994,
            "gross_profit": 13810,
            "gross_margin": 5.28,
            "gross_margin_4q_avg": 5.54,
            "net_income": -48831,
            "revenue": 261664,
            "common_shares": 625300,
            "book_valuer_per_share": 5.91,
            "book_valuer_per_share_4q_avg": 4.88,
            "equity": 369486,
            "current_ratio": 78.21,
            "debt_ratio": 74.27,
            "inventory_turnover_ratio": 1.15,
            "account_receivable_turnover_ratio": null,
            "reinvestment_rate": null,
            "research_to_sale_ratio": null,
            "price_fair": 0,
            "eps_avg_yearly": 0,
            "eps_latest_yearly": 0,
            "eps_growth_yearly": 0
        },
        "20062": {
            "year_quarter": 20062,
            "year": 2006,
            "quarter": 2,
            "eps": -2.1,
            "eps_growth_year": null,
            "eps_4q": -4.48,
            "eps_4q_growth_year": null,
            "roe": -35.94,
            "roe_4q": -76.28999999999999,
            "gross_profit": -18979,
            "gross_margin": -8.69,
            "gross_margin_4q_avg": 3.95,
            "net_income": -112481,
            "revenue": 218390,
            "common_shares": 625300,
            "book_valuer_per_share": 4.1,
            "book_valuer_per_share_4q_avg": 4.55,
            "equity": 256490,
            "current_ratio": 68.12,
            "debt_ratio": 81.81,
            "inventory_turnover_ratio": 1.52,
            "account_receivable_turnover_ratio": null,
            "reinvestment_rate": null,
            "research_to_sale_ratio": null,
            "price_fair": 0,
            "eps_avg_yearly": 0,
            "eps_latest_yearly": 0,
            "eps_growth_yearly": 0
        },
        "20063": {
            "year_quarter": 20063,
            "year": 2006,
            "quarter": 3,
            "eps": -0.31,
            "eps_growth_year": null,
            "eps_4q": -4.55,
            "eps_4q_growth_year": null,
            "roe": -7.2,
            "roe_4q": -80.52,
            "gross_profit": 13989,
            "gross_margin": 5.44,
            "gross_margin_4q_avg": 4.48,
            "net_income": -17723,
            "revenue": 257150,
            "common_shares": 625300,
            "book_valuer_per_share": 3.77,
            "book_valuer_per_share_4q_avg": 4.33,
            "equity": 235567,
            "current_ratio": 65.75,
            "debt_ratio": 83.7,
            "inventory_turnover_ratio": 1.39,
            "account_receivable_turnover_ratio": null,
            "reinvestment_rate": null,
            "research_to_sale_ratio": null,
            "price_fair": 0,
            "eps_avg_yearly": 0,
            "eps_latest_yearly": 0,
            "eps_growth_yearly": 0
        },
        "20064": {
            "year_quarter": 20064,
            "year": 2006,
            "quarter": 4,
            "eps": -3.27,
            "eps_growth_year": null,
            "eps_4q": -5.03,
            "eps_4q_growth_year": null,
            "roe": -127.91,
            "roe_4q": -183.85,
            "gross_profit": -12252,
            "gross_margin": -4.99,
            "gross_margin_4q_avg": -0.74,
            "net_income": -241550,
            "revenue": 245539,
            "common_shares": 1575300,
            "book_valuer_per_share": 0.89,
            "book_valuer_per_share_4q_avg": 3.67,
            "equity": 142124,
            "current_ratio": 67.24,
            "debt_ratio": 90.44,
            "inventory_turnover_ratio": 1.15,
            "account_receivable_turnover_ratio": null,
            "reinvestment_rate": null,
            "research_to_sale_ratio": null,
            "price_fair": 0,
            "eps_avg_yearly": 0,
            "eps_latest_yearly": 0,
            "eps_growth_yearly": 0
        },
        "20071": {
            "year_quarter": 20071,
            "year": 2007,
            "quarter": 1,
            "eps": -0.18,
            "eps_growth_year": null,
            "eps_4q": -2.48,
            "eps_4q_growth_year": null,
            "roe": -23,
            "roe_4q": -194.04999999999998,
            "gross_profit": -7212,
            "gross_margin": -3.21,
            "gross_margin_4q_avg": -2.86,
            "net_income": -29052,
            "revenue": 224824,
            "common_shares": 1575300,
            "book_valuer_per_share": 0.7,
            "book_valuer_per_share_4q_avg": 2.37,
            "equity": 110515,
            "current_ratio": 67.5,
            "debt_ratio": 90.07,
            "inventory_turnover_ratio": 1.13,
            "account_receivable_turnover_ratio": null,
            "reinvestment_rate": null,
            "research_to_sale_ratio": null,
            "price_fair": 0,
            "eps_avg_yearly": 0,
            "eps_latest_yearly": 0,
            "eps_growth_yearly": 0
        },
        "20072": {
            "year_quarter": 20072,
            "year": 2007,
            "quarter": 2,
            "eps": -0.29,
            "eps_growth_year": null,
            "eps_4q": -2.12,
            "eps_4q_growth_year": null,
            "roe": -52.94,
            "roe_4q": -211.04999999999998,
            "gross_profit": -10161,
            "gross_margin": -7.38,
            "gross_margin_4q_avg": -2.54,
            "net_income": -46263,
            "revenue": 137663,
            "common_shares": 1575300,
            "book_valuer_per_share": 0.41,
            "book_valuer_per_share_4q_avg": 1.44,
            "equity": 64252,
            "current_ratio": 54.6,
            "debt_ratio": 93.29,
            "inventory_turnover_ratio": 0.92,
            "account_receivable_turnover_ratio": null,
            "reinvestment_rate": null,
            "research_to_sale_ratio": null,
            "price_fair": 0,
            "eps_avg_yearly": 0,
            "eps_latest_yearly": 0,
            "eps_growth_yearly": 0
        },
        "20073": {
            "year_quarter": 20073,
            "year": 2007,
            "quarter": 3,
            "eps": -0.02,
            "eps_growth_year": null,
            "eps_4q": -1.7,
            "eps_4q_growth_year": null,
            "roe": -3.31,
            "roe_4q": -207.16,
            "gross_profit": 45235,
            "gross_margin": 17.94,
            "gross_margin_4q_avg": 0.59,
            "net_income": -3195,
            "revenue": 252177,
            "common_shares": 1880000,
            "book_valuer_per_share": 0.68,
            "book_valuer_per_share_4q_avg": 0.67,
            "equity": 128700,
            "current_ratio": 61.54,
            "debt_ratio": 87.13,
            "inventory_turnover_ratio": 1.24,
            "account_receivable_turnover_ratio": null,
            "reinvestment_rate": null,
            "research_to_sale_ratio": null,
            "price_fair": 0,
            "eps_avg_yearly": 0,
            "eps_latest_yearly": 0,
            "eps_growth_yearly": 0
        },
        "20074": {
            "year_quarter": 20074,
            "year": 2007,
            "quarter": 4,
            "eps": -0.13,
            "eps_growth_year": null,
            "eps_4q": -0.59,
            "eps_4q_growth_year": null,
            "roe": -19.33,
            "roe_4q": -98.58,
            "gross_profit": 33054,
            "gross_margin": 13.34,
            "gross_margin_4q_avg": 5.17,
            "net_income": -22683,
            "revenue": 247700,
            "common_shares": 1880000,
            "book_valuer_per_share": 0.56,
            "book_valuer_per_share_4q_avg": 0.59,
            "equity": 106017,
            "current_ratio": 57.92,
            "debt_ratio": 88.75,
            "inventory_turnover_ratio": 1.44,
            "account_receivable_turnover_ratio": null,
            "reinvestment_rate": null,
            "research_to_sale_ratio": null,
            "price_fair": 0,
            "eps_avg_yearly": 0,
            "eps_latest_yearly": 0,
            "eps_growth_yearly": 0
        },
        "20081": {
            "year_quarter": 20081,
            "year": 2008,
            "quarter": 1,
            "eps": -0.14,
            "eps_growth_year": null,
            "eps_4q": -0.52,
            "eps_4q_growth_year": null,
            "roe": -28.94,
            "roe_4q": -104.52,
            "gross_profit": 22504,
            "gross_margin": 10.07,
            "gross_margin_4q_avg": 8.49,
            "net_income": -26807,
            "revenue": 223452,
            "common_shares": 1880000,
            "book_valuer_per_share": 0.42,
            "book_valuer_per_share_4q_avg": 0.52,
            "equity": 79210,
            "current_ratio": 55.22,
            "debt_ratio": 91.61,
            "inventory_turnover_ratio": 1.49,
            "account_receivable_turnover_ratio": null,
            "reinvestment_rate": null,
            "research_to_sale_ratio": null,
            "price_fair": 0,
            "eps_avg_yearly": 0,
            "eps_latest_yearly": 0,
            "eps_growth_yearly": 0
        },
        "20082": {
            "year_quarter": 20082,
            "year": 2008,
            "quarter": 2,
            "eps": -0.2,
            "eps_growth_year": null,
            "eps_4q": -1.07,
            "eps_4q_growth_year": null,
            "roe": -16.17,
            "roe_4q": -67.75,
            "gross_profit": 23907,
            "gross_margin": 9.61,
            "gross_margin_4q_avg": 12.74,
            "net_income": -11852,
            "revenue": 248695,
            "common_shares": 604700,
            "book_valuer_per_share": 1.11,
            "book_valuer_per_share_4q_avg": 0.69,
            "equity": 67358,
            "current_ratio": 54.46,
            "debt_ratio": 92.89,
            "inventory_turnover_ratio": 1.53,
            "account_receivable_turnover_ratio": null,
            "reinvestment_rate": null,
            "research_to_sale_ratio": null,
            "price_fair": 0,
            "eps_avg_yearly": 0,
            "eps_latest_yearly": 0,
            "eps_growth_yearly": 0
        },
        "20083": {
            "year_quarter": 20083,
            "year": 2008,
            "quarter": 3,
            "eps": 0.12,
            "eps_growth_year": null,
            "eps_4q": -0.93,
            "eps_4q_growth_year": null,
            "roe": 9.93,
            "roe_4q": -54.510000000000005,
            "gross_profit": 26452,
            "gross_margin": 8.94,
            "gross_margin_4q_avg": 10.49,
            "net_income": 7039,
            "revenue": 295958,
            "common_shares": 604700,
            "book_valuer_per_share": 1.23,
            "book_valuer_per_share_4q_avg": 0.83,
            "equity": 74397,
            "current_ratio": 59.85,
            "debt_ratio": 92.72,
            "inventory_turnover_ratio": 1.74,
            "account_receivable_turnover_ratio": null,
            "reinvestment_rate": null,
            "research_to_sale_ratio": null,
            "price_fair": 0,
            "eps_avg_yearly": 0,
            "eps_latest_yearly": 0,
            "eps_growth_yearly": 0
        },
        "20084": {
            "year_quarter": 20084,
            "year": 2008,
            "quarter": 4,
            "eps": -1.02,
            "eps_growth_year": null,
            "eps_4q": -1.55,
            "eps_4q_growth_year": null,
            "roe": -142.39,
            "roe_4q": -177.57,
            "gross_profit": -26865,
            "gross_margin": -11.52,
            "gross_margin_4q_avg": 4.28,
            "net_income": -61880,
            "revenue": 233250,
            "common_shares": 604700,
            "book_valuer_per_share": 0.21,
            "book_valuer_per_share_4q_avg": 0.74,
            "equity": 12517,
            "current_ratio": 46.73,
            "debt_ratio": 98.59,
            "inventory_turnover_ratio": 2.21,
            "account_receivable_turnover_ratio": 2.86,
            "reinvestment_rate": null,
            "research_to_sale_ratio": null,
            "price_fair": 0,
            "eps_avg_yearly": 0,
            "eps_latest_yearly": 0,
            "eps_growth_yearly": 0
        },
        "20091": {
            "year_quarter": 20091,
            "year": 2009,
            "quarter": 1,
            "eps": 0.39,
            "eps_growth_year": null,
            "eps_4q": -0.7,
            "eps_4q_growth_year": null,
            "roe": 42.48,
            "roe_4q": -106.14999999999999,
            "gross_profit": 39997,
            "gross_margin": 17.44,
            "gross_margin_4q_avg": 6.12,
            "net_income": 23760,
            "revenue": 229325,
            "common_shares": 604700,
            "book_valuer_per_share": 1.64,
            "book_valuer_per_share_4q_avg": 1.05,
            "equity": 99338,
            "current_ratio": 52.26,
            "debt_ratio": 88.81,
            "inventory_turnover_ratio": 2.34,
            "account_receivable_turnover_ratio": 1.14,
            "reinvestment_rate": null,
            "research_to_sale_ratio": null,
            "price_fair": 0,
            "eps_avg_yearly": 0,
            "eps_latest_yearly": 0,
            "eps_growth_yearly": 0
        },
        "20092": {
            "year_quarter": 20092,
            "year": 2009,
            "quarter": 2,
            "eps": -0.14,
            "eps_growth_year": null,
            "eps_4q": -0.65,
            "eps_4q_growth_year": null,
            "roe": -8.67,
            "roe_4q": -98.64999999999998,
            "gross_profit": 22154,
            "gross_margin": 12.33,
            "gross_margin_4q_avg": 6.8,
            "net_income": -8257,
            "revenue": 179685,
            "common_shares": 604700,
            "book_valuer_per_share": 1.51,
            "book_valuer_per_share_4q_avg": 1.15,
            "equity": 91081,
            "current_ratio": 43.29,
            "debt_ratio": 88.99,
            "inventory_turnover_ratio": 1.93,
            "account_receivable_turnover_ratio": 0.93,
            "reinvestment_rate": null,
            "research_to_sale_ratio": null,
            "price_fair": 0,
            "eps_avg_yearly": 0,
            "eps_latest_yearly": 0,
            "eps_growth_yearly": 0
        },
        "20093": {
            "year_quarter": 20093,
            "year": 2009,
            "quarter": 3,
            "eps": -0.23,
            "eps_growth_year": -291.67,
            "eps_4q": -1,
            "eps_4q_growth_year": null,
            "roe": -16.73,
            "roe_4q": -125.30999999999999,
            "gross_profit": 20880,
            "gross_margin": 9.74,
            "gross_margin_4q_avg": 7,
            "net_income": -14065,
            "revenue": 214409,
            "common_shares": 604700,
            "book_valuer_per_share": 1.27,
            "book_valuer_per_share_4q_avg": 1.16,
            "equity": 77016,
            "current_ratio": 47.78,
            "debt_ratio": 91.42,
            "inventory_turnover_ratio": 2.11,
            "account_receivable_turnover_ratio": 1.29,
            "reinvestment_rate": null,
            "research_to_sale_ratio": null,
            "price_fair": 0,
            "eps_avg_yearly": 0,
            "eps_latest_yearly": 0,
            "eps_growth_yearly": 0
        },
        "20094": {
            "year_quarter": 20094,
            "year": 2009,
            "quarter": 4,
            "eps": 0.2,
            "eps_growth_year": null,
            "eps_4q": 0.27,
            "eps_4q_growth_year": null,
            "roe": 5.04,
            "roe_4q": 22.119999999999997,
            "gross_profit": -1091,
            "gross_margin": -0.53,
            "gross_margin_4q_avg": 9.75,
            "net_income": 3985,
            "revenue": 205566,
            "common_shares": 200000,
            "book_valuer_per_share": 4.05,
            "book_valuer_per_share_4q_avg": 2.12,
            "equity": 81001,
            "current_ratio": 45.32,
            "debt_ratio": 90.58,
            "inventory_turnover_ratio": 2.11,
            "account_receivable_turnover_ratio": 3.4,
            "reinvestment_rate": null,
            "research_to_sale_ratio": null,
            "price_fair": 0,
            "eps_avg_yearly": 0,
            "eps_latest_yearly": 0,
            "eps_growth_yearly": 0
        },
        "20101": {
            "year_quarter": 20101,
            "year": 2010,
            "quarter": 1,
            "eps": -0.22,
            "eps_growth_year": -156.41,
            "eps_4q": -0.3,
            "eps_4q_growth_year": null,
            "roe": -6.88,
            "roe_4q": -27.240000000000002,
            "gross_profit": 5908,
            "gross_margin": 2.91,
            "gross_margin_4q_avg": 6.11,
            "net_income": -20510,
            "revenue": 203179,
            "common_shares": 1300000,
            "book_valuer_per_share": 3.96,
            "book_valuer_per_share_4q_avg": 2.7,
            "equity": 514791,
            "current_ratio": 109.83,
            "debt_ratio": 40.7,
            "inventory_turnover_ratio": 2.47,
            "account_receivable_turnover_ratio": 1.54,
            "reinvestment_rate": null,
            "research_to_sale_ratio": 0,
            "price_fair": 0,
            "eps_avg_yearly": 0,
            "eps_latest_yearly": 0,
            "eps_growth_yearly": 0
        },
        "20102": {
            "year_quarter": 20102,
            "year": 2010,
            "quarter": 2,
            "eps": -0.38,
            "eps_growth_year": null,
            "eps_4q": -0.61,
            "eps_4q_growth_year": null,
            "roe": -10.05,
            "roe_4q": -28.62,
            "gross_profit": -22412,
            "gross_margin": -15.42,
            "gross_margin_4q_avg": -0.83,
            "net_income": -49250,
            "revenue": 145365,
            "common_shares": 1300000,
            "book_valuer_per_share": 3.58,
            "book_valuer_per_share_4q_avg": 3.22,
            "equity": 465541,
            "current_ratio": 75.83,
            "debt_ratio": 47.77,
            "inventory_turnover_ratio": 2.29,
            "account_receivable_turnover_ratio": 1.17,
            "reinvestment_rate": null,
            "research_to_sale_ratio": 0,
            "price_fair": 0,
            "eps_avg_yearly": 0,
            "eps_latest_yearly": 0,
            "eps_growth_yearly": 0
        },
        "20103": {
            "year_quarter": 20103,
            "year": 2010,
            "quarter": 3,
            "eps": -0.29,
            "eps_growth_year": null,
            "eps_4q": -0.8,
            "eps_4q_growth_year": null,
            "roe": -8.34,
            "roe_4q": -20.23,
            "gross_profit": -15623,
            "gross_margin": -10.24,
            "gross_margin_4q_avg": -5.82,
            "net_income": -37589,
            "revenue": 152628,
            "common_shares": 1300000,
            "book_valuer_per_share": 3.35,
            "book_valuer_per_share_4q_avg": 3.74,
            "equity": 435562,
            "current_ratio": 67.24,
            "debt_ratio": 56.18,
            "inventory_turnover_ratio": 2.83,
            "account_receivable_turnover_ratio": 1.03,
            "reinvestment_rate": null,
            "research_to_sale_ratio": 7.6,
            "price_fair": 0,
            "eps_avg_yearly": 0,
            "eps_latest_yearly": 0,
            "eps_growth_yearly": 0
        },
        "20104": {
            "year_quarter": 20104,
            "year": 2010,
            "quarter": 4,
            "eps": -0.41,
            "eps_growth_year": -306.28,
            "eps_4q": -1.24,
            "eps_4q_growth_year": -556.7,
            "roe": -13.12,
            "roe_4q": -38.39,
            "gross_profit": -23839,
            "gross_margin": -18.61,
            "gross_margin_4q_avg": -10.34,
            "net_income": -53634,
            "revenue": 128081,
            "common_shares": 1300000,
            "book_valuer_per_share": 2.94,
            "book_valuer_per_share_4q_avg": 3.46,
            "equity": 381928,
            "current_ratio": 75.1,
            "debt_ratio": 62.73,
            "inventory_turnover_ratio": 3.48,
            "account_receivable_turnover_ratio": 0.71,
            "reinvestment_rate": null,
            "research_to_sale_ratio": -0.26,
            "price_fair": 0,
            "eps_avg_yearly": 0,
            "eps_latest_yearly": 0,
            "eps_growth_yearly": 0
        },
        "20111": {
            "year_quarter": 20111,
            "year": 2011,
            "quarter": 1,
            "eps": -0.32,
            "eps_growth_year": null,
            "eps_4q": -1.4,
            "eps_4q_growth_year": null,
            "roe": -11.3,
            "roe_4q": -42.81,
            "gross_profit": -20957,
            "gross_margin": -16.62,
            "gross_margin_4q_avg": -15.22,
            "net_income": -40985,
            "revenue": 126057,
            "common_shares": 1300000,
            "book_valuer_per_share": 2.64,
            "book_valuer_per_share_4q_avg": 3.13,
            "equity": 343737,
            "current_ratio": 68.53,
            "debt_ratio": 68.03,
            "inventory_turnover_ratio": 2.34,
            "account_receivable_turnover_ratio": 0.71,
            "reinvestment_rate": null,
            "research_to_sale_ratio": 0,
            "price_fair": 0,
            "eps_avg_yearly": 0,
            "eps_latest_yearly": 0,
            "eps_growth_yearly": 0
        },
        "20112": {
            "year_quarter": 20112,
            "year": 2011,
            "quarter": 2,
            "eps": -0.72,
            "eps_growth_year": null,
            "eps_4q": -1.74,
            "eps_4q_growth_year": null,
            "roe": -31.46,
            "roe_4q": -64.22,
            "gross_profit": -46800,
            "gross_margin": -34.92,
            "gross_margin_4q_avg": -20.1,
            "net_income": -93444,
            "revenue": 134033,
            "common_shares": 1300000,
            "book_valuer_per_share": 1.93,
            "book_valuer_per_share_4q_avg": 2.72,
            "equity": 250293,
            "current_ratio": 58.22,
            "debt_ratio": 74.9,
            "inventory_turnover_ratio": 2.7,
            "account_receivable_turnover_ratio": 0.72,
            "reinvestment_rate": null,
            "research_to_sale_ratio": 0.01,
            "price_fair": 0,
            "eps_avg_yearly": 0,
            "eps_latest_yearly": 0,
            "eps_growth_yearly": 0
        },
        "20113": {
            "year_quarter": 20113,
            "year": 2011,
            "quarter": 3,
            "eps": 0.14,
            "eps_growth_year": null,
            "eps_4q": -1.3,
            "eps_4q_growth_year": null,
            "roe": 7.46,
            "roe_4q": -48.419999999999995,
            "gross_profit": -17713,
            "gross_margin": -20.92,
            "gross_margin_4q_avg": -22.77,
            "net_income": 18846,
            "revenue": 84682,
            "common_shares": 1300000,
            "book_valuer_per_share": 1.96,
            "book_valuer_per_share_4q_avg": 2.37,
            "equity": 255071,
            "current_ratio": 160.92,
            "debt_ratio": 69.94,
            "inventory_turnover_ratio": 3.11,
            "account_receivable_turnover_ratio": 0.51,
            "reinvestment_rate": null,
            "research_to_sale_ratio": 0,
            "price_fair": 0,
            "eps_avg_yearly": 0,
            "eps_latest_yearly": 0,
            "eps_growth_yearly": 0
        },
        "20114": {
            "year_quarter": 20114,
            "year": 2011,
            "quarter": 4,
            "eps": -0.29,
            "eps_growth_year": null,
            "eps_4q": -1.18,
            "eps_4q_growth_year": null,
            "roe": -16.01,
            "roe_4q": -51.31,
            "gross_profit": -2570,
            "gross_margin": -1.99,
            "gross_margin_4q_avg": -18.61,
            "net_income": -37820,
            "revenue": 129460,
            "common_shares": 1300000,
            "book_valuer_per_share": 1.67,
            "book_valuer_per_share_4q_avg": 2.05,
            "equity": 217250,
            "current_ratio": 113.62,
            "debt_ratio": 74.65,
            "inventory_turnover_ratio": 15.01,
            "account_receivable_turnover_ratio": 0.77,
            "reinvestment_rate": null,
            "research_to_sale_ratio": 0.01,
            "price_fair": 0,
            "eps_avg_yearly": 0,
            "eps_latest_yearly": 0,
            "eps_growth_yearly": 0
        },
        "20121": {
            "year_quarter": 20121,
            "year": 2012,
            "quarter": 1,
            "eps": -0.1,
            "eps_growth_year": null,
            "eps_4q": -0.96,
            "eps_4q_growth_year": null,
            "roe": -6.02,
            "roe_4q": -46.03,
            "gross_profit": 3382,
            "gross_margin": 2.07,
            "gross_margin_4q_avg": -13.94,
            "net_income": -12712,
            "revenue": 163398,
            "common_shares": 1300000,
            "book_valuer_per_share": 1.58,
            "book_valuer_per_share_4q_avg": 1.79,
            "equity": 204875,
            "current_ratio": 109.09,
            "debt_ratio": 78.02,
            "inventory_turnover_ratio": 16.78,
            "account_receivable_turnover_ratio": 0.71,
            "reinvestment_rate": null,
            "research_to_sale_ratio": 0,
            "price_fair": 0,
            "eps_avg_yearly": 0,
            "eps_latest_yearly": 0,
            "eps_growth_yearly": 0
        },
        "20122": {
            "year_quarter": 20122,
            "year": 2012,
            "quarter": 2,
            "eps": 1.44,
            "eps_growth_year": null,
            "eps_4q": 1.2,
            "eps_4q_growth_year": null,
            "roe": 69.39,
            "roe_4q": 54.82,
            "gross_profit": 3533,
            "gross_margin": 1.87,
            "gross_margin_4q_avg": -4.74,
            "net_income": 187697,
            "revenue": 189100,
            "common_shares": 1300000,
            "book_valuer_per_share": 2.59,
            "book_valuer_per_share_4q_avg": 1.95,
            "equity": 336113,
            "current_ratio": 142.66,
            "debt_ratio": 58.98,
            "inventory_turnover_ratio": 18.46,
            "account_receivable_turnover_ratio": 0.64,
            "reinvestment_rate": null,
            "research_to_sale_ratio": 0,
            "price_fair": 0,
            "eps_avg_yearly": 0,
            "eps_latest_yearly": 0,
            "eps_growth_yearly": 0
        },
        "20123": {
            "year_quarter": 20123,
            "year": 2012,
            "quarter": 3,
            "eps": -0.11,
            "eps_growth_year": -174.83,
            "eps_4q": 0.95,
            "eps_4q_growth_year": null,
            "roe": -4.29,
            "roe_4q": 43.06999999999999,
            "gross_profit": 9063,
            "gross_margin": 4,
            "gross_margin_4q_avg": 1.49,
            "net_income": -14103,
            "revenue": 226452,
            "common_shares": 1300000,
            "book_valuer_per_share": 2.48,
            "book_valuer_per_share_4q_avg": 2.08,
            "equity": 322010,
            "current_ratio": 119.11,
            "debt_ratio": 60.12,
            "inventory_turnover_ratio": 22.04,
            "account_receivable_turnover_ratio": 0.69,
            "reinvestment_rate": null,
            "research_to_sale_ratio": 0,
            "price_fair": 0,
            "eps_avg_yearly": 0,
            "eps_latest_yearly": 0,
            "eps_growth_yearly": 0
        },
        "20124": {
            "year_quarter": 20124,
            "year": 2012,
            "quarter": 4,
            "eps": -1.04,
            "eps_growth_year": null,
            "eps_4q": 6.7,
            "eps_4q_growth_year": null,
            "roe": -6.93,
            "roe_4q": 52.150000000000006,
            "gross_profit": 17486,
            "gross_margin": 8.99,
            "gross_margin_4q_avg": 4.23,
            "net_income": -21571,
            "revenue": 194454,
            "common_shares": 208000,
            "book_valuer_per_share": 14.44,
            "book_valuer_per_share_4q_avg": 5.27,
            "equity": 300439,
            "current_ratio": 114.38,
            "debt_ratio": 61.7,
            "inventory_turnover_ratio": 11.93,
            "account_receivable_turnover_ratio": 0.57,
            "reinvestment_rate": null,
            "research_to_sale_ratio": 3.16,
            "price_fair": 0,
            "eps_avg_yearly": 0,
            "eps_latest_yearly": 0,
            "eps_growth_yearly": 0
        },
        "20131": {
            "year_quarter": 20131,
            "year": 2013,
            "quarter": 1,
            "eps": 0.14,
            "eps_growth_year": null,
            "eps_4q": 7.45,
            "eps_4q_growth_year": null,
            "roe": 0.97,
            "roe_4q": 59.14,
            "gross_profit": 15823,
            "gross_margin": 9.8,
            "gross_margin_4q_avg": 6.17,
            "net_income": 2911,
            "revenue": 161532,
            "common_shares": 208000,
            "book_valuer_per_share": 14.42,
            "book_valuer_per_share_4q_avg": 8.48,
            "equity": 300018,
            "current_ratio": 107.81,
            "debt_ratio": 59.74,
            "inventory_turnover_ratio": 7.02,
            "account_receivable_turnover_ratio": 0.51,
            "reinvestment_rate": null,
            "research_to_sale_ratio": 0,
            "price_fair": 0,
            "eps_avg_yearly": 0,
            "eps_latest_yearly": 0,
            "eps_growth_yearly": 0
        },
        "20132": {
            "year_quarter": 20132,
            "year": 2013,
            "quarter": 2,
            "eps": -0.9,
            "eps_growth_year": -162.33,
            "eps_4q": -2.47,
            "eps_4q_growth_year": -306.18,
            "roe": -6.43,
            "roe_4q": -16.68,
            "gross_profit": 2914,
            "gross_margin": 1.77,
            "gross_margin_4q_avg": 6.14,
            "net_income": -18704,
            "revenue": 164192,
            "common_shares": 208000,
            "book_valuer_per_share": 13.52,
            "book_valuer_per_share_4q_avg": 11.22,
            "equity": 281314,
            "current_ratio": 82.96,
            "debt_ratio": 63.66,
            "inventory_turnover_ratio": 6.4,
            "account_receivable_turnover_ratio": 0.6,
            "reinvestment_rate": null,
            "research_to_sale_ratio": 1.64,
            "price_fair": 0,
            "eps_avg_yearly": 0,
            "eps_latest_yearly": 0,
            "eps_growth_yearly": 0
        },
        "20133": {
            "year_quarter": 20133,
            "year": 2013,
            "quarter": 3,
            "eps": -2.15,
            "eps_growth_year": null,
            "eps_4q": -2.31,
            "eps_4q_growth_year": -344.06,
            "roe": -11.41,
            "roe_4q": -23.8,
            "gross_profit": -8326,
            "gross_margin": -5.28,
            "gross_margin_4q_avg": 3.82,
            "net_income": -47658,
            "revenue": 157689,
            "common_shares": 368000,
            "book_valuer_per_share": 15.06,
            "book_valuer_per_share_4q_avg": 14.36,
            "equity": 554150,
            "current_ratio": 110.4,
            "debt_ratio": 48.31,
            "inventory_turnover_ratio": 6.04,
            "account_receivable_turnover_ratio": 0.62,
            "reinvestment_rate": null,
            "research_to_sale_ratio": 6.05,
            "price_fair": 0,
            "eps_avg_yearly": 0,
            "eps_latest_yearly": 0,
            "eps_growth_yearly": 0
        },
        "20134": {
            "year_quarter": 20134,
            "year": 2013,
            "quarter": 4,
            "eps": -0.72,
            "eps_growth_year": null,
            "eps_4q": -2.45,
            "eps_4q_growth_year": -136.55,
            "roe": -4.92,
            "roe_4q": -21.79,
            "gross_profit": -23080,
            "gross_margin": -15.25,
            "gross_margin_4q_avg": -2.24,
            "net_income": -26630,
            "revenue": 151301,
            "common_shares": 368000,
            "book_valuer_per_share": 14.36,
            "book_valuer_per_share_4q_avg": 14.34,
            "equity": 528446,
            "current_ratio": 93.68,
            "debt_ratio": 39.84,
            "inventory_turnover_ratio": 6.75,
            "account_receivable_turnover_ratio": 0.62,
            "reinvestment_rate": null,
            "research_to_sale_ratio": 0.07,
            "price_fair": 0,
            "eps_avg_yearly": 0,
            "eps_latest_yearly": 0,
            "eps_growth_yearly": 0
        },
        "20141": {
            "year_quarter": 20141,
            "year": 2014,
            "quarter": 1,
            "eps": -0.74,
            "eps_growth_year": -628.57,
            "eps_4q": -3.27,
            "eps_4q_growth_year": -143.86,
            "roe": -5.29,
            "roe_4q": -28.05,
            "gross_profit": -11338,
            "gross_margin": -5.72,
            "gross_margin_4q_avg": -6.12,
            "net_income": -27233,
            "revenue": 198087,
            "common_shares": 368000,
            "book_valuer_per_share": 13.62,
            "book_valuer_per_share_4q_avg": 14.14,
            "equity": 501213,
            "current_ratio": 93.41,
            "debt_ratio": 44.94,
            "inventory_turnover_ratio": 9.37,
            "account_receivable_turnover_ratio": 0.76,
            "reinvestment_rate": null,
            "research_to_sale_ratio": 1.11,
            "price_fair": 0,
            "eps_avg_yearly": 0,
            "eps_latest_yearly": 0,
            "eps_growth_yearly": 0
        },
        "20142": {
            "year_quarter": 20142,
            "year": 2014,
            "quarter": 2,
            "eps": -0.44,
            "eps_growth_year": null,
            "eps_4q": -3.2,
            "eps_4q_growth_year": null,
            "roe": -3.28,
            "roe_4q": -24.9,
            "gross_profit": -1979,
            "gross_margin": -0.82,
            "gross_margin_4q_avg": -6.77,
            "net_income": -16188,
            "revenue": 240993,
            "common_shares": 368000,
            "book_valuer_per_share": 13.18,
            "book_valuer_per_share_4q_avg": 14.06,
            "equity": 485025,
            "current_ratio": 91.25,
            "debt_ratio": 49.61,
            "inventory_turnover_ratio": 12.35,
            "account_receivable_turnover_ratio": 0.77,
            "reinvestment_rate": null,
            "research_to_sale_ratio": 1.14,
            "price_fair": 0,
            "eps_avg_yearly": 0,
            "eps_latest_yearly": 0,
            "eps_growth_yearly": 0
        },
        "20143": {
            "year_quarter": 20143,
            "year": 2014,
            "quarter": 3,
            "eps": -0.62,
            "eps_growth_year": null,
            "eps_4q": -2.53,
            "eps_4q_growth_year": null,
            "roe": -4.83,
            "roe_4q": -18.32,
            "gross_profit": -8921,
            "gross_margin": -4.56,
            "gross_margin_4q_avg": -6.59,
            "net_income": -22884,
            "revenue": 195827,
            "common_shares": 368000,
            "book_valuer_per_share": 12.56,
            "book_valuer_per_share_4q_avg": 13.43,
            "equity": 462141,
            "current_ratio": 89.39,
            "debt_ratio": 50.58,
            "inventory_turnover_ratio": 10.95,
            "account_receivable_turnover_ratio": 0.65,
            "reinvestment_rate": null,
            "research_to_sale_ratio": 1.43,
            "price_fair": 0,
            "eps_avg_yearly": 0,
            "eps_latest_yearly": 0,
            "eps_growth_yearly": 0
        },
        "20144": {
            "year_quarter": 20144,
            "year": 2014,
            "quarter": 4,
            "eps": -0.91,
            "eps_growth_year": null,
            "eps_4q": -2.71,
            "eps_4q_growth_year": null,
            "roe": -7.52,
            "roe_4q": -20.919999999999998,
            "gross_profit": -10428,
            "gross_margin": -5.53,
            "gross_margin_4q_avg": -4.16,
            "net_income": -33510,
            "revenue": 188576,
            "common_shares": 368000,
            "book_valuer_per_share": 11.66,
            "book_valuer_per_share_4q_avg": 12.76,
            "equity": 429071,
            "current_ratio": 84.49,
            "debt_ratio": 51.75,
            "inventory_turnover_ratio": 12.18,
            "account_receivable_turnover_ratio": 0.67,
            "reinvestment_rate": null,
            "research_to_sale_ratio": 1.38,
            "price_fair": 0,
            "eps_avg_yearly": 0,
            "eps_latest_yearly": 0,
            "eps_growth_yearly": 0
        },
        "20151": {
            "year_quarter": 20151,
            "year": 2015,
            "quarter": 1,
            "eps": -0.33,
            "eps_growth_year": null,
            "eps_4q": -2.3,
            "eps_4q_growth_year": null,
            "roe": -2.89,
            "roe_4q": -18.52,
            "gross_profit": -176,
            "gross_margin": -0.1,
            "gross_margin_4q_avg": -2.75,
            "net_income": -12226,
            "revenue": 180975,
            "common_shares": 368000,
            "book_valuer_per_share": 11.33,
            "book_valuer_per_share_4q_avg": 12.18,
            "equity": 416845,
            "current_ratio": 81.65,
            "debt_ratio": 51.53,
            "inventory_turnover_ratio": 12.55,
            "account_receivable_turnover_ratio": 0.65,
            "reinvestment_rate": null,
            "research_to_sale_ratio": 1.23,
            "price_fair": 0,
            "eps_avg_yearly": 0,
            "eps_latest_yearly": 0,
            "eps_growth_yearly": 0
        },
        "20152": {
            "year_quarter": 20152,
            "year": 2015,
            "quarter": 2,
            "eps": -0.1,
            "eps_growth_year": null,
            "eps_4q": -1.96,
            "eps_4q_growth_year": null,
            "roe": -0.85,
            "roe_4q": -16.09,
            "gross_profit": 7994,
            "gross_margin": 4.41,
            "gross_margin_4q_avg": -1.45,
            "net_income": -3524,
            "revenue": 181135,
            "common_shares": 368000,
            "book_valuer_per_share": 11.23,
            "book_valuer_per_share_4q_avg": 11.7,
            "equity": 413321,
            "current_ratio": 82.67,
            "debt_ratio": 50.45,
            "inventory_turnover_ratio": 13.29,
            "account_receivable_turnover_ratio": 0.68,
            "reinvestment_rate": null,
            "research_to_sale_ratio": 1.01,
            "price_fair": 0,
            "eps_avg_yearly": 0,
            "eps_latest_yearly": 0,
            "eps_growth_yearly": 0
        },
        "20153": {
            "year_quarter": 20153,
            "year": 2015,
            "quarter": 3,
            "eps": -0.45,
            "eps_growth_year": null,
            "eps_4q": -1.79,
            "eps_4q_growth_year": null,
            "roe": -4.07,
            "roe_4q": -15.33,
            "gross_profit": -7033,
            "gross_margin": -3.78,
            "gross_margin_4q_avg": -1.25,
            "net_income": -16487,
            "revenue": 185943,
            "common_shares": 368000,
            "book_valuer_per_share": 10.78,
            "book_valuer_per_share_4q_avg": 11.25,
            "equity": 396834,
            "current_ratio": 82.72,
            "debt_ratio": 53.96,
            "inventory_turnover_ratio": 17.94,
            "account_receivable_turnover_ratio": 0.67,
            "reinvestment_rate": null,
            "research_to_sale_ratio": 0.65,
            "price_fair": 0,
            "eps_avg_yearly": 0,
            "eps_latest_yearly": 0,
            "eps_growth_yearly": 0
        },
        "20154": {
            "year_quarter": 20154,
            "year": 2015,
            "quarter": 4,
            "eps": -1.44,
            "eps_growth_year": null,
            "eps_4q": -2.31,
            "eps_4q_growth_year": null,
            "roe": -14.29,
            "roe_4q": -22.1,
            "gross_profit": -1621,
            "gross_margin": -0.81,
            "gross_margin_4q_avg": -0.07,
            "net_income": -52879,
            "revenue": 200320,
            "common_shares": 368000,
            "book_valuer_per_share": 9.33,
            "book_valuer_per_share_4q_avg": 10.67,
            "equity": 343375,
            "current_ratio": 74.33,
            "debt_ratio": 50.9,
            "inventory_turnover_ratio": 23.55,
            "account_receivable_turnover_ratio": 0.82,
            "reinvestment_rate": null,
            "research_to_sale_ratio": 0.25,
            "price_fair": 0,
            "eps_avg_yearly": 0,
            "eps_latest_yearly": 0,
            "eps_growth_yearly": 0
        },
        "20161": {
            "year_quarter": 20161,
            "year": 2016,
            "quarter": 1,
            "eps": 0.13,
            "eps_growth_year": null,
            "eps_4q": -1.85,
            "eps_4q_growth_year": null,
            "roe": 1.57,
            "roe_4q": -17.64,
            "gross_profit": 9575,
            "gross_margin": 4.16,
            "gross_margin_4q_avg": 1,
            "net_income": 5572,
            "revenue": 229908,
            "common_shares": 368000,
            "book_valuer_per_share": 9.46,
            "book_valuer_per_share_4q_avg": 10.2,
            "equity": 365725,
            "current_ratio": 65.99,
            "debt_ratio": 69.22,
            "inventory_turnover_ratio": 5.53,
            "account_receivable_turnover_ratio": 0.96,
            "reinvestment_rate": null,
            "research_to_sale_ratio": 0.98,
            "price_fair": 0,
            "eps_avg_yearly": 0,
            "eps_latest_yearly": 0,
            "eps_growth_yearly": 0
        },
        "20162": {
            "year_quarter": 20162,
            "year": 2016,
            "quarter": 2,
            "eps": 0.34,
            "eps_growth_year": null,
            "eps_4q": -1.41,
            "eps_4q_growth_year": null,
            "roe": 4.17,
            "roe_4q": -12.62,
            "gross_profit": 43370,
            "gross_margin": 15.43,
            "gross_margin_4q_avg": 3.75,
            "net_income": 15563,
            "revenue": 281143,
            "common_shares": 368000,
            "book_valuer_per_share": 9.8,
            "book_valuer_per_share_4q_avg": 9.84,
            "equity": 381288,
            "current_ratio": 68.67,
            "debt_ratio": 68.17,
            "inventory_turnover_ratio": 3.3,
            "account_receivable_turnover_ratio": 0.94,
            "reinvestment_rate": null,
            "research_to_sale_ratio": 2.53,
            "price_fair": 47.6,
            "eps_avg_yearly": 1.36,
            "eps_latest_yearly": 1.36,
            "eps_growth_yearly": 646.15
        },
        "20163": {
            "year_quarter": 20163,
            "year": 2016,
            "quarter": 3,
            "eps": 0,
            "eps_growth_year": null,
            "eps_4q": -0.97,
            "eps_4q_growth_year": null,
            "roe": 0.22,
            "roe_4q": -8.329999999999998,
            "gross_profit": 27934,
            "gross_margin": 11.47,
            "gross_margin_4q_avg": 7.56,
            "net_income": 833,
            "revenue": 243492,
            "common_shares": 368000,
            "book_valuer_per_share": 9.8,
            "book_valuer_per_share_4q_avg": 9.6,
            "equity": 382121,
            "current_ratio": 71.28,
            "debt_ratio": 67.73,
            "inventory_turnover_ratio": 2.86,
            "account_receivable_turnover_ratio": 0.78,
            "reinvestment_rate": null,
            "research_to_sale_ratio": 3.01,
            "price_fair": 47.6,
            "eps_avg_yearly": 1.36,
            "eps_latest_yearly": 1.36,
            "eps_growth_yearly": 646.15
        },
        "20164": {
            "year_quarter": 20164,
            "year": 2016,
            "quarter": 4,
            "eps": -0.25,
            "eps_growth_year": null,
            "eps_4q": 0.22,
            "eps_4q_growth_year": null,
            "roe": -2.41,
            "roe_4q": 3.55,
            "gross_profit": 33882,
            "gross_margin": 12.27,
            "gross_margin_4q_avg": 10.83,
            "net_income": -9090,
            "revenue": 276036,
            "common_shares": 368000,
            "book_valuer_per_share": 9.55,
            "book_valuer_per_share_4q_avg": 9.65,
            "equity": 373029,
            "current_ratio": 73.72,
            "debt_ratio": 68.81,
            "inventory_turnover_ratio": 3.22,
            "account_receivable_turnover_ratio": 0.86,
            "reinvestment_rate": null,
            "research_to_sale_ratio": 2.32,
            "price_fair": 47.6,
            "eps_avg_yearly": 1.36,
            "eps_latest_yearly": 1.36,
            "eps_growth_yearly": 646.15
        },
        "20171": {
            "year_quarter": 20171,
            "year": 2017,
            "quarter": 1,
            "eps": -0.41,
            "eps_growth_year": -415.38,
            "eps_4q": -0.33,
            "eps_4q_growth_year": null,
            "roe": -3.79,
            "roe_4q": -1.8100000000000005,
            "gross_profit": 35815,
            "gross_margin": 14.18,
            "gross_margin_4q_avg": 13.34,
            "net_income": -13880,
            "revenue": 252573,
            "common_shares": 368000,
            "book_valuer_per_share": 9.13,
            "book_valuer_per_share_4q_avg": 9.57,
            "equity": 359149,
            "current_ratio": 72.53,
            "debt_ratio": 69.01,
            "inventory_turnover_ratio": 3.02,
            "account_receivable_turnover_ratio": 0.81,
            "reinvestment_rate": null,
            "research_to_sale_ratio": 2.53,
            "price_fair": 47.6,
            "eps_avg_yearly": 1.36,
            "eps_latest_yearly": 1.36,
            "eps_growth_yearly": 646.15
        },
        "20172": {
            "year_quarter": 20172,
            "year": 2017,
            "quarter": 2,
            "eps": -0.44,
            "eps_growth_year": -229.41,
            "eps_4q": -1.11,
            "eps_4q_growth_year": null,
            "roe": -4.27,
            "roe_4q": -10.249999999999998,
            "gross_profit": 31737,
            "gross_margin": 11.28,
            "gross_margin_4q_avg": 12.3,
            "net_income": -15029,
            "revenue": 281265,
            "common_shares": 368000,
            "book_valuer_per_share": 8.7,
            "book_valuer_per_share_4q_avg": 9.3,
            "equity": 344120,
            "current_ratio": 72.6,
            "debt_ratio": 70.27,
            "inventory_turnover_ratio": 3.31,
            "account_receivable_turnover_ratio": 0.9,
            "reinvestment_rate": null,
            "research_to_sale_ratio": 2.21,
            "price_fair": 47.6,
            "eps_avg_yearly": 1.36,
            "eps_latest_yearly": 1.36,
            "eps_growth_yearly": 646.15
        },
        "20173": {
            "year_quarter": 20173,
            "year": 2017,
            "quarter": 3,
            "eps": -0.51,
            "eps_growth_year": null,
            "eps_4q": -1.62,
            "eps_4q_growth_year": null,
            "roe": -5.24,
            "roe_4q": -15.71,
            "gross_profit": 36182,
            "gross_margin": 11.75,
            "gross_margin_4q_avg": 12.37,
            "net_income": -17571,
            "revenue": 307865,
            "common_shares": 368000,
            "book_valuer_per_share": 8.19,
            "book_valuer_per_share_4q_avg": 8.89,
            "equity": 326549,
            "current_ratio": 76.67,
            "debt_ratio": 71.78,
            "inventory_turnover_ratio": 3.38,
            "account_receivable_turnover_ratio": 0.86,
            "reinvestment_rate": null,
            "research_to_sale_ratio": 2.53,
            "price_fair": 47.6,
            "eps_avg_yearly": 1.36,
            "eps_latest_yearly": 1.36,
            "eps_growth_yearly": 646.15
        },
        "20174": {
            "year_quarter": 20174,
            "year": 2017,
            "quarter": 4,
            "eps": -0.84,
            "eps_growth_year": null,
            "eps_4q": -2.21,
            "eps_4q_growth_year": -1117.08,
            "roe": -10.06,
            "roe_4q": -23.36,
            "gross_profit": 26237,
            "gross_margin": 12.04,
            "gross_margin_4q_avg": 12.31,
            "net_income": -31274,
            "revenue": 217862,
            "common_shares": 368000,
            "book_valuer_per_share": 7.34,
            "book_valuer_per_share_4q_avg": 8.34,
            "equity": 295212,
            "current_ratio": 70.59,
            "debt_ratio": 70.4,
            "inventory_turnover_ratio": 2.34,
            "account_receivable_turnover_ratio": 0.69,
            "reinvestment_rate": null,
            "research_to_sale_ratio": 2.87,
            "price_fair": 47.6,
            "eps_avg_yearly": 1.36,
            "eps_latest_yearly": 1.36,
            "eps_growth_yearly": 646.15
        },
        "20181": {
            "year_quarter": 20181,
            "year": 2018,
            "quarter": 1,
            "eps": -0.09,
            "eps_growth_year": null,
            "eps_4q": -1.88,
            "eps_4q_growth_year": null,
            "roe": -1.13,
            "roe_4q": -20.7,
            "gross_profit": 26627,
            "gross_margin": 12.38,
            "gross_margin_4q_avg": 11.86,
            "net_income": -3314,
            "revenue": 215151,
            "common_shares": 368000,
            "book_valuer_per_share": 7.25,
            "book_valuer_per_share_4q_avg": 7.87,
            "equity": 291943,
            "current_ratio": 69.51,
            "debt_ratio": 68.52,
            "inventory_turnover_ratio": 2.31,
            "account_receivable_turnover_ratio": 0.96,
            "reinvestment_rate": null,
            "research_to_sale_ratio": 3,
            "price_fair": 47.6,
            "eps_avg_yearly": 1.36,
            "eps_latest_yearly": 1.36,
            "eps_growth_yearly": 646.15
        },
        "20182": {
            "year_quarter": 20182,
            "year": 2018,
            "quarter": 2,
            "eps": 0.15,
            "eps_growth_year": null,
            "eps_4q": -1.3,
            "eps_4q_growth_year": null,
            "roe": 2.18,
            "roe_4q": -14.25,
            "gross_profit": 36102,
            "gross_margin": 13.34,
            "gross_margin_4q_avg": 12.38,
            "net_income": 6421,
            "revenue": 270652,
            "common_shares": 368000,
            "book_valuer_per_share": 7.4,
            "book_valuer_per_share_4q_avg": 7.55,
            "equity": 298251,
            "current_ratio": 76.67,
            "debt_ratio": 69.84,
            "inventory_turnover_ratio": 3.01,
            "account_receivable_turnover_ratio": 1.21,
            "reinvestment_rate": null,
            "research_to_sale_ratio": 2.44,
            "price_fair": 47.6,
            "eps_avg_yearly": 1.36,
            "eps_latest_yearly": 1.36,
            "eps_growth_yearly": 646.15
        },
        "20183": {
            "year_quarter": 20183,
            "year": 2018,
            "quarter": 3,
            "eps": -0.21,
            "eps_growth_year": null,
            "eps_4q": -1,
            "eps_4q_growth_year": null,
            "roe": -2.91,
            "roe_4q": -11.92,
            "gross_profit": 19964,
            "gross_margin": 9.45,
            "gross_margin_4q_avg": 11.8,
            "net_income": -8551,
            "revenue": 211181,
            "common_shares": 368000,
            "book_valuer_per_share": 7.19,
            "book_valuer_per_share_4q_avg": 7.3,
            "equity": 289700,
            "current_ratio": 71.84,
            "debt_ratio": 68.51,
            "inventory_turnover_ratio": 2.56,
            "account_receivable_turnover_ratio": 0.94,
            "reinvestment_rate": null,
            "research_to_sale_ratio": 2.67,
            "price_fair": 47.6,
            "eps_avg_yearly": 1.36,
            "eps_latest_yearly": 1.36,
            "eps_growth_yearly": 646.15
        },
        "20184": {
            "year_quarter": 20184,
            "year": 2018,
            "quarter": 4,
            "eps": -0.24,
            "eps_growth_year": null,
            "eps_4q": -0.45,
            "eps_4q_growth_year": null,
            "roe": -2.22,
            "roe_4q": -4.08,
            "gross_profit": 23734,
            "gross_margin": 11.4,
            "gross_margin_4q_avg": 11.64,
            "net_income": -6366,
            "revenue": 208152,
            "common_shares": 270112,
            "book_valuer_per_share": 9.56,
            "book_valuer_per_share_4q_avg": 7.85,
            "equity": 283472,
            "current_ratio": 71.83,
            "debt_ratio": 69.61,
            "inventory_turnover_ratio": 2.6,
            "account_receivable_turnover_ratio": 0.94,
            "reinvestment_rate": null,
            "research_to_sale_ratio": 2.96,
            "price_fair": 47.6,
            "eps_avg_yearly": 1.36,
            "eps_latest_yearly": 1.36,
            "eps_growth_yearly": 646.15
        },
        "20191": {
            "year_quarter": 20191,
            "year": 2019,
            "quarter": 1,
            "eps": -0.3,
            "eps_growth_year": null,
            "eps_4q": -0.57,
            "eps_4q_growth_year": null,
            "roe": -2.95,
            "roe_4q": -5.9,
            "gross_profit": 20124,
            "gross_margin": 10.03,
            "gross_margin_4q_avg": 11.06,
            "net_income": -8573,
            "revenue": 200568,
            "common_shares": 270112,
            "book_valuer_per_share": 9.1,
            "book_valuer_per_share_4q_avg": 8.31,
            "equity": 297879,
            "current_ratio": 71.94,
            "debt_ratio": 68.3,
            "inventory_turnover_ratio": 2.79,
            "account_receivable_turnover_ratio": 0.91,
            "reinvestment_rate": null,
            "research_to_sale_ratio": 3.38,
            "price_fair": 47.6,
            "eps_avg_yearly": 1.36,
            "eps_latest_yearly": 1.36,
            "eps_growth_yearly": 646.15
        },
        "20192": {
            "year_quarter": 20192,
            "year": 2019,
            "quarter": 2,
            "eps": -0.18,
            "eps_growth_year": -220,
            "eps_4q": -0.82,
            "eps_4q_growth_year": null,
            "roe": -1.94,
            "roe_4q": -10.020000000000001,
            "gross_profit": 21171,
            "gross_margin": 10.28,
            "gross_margin_4q_avg": 10.29,
            "net_income": -6227,
            "revenue": 206030,
            "common_shares": 335112,
            "book_valuer_per_share": 9.54,
            "book_valuer_per_share_4q_avg": 8.85,
            "equity": 343486,
            "current_ratio": 81.21,
            "debt_ratio": 63.5,
            "inventory_turnover_ratio": 3.11,
            "account_receivable_turnover_ratio": 1,
            "reinvestment_rate": null,
            "research_to_sale_ratio": 2.52,
            "price_fair": 47.6,
            "eps_avg_yearly": 1.36,
            "eps_latest_yearly": 1.36,
            "eps_growth_yearly": 646.15
        },
        "20193": {
            "year_quarter": 20193,
            "year": 2019,
            "quarter": 3,
            "eps": -0.35,
            "eps_growth_year": null,
            "eps_4q": -0.93,
            "eps_4q_growth_year": null,
            "roe": -3.62,
            "roe_4q": -10.730000000000002,
            "gross_profit": 19380,
            "gross_margin": 8.39,
            "gross_margin_4q_avg": 10.03,
            "net_income": -12222,
            "revenue": 230885,
            "common_shares": 335112,
            "book_valuer_per_share": 9.2,
            "book_valuer_per_share_4q_avg": 9.35,
            "equity": 331264,
            "current_ratio": 78.21,
            "debt_ratio": 63.71,
            "inventory_turnover_ratio": 2.84,
            "account_receivable_turnover_ratio": 1.13,
            "reinvestment_rate": null,
            "research_to_sale_ratio": 2.76,
            "price_fair": 47.6,
            "eps_avg_yearly": 1.36,
            "eps_latest_yearly": 1.36,
            "eps_growth_yearly": 646.15
        },
        "20194": {
            "year_quarter": 20194,
            "year": 2019,
            "quarter": 4,
            "eps": -2.76,
            "eps_growth_year": null,
            "eps_4q": -3.44,
            "eps_4q_growth_year": null,
            "roe": -34.1,
            "roe_4q": -42.61,
            "gross_profit": 6223,
            "gross_margin": 1.86,
            "gross_margin_4q_avg": 7.64,
            "net_income": -104497,
            "revenue": 334812,
            "common_shares": 367362,
            "book_valuer_per_share": 7.12,
            "book_valuer_per_share_4q_avg": 8.74,
            "equity": 281649,
            "current_ratio": 112.17,
            "debt_ratio": 66.76,
            "inventory_turnover_ratio": 4.13,
            "account_receivable_turnover_ratio": 1.65,
            "reinvestment_rate": null,
            "research_to_sale_ratio": 1.47,
            "price_fair": 47.6,
            "eps_avg_yearly": 1.36,
            "eps_latest_yearly": 1.36,
            "eps_growth_yearly": 646.15
        },
        "20201": {
            "year_quarter": 20201,
            "year": 2020,
            "quarter": 1,
            "eps": -0.27,
            "eps_growth_year": null,
            "eps_4q": -3.49,
            "eps_4q_growth_year": null,
            "roe": -4.06,
            "roe_4q": -43.72,
            "gross_profit": 18875,
            "gross_margin": 10.5,
            "gross_margin_4q_avg": 7.76,
            "net_income": -11210,
            "revenue": 179758,
            "common_shares": 367362,
            "book_valuer_per_share": 6.85,
            "book_valuer_per_share_4q_avg": 8.18,
            "equity": 270439,
            "current_ratio": 99.35,
            "debt_ratio": 67.33,
            "inventory_turnover_ratio": 2.21,
            "account_receivable_turnover_ratio": 0.93,
            "reinvestment_rate": null,
            "research_to_sale_ratio": 3.16,
            "price_fair": 47.6,
            "eps_avg_yearly": 1.36,
            "eps_latest_yearly": 1.36,
            "eps_growth_yearly": 646.15
        },
        "20202": {
            "year_quarter": 20202,
            "year": 2020,
            "quarter": 2,
            "eps": -0.72,
            "eps_growth_year": null,
            "eps_4q": -4.07,
            "eps_4q_growth_year": null,
            "roe": -10.94,
            "roe_4q": -52.72,
            "gross_profit": 8653,
            "gross_margin": 4.73,
            "gross_margin_4q_avg": 6.37,
            "net_income": -28055,
            "revenue": 182974,
            "common_shares": 367362,
            "book_valuer_per_share": 6.13,
            "book_valuer_per_share_4q_avg": 7.33,
            "equity": 242516,
            "current_ratio": 91.75,
            "debt_ratio": 69.53,
            "inventory_turnover_ratio": 2.27,
            "account_receivable_turnover_ratio": 1.26,
            "reinvestment_rate": null,
            "research_to_sale_ratio": 3.03,
            "price_fair": 0,
            "eps_avg_yearly": 0,
            "eps_latest_yearly": 0,
            "eps_growth_yearly": 0
        },
        "20203": {
            "year_quarter": 20203,
            "year": 2020,
            "quarter": 3,
            "eps": -0.56,
            "eps_growth_year": null,
            "eps_4q": -3.87,
            "eps_4q_growth_year": null,
            "roe": -8.85,
            "roe_4q": -57.95,
            "gross_profit": 17940,
            "gross_margin": 7.57,
            "gross_margin_4q_avg": 6.17,
            "net_income": -22320,
            "revenue": 237068,
            "common_shares": 367362,
            "book_valuer_per_share": 6.2,
            "book_valuer_per_share_4q_avg": 6.58,
            "equity": 262063,
            "current_ratio": 99.1,
            "debt_ratio": 68.68,
            "inventory_turnover_ratio": 2.9,
            "account_receivable_turnover_ratio": 2.49,
            "reinvestment_rate": null,
            "research_to_sale_ratio": 3.25,
            "price_fair": 0,
            "eps_avg_yearly": 0,
            "eps_latest_yearly": 0,
            "eps_growth_yearly": 0
        },
        "20204": {
            "year_quarter": 20204,
            "year": 2020,
            "quarter": 4,
            "eps": -0.1,
            "eps_growth_year": null,
            "eps_4q": -1.54,
            "eps_4q_growth_year": null,
            "roe": -2.76,
            "roe_4q": -26.609999999999996,
            "gross_profit": 31639,
            "gross_margin": 10.53,
            "gross_margin_4q_avg": 8.33,
            "net_income": -7958,
            "revenue": 300594,
            "common_shares": 397482,
            "book_valuer_per_share": 6.11,
            "book_valuer_per_share_4q_avg": 6.32,
            "equity": 314872,
            "current_ratio": 111.45,
            "debt_ratio": 67.65,
            "inventory_turnover_ratio": 2.96,
            "account_receivable_turnover_ratio": 3.64,
            "reinvestment_rate": null,
            "research_to_sale_ratio": 1.94,
            "price_fair": 0,
            "eps_avg_yearly": 0,
            "eps_latest_yearly": 0,
            "eps_growth_yearly": 0
        },
        "20211": {
            "year_quarter": 20211,
            "year": 2021,
            "quarter": 1,
            "eps": 0.05,
            "eps_growth_year": null,
            "eps_4q": -1.24,
            "eps_4q_growth_year": null,
            "roe": -1.32,
            "roe_4q": -23.869999999999997,
            "gross_profit": 27324,
            "gross_margin": 9.96,
            "gross_margin_4q_avg": 8.2,
            "net_income": -4437,
            "revenue": 274254,
            "common_shares": 397482,
            "book_valuer_per_share": 6.67,
            "book_valuer_per_share_4q_avg": 6.28,
            "equity": 357976,
            "current_ratio": 115.34,
            "debt_ratio": 63.63,
            "inventory_turnover_ratio": 1.96,
            "account_receivable_turnover_ratio": 2.57,
            "reinvestment_rate": null,
            "research_to_sale_ratio": 3.18,
            "price_fair": 0,
            "eps_avg_yearly": 0,
            "eps_latest_yearly": 0,
            "eps_growth_yearly": 0
        },
        "20212": {
            "year_quarter": 20212,
            "year": 2021,
            "quarter": 2,
            "eps": 0.26,
            "eps_growth_year": null,
            "eps_4q": -0.31,
            "eps_4q_growth_year": null,
            "roe": 1.96,
            "roe_4q": -10.969999999999999,
            "gross_profit": 52910,
            "gross_margin": 17.57,
            "gross_margin_4q_avg": 11.41,
            "net_income": 7079,
            "revenue": 301065,
            "common_shares": 397482,
            "book_valuer_per_share": 6.92,
            "book_valuer_per_share_4q_avg": 6.48,
            "equity": 364995,
            "current_ratio": 109.01,
            "debt_ratio": 65.5,
            "inventory_turnover_ratio": 1.98,
            "account_receivable_turnover_ratio": 2.22,
            "reinvestment_rate": null,
            "research_to_sale_ratio": 3.08,
            "price_fair": 36.4,
            "eps_avg_yearly": 1.04,
            "eps_latest_yearly": 1.04,
            "eps_growth_yearly": 1680
        },
        "20213": {
            "year_quarter": 20213,
            "year": 2021,
            "quarter": 3,
            "eps": -0.23,
            "eps_growth_year": null,
            "eps_4q": -0.03,
            "eps_4q_growth_year": null,
            "roe": -3.44,
            "roe_4q": -5.56,
            "gross_profit": 28188,
            "gross_margin": 13.56,
            "gross_margin_4q_avg": 12.91,
            "net_income": -11762,
            "revenue": 207921,
            "common_shares": 397482,
            "book_valuer_per_share": 6.88,
            "book_valuer_per_share_4q_avg": 6.65,
            "equity": 319757,
            "current_ratio": 96.49,
            "debt_ratio": 64.38,
            "inventory_turnover_ratio": 1.93,
            "account_receivable_turnover_ratio": 1.77,
            "reinvestment_rate": null,
            "research_to_sale_ratio": 6.63,
            "price_fair": 36.4,
            "eps_avg_yearly": 1.04,
            "eps_latest_yearly": 1.04,
            "eps_growth_yearly": 1680
        },
        "20214": {
            "year_quarter": 20214,
            "year": 2021,
            "quarter": 4,
            "eps": -0.02,
            "eps_growth_year": null,
            "eps_4q": 0.05,
            "eps_4q_growth_year": null,
            "roe": -0.09,
            "roe_4q": -2.8899999999999997,
            "gross_profit": 29113,
            "gross_margin": 15.06,
            "gross_margin_4q_avg": 14.04,
            "net_income": -289,
            "revenue": 193348,
            "common_shares": 397482,
            "book_valuer_per_share": 6.81,
            "book_valuer_per_share_4q_avg": 6.82,
            "equity": 317085,
            "current_ratio": 113.08,
            "debt_ratio": 61.7,
            "inventory_turnover_ratio": 2.11,
            "account_receivable_turnover_ratio": 2.11,
            "reinvestment_rate": null,
            "research_to_sale_ratio": 2.06,
            "price_fair": 36.4,
            "eps_avg_yearly": 1.04,
            "eps_latest_yearly": 1.04,
            "eps_growth_yearly": 1680
        },
        "20221": {
            "year_quarter": 20221,
            "year": 2022,
            "quarter": 1,
            "eps": -0.18,
            "eps_growth_year": -460,
            "eps_4q": -0.17,
            "eps_4q_growth_year": null,
            "roe": -1.9,
            "roe_4q": -3.4699999999999998,
            "gross_profit": 22525,
            "gross_margin": 14.88,
            "gross_margin_4q_avg": 15.27,
            "net_income": -5957,
            "revenue": 151368,
            "common_shares": 397482,
            "book_valuer_per_share": 6.63,
            "book_valuer_per_share_4q_avg": 6.81,
            "equity": 311094,
            "current_ratio": 110.15,
            "debt_ratio": 63.96,
            "inventory_turnover_ratio": 1.79,
            "account_receivable_turnover_ratio": 1.73,
            "reinvestment_rate": null,
            "research_to_sale_ratio": 3.16,
            "price_fair": 36.4,
            "eps_avg_yearly": 1.04,
            "eps_latest_yearly": 1.04,
            "eps_growth_yearly": 1680
        },
        "20222": {
            "year_quarter": 20222,
            "year": 2022,
            "quarter": 2,
            "eps": -0.39,
            "eps_growth_year": -250,
            "eps_4q": -0.81,
            "eps_4q_growth_year": null,
            "roe": -5.39,
            "roe_4q": -10.819999999999999,
            "gross_profit": 13197,
            "gross_margin": 9.85,
            "gross_margin_4q_avg": 13.34,
            "net_income": -16301,
            "revenue": 134035,
            "common_shares": 397482,
            "book_valuer_per_share": 6.21,
            "book_valuer_per_share_4q_avg": 6.63,
            "equity": 293598,
            "current_ratio": 121.79,
            "debt_ratio": 67.34,
            "inventory_turnover_ratio": 1.75,
            "account_receivable_turnover_ratio": 1.55,
            "reinvestment_rate": null,
            "research_to_sale_ratio": 3.26,
            "price_fair": 36.4,
            "eps_avg_yearly": 1.04,
            "eps_latest_yearly": 1.04,
            "eps_growth_yearly": 1680
        },
        "20223": {
            "year_quarter": 20223,
            "year": 2022,
            "quarter": 3,
            "eps": -0.23,
            "eps_growth_year": null,
            "eps_4q": -0.81,
            "eps_4q_growth_year": null,
            "roe": -3.35,
            "roe_4q": -10.73,
            "gross_profit": 13655,
            "gross_margin": 11.69,
            "gross_margin_4q_avg": 12.87,
            "net_income": -9670,
            "revenue": 116832,
            "common_shares": 397482,
            "book_valuer_per_share": 5.97,
            "book_valuer_per_share_4q_avg": 6.41,
            "equity": 283521,
            "current_ratio": 118.44,
            "debt_ratio": 65.78,
            "inventory_turnover_ratio": 1.54,
            "account_receivable_turnover_ratio": 1.21,
            "reinvestment_rate": null,
            "research_to_sale_ratio": 4.2,
            "price_fair": 36.4,
            "eps_avg_yearly": 1.04,
            "eps_latest_yearly": 1.04,
            "eps_growth_yearly": 1680
        },
        "20224": {
            "year_quarter": 20224,
            "year": 2022,
            "quarter": 4,
            "eps": -0.41,
            "eps_growth_year": null,
            "eps_4q": -1.14,
            "eps_4q_growth_year": -2223.23,
            "roe": -7.27,
            "roe_4q": -17.909999999999997,
            "gross_profit": 8434,
            "gross_margin": 7.12,
            "gross_margin_4q_avg": 10.89,
            "net_income": -21003,
            "revenue": 118504,
            "common_shares": 437482,
            "book_valuer_per_share": 5.73,
            "book_valuer_per_share_4q_avg": 6.14,
            "equity": 293952,
            "current_ratio": 134.06,
            "debt_ratio": 61.67,
            "inventory_turnover_ratio": 1.77,
            "account_receivable_turnover_ratio": 1.56,
            "reinvestment_rate": null,
            "research_to_sale_ratio": 1.32,
            "price_fair": 36.4,
            "eps_avg_yearly": 1.04,
            "eps_latest_yearly": 1.04,
            "eps_growth_yearly": 1680
        },
        "20231": {
            "year_quarter": 20231,
            "year": 2023,
            "quarter": 1,
            "eps": -0.4,
            "eps_growth_year": null,
            "eps_4q": -1.38,
            "eps_4q_growth_year": null,
            "roe": -7.82,
            "roe_4q": -23.830000000000002,
            "gross_profit": 7018,
            "gross_margin": 5.27,
            "gross_margin_4q_avg": 8.48,
            "net_income": -22119,
            "revenue": 133202,
            "common_shares": 437482,
            "book_valuer_per_share": 5.33,
            "book_valuer_per_share_4q_avg": 5.81,
            "equity": 271856,
            "current_ratio": 114.63,
            "debt_ratio": 69.22,
            "inventory_turnover_ratio": 2.16,
            "account_receivable_turnover_ratio": 2.38,
            "reinvestment_rate": null,
            "research_to_sale_ratio": 3.63,
            "price_fair": 36.4,
            "eps_avg_yearly": 1.04,
            "eps_latest_yearly": 1.04,
            "eps_growth_yearly": 1680
        }
    },
    "months": {
        "2001-06": {
            "month": "2001-06",
            "price": "13.82",
            "revenue": 78405
        },
        "2001-07": {
            "month": "2001-07",
            "price": "11.33",
            "revenue": 87241
        },
        "2001-08": {
            "month": "2001-08",
            "price": "10.28",
            "revenue": 76915
        },
        "2001-09": {
            "month": "2001-09",
            "price": "9.06",
            "revenue": 62556
        },
        "2001-10": {
            "month": "2001-10",
            "price": "7.52",
            "revenue": 58861
        },
        "2001-11": {
            "month": "2001-11",
            "price": "8.45",
            "revenue": 72865
        },
        "2001-12": {
            "month": "2001-12",
            "price": "11.32",
            "revenue": 40787
        },
        "2002-01": {
            "month": "2002-01",
            "price": "12.16",
            "revenue": 50950
        },
        "2002-02": {
            "month": "2002-02",
            "price": "11.63",
            "revenue": 30478
        },
        "2002-03": {
            "month": "2002-03",
            "price": "12.61",
            "revenue": 36014
        },
        "2002-04": {
            "month": "2002-04",
            "price": "15.31",
            "revenue": 43791
        },
        "2002-05": {
            "month": "2002-05",
            "price": "11.12",
            "revenue": 36519
        },
        "2002-06": {
            "month": "2002-06",
            "price": "10.31",
            "revenue": 28979
        },
        "2002-07": {
            "month": "2002-07",
            "price": "9.67",
            "revenue": 41244
        },
        "2002-08": {
            "month": "2002-08",
            "price": "9.58",
            "revenue": 30850
        },
        "2002-09": {
            "month": "2002-09",
            "price": "8.35",
            "revenue": 40255
        },
        "2002-10": {
            "month": "2002-10",
            "price": "9.17",
            "revenue": 59579
        },
        "2002-11": {
            "month": "2002-11",
            "price": "9.90",
            "revenue": 60627
        },
        "2002-12": {
            "month": "2002-12",
            "price": "9.24",
            "revenue": 33843
        },
        "2003-01": {
            "month": "2003-01",
            "price": "9.47",
            "revenue": 56370
        },
        "2003-02": {
            "month": "2003-02",
            "price": "8.80",
            "revenue": 42837
        },
        "2003-03": {
            "month": "2003-03",
            "price": "7.94",
            "revenue": 64375
        },
        "2003-04": {
            "month": "2003-04",
            "price": "7.78",
            "revenue": 57573
        },
        "2003-05": {
            "month": "2003-05",
            "price": "6.20",
            "revenue": 52518
        },
        "2003-06": {
            "month": "2003-06",
            "price": "7.33",
            "revenue": 36644
        },
        "2003-07": {
            "month": "2003-07",
            "price": "7.30",
            "revenue": 58761
        },
        "2003-08": {
            "month": "2003-08",
            "price": "6.64",
            "revenue": 69003
        },
        "2003-09": {
            "month": "2003-09",
            "price": "5.98",
            "revenue": 89603
        },
        "2003-10": {
            "month": "2003-10",
            "price": "6.60",
            "revenue": 104188
        },
        "2003-11": {
            "month": "2003-11",
            "price": "7.52",
            "revenue": 96125
        },
        "2003-12": {
            "month": "2003-12",
            "price": "7.28",
            "revenue": 100312
        },
        "2004-01": {
            "month": "2004-01",
            "price": "7.16",
            "revenue": 76486
        },
        "2004-02": {
            "month": "2004-02",
            "price": "8.06",
            "revenue": 76042
        },
        "2004-03": {
            "month": "2004-03",
            "price": "7.65",
            "revenue": 58379
        },
        "2004-04": {
            "month": "2004-04",
            "price": "7.55",
            "revenue": 64993
        },
        "2004-05": {
            "month": "2004-05",
            "price": "9.03",
            "revenue": 66446
        },
        "2004-06": {
            "month": "2004-06",
            "price": "10.89",
            "revenue": 71744
        },
        "2004-07": {
            "month": "2004-07",
            "price": "5.84",
            "revenue": 83672
        },
        "2004-08": {
            "month": "2004-08",
            "price": "3.13",
            "revenue": 70945
        },
        "2004-09": {
            "month": "2004-09",
            "price": "2.67",
            "revenue": 81115
        },
        "2004-10": {
            "month": "2004-10",
            "price": "2.65",
            "revenue": 78169
        },
        "2004-11": {
            "month": "2004-11",
            "price": "2.35",
            "revenue": 66175
        },
        "2004-12": {
            "month": "2004-12",
            "price": "2.22",
            "revenue": 79331
        },
        "2005-01": {
            "month": "2005-01",
            "price": "2.16",
            "revenue": 97728
        },
        "2005-02": {
            "month": "2005-02",
            "price": "2.31",
            "revenue": 65061
        },
        "2005-03": {
            "month": "2005-03",
            "price": "2.36",
            "revenue": 106464
        },
        "2005-04": {
            "month": "2005-04",
            "price": "1.86",
            "revenue": 70946
        },
        "2005-05": {
            "month": "2005-05",
            "price": "1.93",
            "revenue": 67138
        },
        "2005-06": {
            "month": "2005-06",
            "price": "2.86",
            "revenue": 65098
        },
        "2005-07": {
            "month": "2005-07",
            "price": "2.64",
            "revenue": 79561
        },
        "2005-08": {
            "month": "2005-08",
            "price": "2.23",
            "revenue": 118032
        },
        "2005-09": {
            "month": "2005-09",
            "price": "2.01",
            "revenue": 114158
        },
        "2005-10": {
            "month": "2005-10",
            "price": "1.85",
            "revenue": 126057
        },
        "2005-11": {
            "month": "2005-11",
            "price": "1.52",
            "revenue": 142255
        },
        "2005-12": {
            "month": "2005-12",
            "price": "1.47",
            "revenue": 132806
        },
        "2006-01": {
            "month": "2006-01",
            "price": "1.52",
            "revenue": 125079
        },
        "2006-02": {
            "month": "2006-02",
            "price": "1.45",
            "revenue": 107388
        },
        "2006-03": {
            "month": "2006-03",
            "price": "1.77",
            "revenue": 110068
        },
        "2006-04": {
            "month": "2006-04",
            "price": "4.47",
            "revenue": 96335
        },
        "2006-05": {
            "month": "2006-05",
            "price": "4.99",
            "revenue": 110048
        },
        "2006-06": {
            "month": "2006-06",
            "price": "3.51",
            "revenue": 91824
        },
        "2006-07": {
            "month": "2006-07",
            "price": "3.78",
            "revenue": 85690
        },
        "2006-08": {
            "month": "2006-08",
            "price": "3.11",
            "revenue": 152830
        },
        "2006-09": {
            "month": "2006-09",
            "price": "1.97",
            "revenue": 165054
        },
        "2006-10": {
            "month": "2006-10",
            "price": "2.32",
            "revenue": 163821
        },
        "2006-11": {
            "month": "2006-11",
            "price": "2.02",
            "revenue": 32466
        },
        "2006-12": {
            "month": "2006-12",
            "price": "3.06",
            "revenue": 103421
        },
        "2007-01": {
            "month": "2007-01",
            "price": "3.36",
            "revenue": 75579
        },
        "2007-02": {
            "month": "2007-02",
            "price": "3.25",
            "revenue": 64032
        },
        "2007-03": {
            "month": "2007-03",
            "price": "3.17",
            "revenue": 85248
        },
        "2007-04": {
            "month": "2007-04",
            "price": "3.03",
            "revenue": 49420
        },
        "2007-05": {
            "month": "2007-05",
            "price": "2.60",
            "revenue": 51641
        },
        "2007-06": {
            "month": "2007-06",
            "price": "2.39",
            "revenue": 37249
        },
        "2007-07": {
            "month": "2007-07",
            "price": "2.73",
            "revenue": 82292
        },
        "2007-08": {
            "month": "2007-08",
            "price": "2.68",
            "revenue": 85525
        },
        "2007-09": {
            "month": "2007-09",
            "price": "2.87",
            "revenue": 83678
        },
        "2007-10": {
            "month": "2007-10",
            "price": "2.88",
            "revenue": 84686
        },
        "2007-11": {
            "month": "2007-11",
            "price": "2.42",
            "revenue": 86158
        },
        "2007-12": {
            "month": "2007-12",
            "price": "1.57",
            "revenue": 76860
        },
        "2008-01": {
            "month": "2008-01",
            "price": "2.55",
            "revenue": 66998
        },
        "2008-02": {
            "month": "2008-02",
            "price": "2.68",
            "revenue": 60677
        },
        "2008-03": {
            "month": "2008-03",
            "price": "2.60",
            "revenue": 95778
        },
        "2008-04": {
            "month": "2008-04",
            "price": "2.10",
            "revenue": 85357
        },
        "2008-05": {
            "month": "2008-05",
            "price": "2.35",
            "revenue": 72257
        },
        "2008-06": {
            "month": "2008-06",
            "price": "1.99",
            "revenue": 91694
        },
        "2008-07": {
            "month": "2008-07",
            "price": "2.13",
            "revenue": 98563
        },
        "2008-08": {
            "month": "2008-08",
            "price": "5.61",
            "revenue": 85422
        },
        "2008-09": {
            "month": "2008-09",
            "price": "4.86",
            "revenue": 111359
        },
        "2009-01": {
            "month": "2009-01",
            "price": "3.20",
            "revenue": 32967
        },
        "2009-02": {
            "month": "2009-02",
            "price": "2.78",
            "revenue": 96738
        },
        "2009-03": {
            "month": "2009-03",
            "price": "2.52",
            "revenue": 100639
        },
        "2009-04": {
            "month": "2009-04",
            "price": "2.55",
            "revenue": 70956
        },
        "2009-05": {
            "month": "2009-05",
            "price": "2.45",
            "revenue": 44606
        },
        "2009-06": {
            "month": "2009-06",
            "price": "2.31",
            "revenue": 63401
        },
        "2009-07": {
            "month": "2009-07",
            "price": "2.99",
            "revenue": 61834
        },
        "2009-08": {
            "month": "2009-08",
            "price": "2.65",
            "revenue": 74670
        },
        "2009-10": {
            "month": "2009-10",
            "price": "2.30",
            "revenue": 77548
        },
        "2009-11": {
            "month": "2009-11",
            "price": "2.20",
            "revenue": 65291
        },
        "2009-12": {
            "month": "2009-12",
            "price": "1.80",
            "revenue": 62727
        },
        "2010-01": {
            "month": "2010-01",
            "price": "2.67",
            "revenue": 70096
        },
        "2010-02": {
            "month": "2010-02",
            "price": "5.40",
            "revenue": 48400
        },
        "2010-03": {
            "month": "2010-03",
            "price": "12.24",
            "revenue": 88298
        },
        "2010-04": {
            "month": "2010-04",
            "price": "16.21",
            "revenue": 67225
        },
        "2010-05": {
            "month": "2010-05",
            "price": "15.96",
            "revenue": 39744
        },
        "2010-06": {
            "month": "2010-06",
            "price": "14.52",
            "revenue": 34787
        },
        "2010-07": {
            "month": "2010-07",
            "price": "16.07",
            "revenue": 70496
        },
        "2010-08": {
            "month": "2010-08",
            "price": "14.84",
            "revenue": 46026
        },
        "2010-09": {
            "month": "2010-09",
            "price": "14.38",
            "revenue": 36100
        },
        "2010-10": {
            "month": "2010-10",
            "price": "12.42",
            "revenue": 36152
        },
        "2010-11": {
            "month": "2010-11",
            "price": "10.31",
            "revenue": 43707
        },
        "2010-12": {
            "month": "2010-12",
            "price": "7.66",
            "revenue": 48427
        },
        "2011-01": {
            "month": "2011-01",
            "price": "6.21",
            "revenue": 44102
        },
        "2011-02": {
            "month": "2011-02",
            "price": "10.09",
            "revenue": 33019
        },
        "2011-04": {
            "month": "2011-04",
            "price": "7.09",
            "revenue": 61592
        },
        "2011-06": {
            "month": "2011-06",
            "price": "5.27",
            "revenue": 23637
        },
        "2011-07": {
            "month": "2011-07",
            "price": "2.84",
            "revenue": 48229
        },
        "2011-08": {
            "month": "2011-08",
            "price": "2.36",
            "revenue": 12361
        },
        "2011-09": {
            "month": "2011-09",
            "price": "2.58",
            "revenue": 24092
        },
        "2011-10": {
            "month": "2011-10",
            "price": "4.65",
            "revenue": 33069
        },
        "2011-11": {
            "month": "2011-11",
            "price": "7.14",
            "revenue": 41023
        },
        "2012-01": {
            "month": "2012-01",
            "price": "5.19",
            "revenue": 46834
        },
        "2012-02": {
            "month": "2012-02",
            "price": "5.59",
            "revenue": 33964
        },
        "2012-03": {
            "month": "2012-03",
            "price": "5.11",
            "revenue": 82603
        },
        "2012-05": {
            "month": "2012-05",
            "price": "5.56",
            "revenue": 58874
        },
        "2012-09": {
            "month": "2012-09",
            "price": "7.00",
            "revenue": 81356
        },
        "2012-10": {
            "month": "2012-10",
            "price": "8.97",
            "revenue": 76915
        },
        "2012-11": {
            "month": "2012-11",
            "price": "4.87",
            "revenue": 74027
        },
        "2012-12": {
            "month": "2012-12",
            "price": "7.27",
            "revenue": 43511
        },
        "2013-01": {
            "month": "2013-01",
            "price": "7.63",
            "revenue": 66400
        },
        "2013-02": {
            "month": "2013-02",
            "price": "6.40",
            "revenue": 46653
        },
        "2013-03": {
            "month": "2013-03",
            "price": "48.28",
            "revenue": 49037
        },
        "2013-04": {
            "month": "2013-04",
            "price": "46.66",
            "revenue": 59379
        },
        "2013-05": {
            "month": "2013-05",
            "price": "35.93",
            "revenue": 62306
        },
        "2013-06": {
            "month": "2013-06",
            "price": "43.66",
            "revenue": 41949
        },
        "2013-07": {
            "month": "2013-07",
            "price": "32.96",
            "revenue": 52289
        },
        "2013-08": {
            "month": "2013-08",
            "price": "28.22",
            "revenue": 52509
        },
        "2013-09": {
            "month": "2013-09",
            "price": "26.70",
            "revenue": 52891
        },
        "2013-10": {
            "month": "2013-10",
            "price": "19.72",
            "revenue": 51152
        },
        "2013-11": {
            "month": "2013-11",
            "price": "19.49",
            "revenue": 50983
        },
        "2013-12": {
            "month": "2013-12",
            "price": "17.11",
            "revenue": 49166
        },
        "2014-01": {
            "month": "2014-01",
            "price": "15.75",
            "revenue": 70182
        },
        "2014-02": {
            "month": "2014-02",
            "price": "17.75",
            "revenue": 55683
        },
        "2014-03": {
            "month": "2014-03",
            "price": "20.14",
            "revenue": 72222
        },
        "2014-04": {
            "month": "2014-04",
            "price": "20.00",
            "revenue": 82139
        },
        "2014-05": {
            "month": "2014-05",
            "price": "20.01",
            "revenue": 89890
        },
        "2014-06": {
            "month": "2014-06",
            "price": "19.78",
            "revenue": 68964
        },
        "2014-07": {
            "month": "2014-07",
            "price": "19.71",
            "revenue": 70596
        },
        "2014-08": {
            "month": "2014-08",
            "price": "19.76",
            "revenue": 61907
        },
        "2014-09": {
            "month": "2014-09",
            "price": "19.49",
            "revenue": 63324
        },
        "2014-10": {
            "month": "2014-10",
            "price": "18.70",
            "revenue": 64328
        },
        "2014-11": {
            "month": "2014-11",
            "price": "17.26",
            "revenue": 58629
        },
        "2014-12": {
            "month": "2014-12",
            "price": "14.67",
            "revenue": 65619
        },
        "2015-01": {
            "month": "2015-01",
            "price": "14.42",
            "revenue": 74358
        },
        "2015-02": {
            "month": "2015-02",
            "price": "14.99",
            "revenue": 45764
        },
        "2015-03": {
            "month": "2015-03",
            "price": "16.62",
            "revenue": 60853
        },
        "2015-04": {
            "month": "2015-04",
            "price": "16.88",
            "revenue": 58598
        },
        "2015-05": {
            "month": "2015-05",
            "price": "14.97",
            "revenue": 58788
        },
        "2015-06": {
            "month": "2015-06",
            "price": "15.19",
            "revenue": 63749
        },
        "2015-07": {
            "month": "2015-07",
            "price": "14.14",
            "revenue": 62894
        },
        "2015-08": {
            "month": "2015-08",
            "price": "13.68",
            "revenue": 59942
        },
        "2015-09": {
            "month": "2015-09",
            "price": "13.92",
            "revenue": 63107
        },
        "2015-10": {
            "month": "2015-10",
            "price": "13.97",
            "revenue": 60818
        },
        "2015-11": {
            "month": "2015-11",
            "price": "13.58",
            "revenue": 66817
        },
        "2015-12": {
            "month": "2015-12",
            "price": "11.52",
            "revenue": 72686
        },
        "2016-01": {
            "month": "2016-01",
            "price": "10.72",
            "revenue": 73504
        },
        "2016-02": {
            "month": "2016-02",
            "price": "10.29",
            "revenue": 54011
        },
        "2016-03": {
            "month": "2016-03",
            "price": "10.37",
            "revenue": 102393
        },
        "2016-04": {
            "month": "2016-04",
            "price": "9.25",
            "revenue": 92757
        },
        "2016-05": {
            "month": "2016-05",
            "price": "8.70",
            "revenue": 90873
        },
        "2016-06": {
            "month": "2016-06",
            "price": "7.83",
            "revenue": 97513
        },
        "2016-07": {
            "month": "2016-07",
            "price": "7.44",
            "revenue": 80260
        },
        "2016-08": {
            "month": "2016-08",
            "price": "15.55",
            "revenue": 82643
        },
        "2016-09": {
            "month": "2016-09",
            "price": "16.24",
            "revenue": 80589
        },
        "2016-10": {
            "month": "2016-10",
            "price": "18.09",
            "revenue": 84502
        },
        "2016-11": {
            "month": "2016-11",
            "price": "16.22",
            "revenue": 101749
        },
        "2016-12": {
            "month": "2016-12",
            "price": "16.70",
            "revenue": 90753
        },
        "2017-01": {
            "month": "2017-01",
            "price": "16.25",
            "revenue": 76811
        },
        "2017-02": {
            "month": "2017-02",
            "price": "15.39",
            "revenue": 75821
        },
        "2017-03": {
            "month": "2017-03",
            "price": "14.59",
            "revenue": 99306
        },
        "2017-04": {
            "month": "2017-04",
            "price": "12.91",
            "revenue": 95105
        },
        "2017-05": {
            "month": "2017-05",
            "price": "14.44",
            "revenue": 92475
        },
        "2017-06": {
            "month": "2017-06",
            "price": "14.35",
            "revenue": 94319
        },
        "2017-07": {
            "month": "2017-07",
            "price": "13.18",
            "revenue": 103968
        },
        "2017-08": {
            "month": "2017-08",
            "price": "12.95",
            "revenue": 103849
        },
        "2017-09": {
            "month": "2017-09",
            "price": "13.18",
            "revenue": 100049
        },
        "2017-10": {
            "month": "2017-10",
            "price": "12.80",
            "revenue": 82083
        },
        "2017-11": {
            "month": "2017-11",
            "price": "12.85",
            "revenue": 68680
        },
        "2017-12": {
            "month": "2017-12",
            "price": "11.56",
            "revenue": 67773
        },
        "2018-01": {
            "month": "2018-01",
            "price": "14.24",
            "revenue": 72965
        },
        "2018-02": {
            "month": "2018-02",
            "price": "15.52",
            "revenue": 52394
        },
        "2018-03": {
            "month": "2018-03",
            "price": "14.69",
            "revenue": 89792
        },
        "2018-04": {
            "month": "2018-04",
            "price": "13.19",
            "revenue": 93620
        },
        "2018-05": {
            "month": "2018-05",
            "price": "12.34",
            "revenue": 92400
        },
        "2018-06": {
            "month": "2018-06",
            "price": "13.11",
            "revenue": 84632
        },
        "2018-07": {
            "month": "2018-07",
            "price": "12.62",
            "revenue": 81660
        },
        "2018-08": {
            "month": "2018-08",
            "price": "11.70",
            "revenue": 66532
        },
        "2018-09": {
            "month": "2018-09",
            "price": "11.56",
            "revenue": 62989
        },
        "2018-10": {
            "month": "2018-10",
            "price": "11.01",
            "revenue": 71370
        },
        "2018-11": {
            "month": "2018-11",
            "price": "10.19",
            "revenue": 77853
        },
        "2018-12": {
            "month": "2018-12",
            "price": "10.56",
            "revenue": 58929
        },
        "2019-01": {
            "month": "2019-01",
            "price": "14.59",
            "revenue": 72858
        },
        "2019-02": {
            "month": "2019-02",
            "price": "13.61",
            "revenue": 52862
        },
        "2019-03": {
            "month": "2019-03",
            "price": "14.27",
            "revenue": 74848
        },
        "2019-04": {
            "month": "2019-04",
            "price": "14.23",
            "revenue": 72038
        },
        "2019-05": {
            "month": "2019-05",
            "price": "14.72",
            "revenue": 65707
        },
        "2019-06": {
            "month": "2019-06",
            "price": "15.39",
            "revenue": 68285
        },
        "2019-07": {
            "month": "2019-07",
            "price": "16.70",
            "revenue": 63999
        },
        "2019-08": {
            "month": "2019-08",
            "price": "17.02",
            "revenue": 73656
        },
        "2019-09": {
            "month": "2019-09",
            "price": "19.22",
            "revenue": 93526
        },
        "2019-10": {
            "month": "2019-10",
            "price": "25.36",
            "revenue": 117956
        },
        "2019-11": {
            "month": "2019-11",
            "price": "27.20",
            "revenue": 104980
        },
        "2019-12": {
            "month": "2019-12",
            "price": "27.23",
            "revenue": 111580
        },
        "2020-01": {
            "month": "2020-01",
            "price": "40.70",
            "revenue": 53189
        },
        "2020-02": {
            "month": "2020-02",
            "price": "35.54",
            "revenue": 54526
        },
        "2020-03": {
            "month": "2020-03",
            "price": "20.91",
            "revenue": 72042
        },
        "2020-04": {
            "month": "2020-04",
            "price": "21.76",
            "revenue": 63948
        },
        "2020-05": {
            "month": "2020-05",
            "price": "20.36",
            "revenue": 58022
        },
        "2020-06": {
            "month": "2020-06",
            "price": "20.57",
            "revenue": 61005
        },
        "2020-07": {
            "month": "2020-07",
            "price": "19.02",
            "revenue": 56521
        },
        "2020-08": {
            "month": "2020-08",
            "price": "17.78",
            "revenue": 94047
        },
        "2020-09": {
            "month": "2020-09",
            "price": "17.19",
            "revenue": 86500
        },
        "2020-10": {
            "month": "2020-10",
            "price": "17.18",
            "revenue": 84620
        },
        "2020-11": {
            "month": "2020-11",
            "price": "19.67",
            "revenue": 117480
        },
        "2020-12": {
            "month": "2020-12",
            "price": "19.54",
            "revenue": 96250
        },
        "2021-01": {
            "month": "2021-01",
            "price": "18.77",
            "revenue": 94808
        },
        "2021-02": {
            "month": "2021-02",
            "price": "17.75",
            "revenue": 58544
        },
        "2021-03": {
            "month": "2021-03",
            "price": "17.91",
            "revenue": 109721
        },
        "2021-04": {
            "month": "2021-04",
            "price": "17.90",
            "revenue": 105950
        },
        "2021-05": {
            "month": "2021-05",
            "price": "16.75",
            "revenue": 106470
        },
        "2021-06": {
            "month": "2021-06",
            "price": "16.02",
            "revenue": 86905
        },
        "2021-07": {
            "month": "2021-07",
            "price": "15.96",
            "revenue": 68892
        },
        "2021-08": {
            "month": "2021-08",
            "price": "15.35",
            "revenue": 63744
        },
        "2021-09": {
            "month": "2021-09",
            "price": "15.35",
            "revenue": 75103
        },
        "2021-10": {
            "month": "2021-10",
            "price": "17.48",
            "revenue": 70262
        },
        "2021-11": {
            "month": "2021-11",
            "price": "19.41",
            "revenue": 61635
        },
        "2021-12": {
            "month": "2021-12",
            "price": "22.31",
            "revenue": 61401
        },
        "2022-01": {
            "month": "2022-01",
            "price": "19.07",
            "revenue": 50473
        },
        "2022-02": {
            "month": "2022-02",
            "price": "17.24",
            "revenue": 38717
        },
        "2022-03": {
            "month": "2022-03",
            "price": "16.03",
            "revenue": 62178
        },
        "2022-04": {
            "month": "2022-04",
            "price": "15.71",
            "revenue": 50958
        },
        "2022-05": {
            "month": "2022-05",
            "price": "15.60",
            "revenue": 42438
        },
        "2022-06": {
            "month": "2022-06",
            "price": "14.98",
            "revenue": 40650
        },
        "2022-07": {
            "month": "2022-07",
            "price": "13.79",
            "revenue": 40687
        },
        "2022-08": {
            "month": "2022-08",
            "price": "12.88",
            "revenue": 39483
        },
        "2022-09": {
            "month": "2022-09",
            "price": "12.68",
            "revenue": 36651
        },
        "2022-10": {
            "month": "2022-10",
            "price": "10.48",
            "revenue": 39353
        },
        "2022-11": {
            "month": "2022-11",
            "price": "10.01",
            "revenue": 43002
        },
        "2022-12": {
            "month": "2022-12",
            "price": "10.84",
            "revenue": 36150
        },
        "2023-01": {
            "month": "2023-01",
            "price": "10.16",
            "revenue": 30653
        },
        "2023-02": {
            "month": "2023-02",
            "price": "10.26",
            "revenue": 43290
        },
        "2023-03": {
            "month": "2023-03",
            "price": "14.88",
            "revenue": 59259
        },
        "2023-04": {
            "month": "2023-04",
            "price": "19.56",
            "revenue": 52690
        }
    }
}
