{
    "summary": {
        "stock_name": "燦坤",
        "stock_id": "2430",
        "category": "電子通路",
        "main_business": "零售3C(家電、通訊、電腦)百貨商品<br>電熨斗,咖啡壺,煎烤器及馬達類產品研發設計<br>零組件及模具銷售,技術報酬金等",
        "website_url": "http://www.tk3c.com.tw/",
        "ceo": "NA",
        "pe_ratio": 9,
        "report_year_from": 2001,
        "report_year_to": 2023,
        "age": 22,
        "eps_negative_percentage": 4,
        "eps_growth_avg": {
            "last_all": 1.4,
            "last_2y": 51.88,
            "last_4y": 26.51,
            "last_8y": 16.57,
            "last_12y": 14.16,
            "last_16y": 2.46,
            "last_20y": 1.4,
            "at_2006_last_3y": -34.49,
            "at_2007_last_3y": -50.47,
            "at_2008_last_3y": -79.37,
            "at_2009_last_3y": -48.25,
            "at_2010_last_3y": 18.42,
            "at_2011_last_3y": 12.77,
            "at_2012_last_3y": 24.21,
            "at_2013_last_3y": 8.75,
            "at_2014_last_3y": -35.86,
            "at_2015_last_3y": -9.82,
            "at_2016_last_3y": 8,
            "at_2017_last_3y": 4.15,
            "at_2018_last_3y": 19.47,
            "at_2019_last_3y": -7.01,
            "at_2020_last_3y": -5.01,
            "at_2021_last_3y": 30.84,
            "at_2022_last_3y": 37.43,
            "at_2023_last_3y": 37.43,
            "at_2006_last_all": -22.29,
            "at_2007_last_all": -22.29,
            "at_2008_last_all": -31.67,
            "at_2009_last_all": -22.31,
            "at_2010_last_all": -7.03,
            "at_2011_last_all": -6.71,
            "at_2012_last_all": -9.32,
            "at_2013_last_all": -11.02,
            "at_2014_last_all": -16.64,
            "at_2015_last_all": -7.67,
            "at_2016_last_all": -4.37,
            "at_2017_last_all": -6.97,
            "at_2018_last_all": -7.61,
            "at_2019_last_all": -7.51,
            "at_2020_last_all": -4.51,
            "at_2021_last_all": 0.99,
            "at_2022_last_all": 1.4,
            "at_2023_last_all": 1.4
        },
        "latest_eps": 4.52,
        "latest_price": 42.6,
        "latest_roe": 11.56,
        "latest_gross_margin": 15.39,
        "latest_equity": 4367861,
        "latest_revenue": 5050963,
        "latest_gross_profit": 777145,
        "latest_net_income": 105503,
        "latest_debt_ratio": 70.52,
        "latest_current_ratio": 82.49,
        "latest_account_receivable_turnover_ratio": 52.57,
        "latest_inventory_turnover_ratio": 1.45,
        "latest_reinvestment_rate": -26.07,
        "latest_research_to_sale_ratio": null
    },
    "eps_dividends": {
        "1997": {
            "cash": 0,
            "stock": 3,
            "eps": 0
        },
        "1998": {
            "cash": 0,
            "stock": 7,
            "eps": 0
        },
        "1999": {
            "cash": 0,
            "stock": 3,
            "eps": 0
        },
        "2000": {
            "cash": 0,
            "stock": 3,
            "eps": 0
        },
        "2001": {
            "cash": 0,
            "stock": 2,
            "eps": 3.17
        },
        "2002": {
            "cash": 1,
            "stock": 0,
            "eps": 4.01
        },
        "2003": {
            "cash": 2,
            "stock": 0,
            "eps": 4.55
        },
        "2004": {
            "cash": 2,
            "stock": 0,
            "eps": 4.92
        },
        "2005": {
            "cash": 2,
            "stock": 1,
            "eps": 1.99
        },
        "2006": {
            "cash": 2,
            "stock": 0,
            "eps": -7.87
        },
        "2007": {
            "cash": 0,
            "stock": 0,
            "eps": 9.52
        },
        "2008": {
            "cash": 1,
            "stock": 3,
            "eps": 2.04
        },
        "2009": {
            "cash": 2,
            "stock": 0,
            "eps": 2.73
        },
        "2010": {
            "cash": 3,
            "stock": 2,
            "eps": 6.71
        },
        "2011": {
            "cash": 10,
            "stock": 0,
            "eps": 6.43
        },
        "2012": {
            "cash": 0,
            "stock": 0,
            "eps": 4.32
        },
        "2013": {
            "cash": 2,
            "stock": 0,
            "eps": 3.11
        },
        "2014": {
            "cash": 2,
            "stock": 0,
            "eps": 0.67
        },
        "2015": {
            "cash": 0,
            "stock": 0,
            "eps": 2.08
        },
        "2016": {
            "cash": 1,
            "stock": 0,
            "eps": 2.88
        },
        "2017": {
            "cash": 2,
            "stock": 0,
            "eps": 1.63
        },
        "2018": {
            "cash": 1,
            "stock": 0,
            "eps": 1.35
        },
        "2019": {
            "cash": 1,
            "stock": 0,
            "eps": 1.27
        },
        "2020": {
            "cash": 1,
            "stock": 0,
            "eps": 1.86
        },
        "2021": {
            "cash": 2,
            "stock": 0,
            "eps": 3.92
        },
        "2022": {
            "cash": 4,
            "stock": 0,
            "eps": 4.28
        },
        "2023": {
            "cash": 4,
            "stock": 0,
            "eps": 0.9
        }
    },
    "dividends": {
        "1997-06-04": {
            "cash": 0,
            "stock": 2.5
        },
        "1998-06-02": {
            "cash": 0,
            "stock": 6.5
        },
        "1999-06-15": {
            "cash": 0,
            "stock": 3.3
        },
        "2000-06-16": {
            "cash": 0,
            "stock": 2.52
        },
        "2001-06-28": {
            "cash": 0,
            "stock": 2
        },
        "2002-06-28": {
            "cash": 1,
            "stock": 0
        },
        "2003-04-09": {
            "cash": 2,
            "stock": 0
        },
        "2004-03-31": {
            "cash": 2.2,
            "stock": 0.15
        },
        "2005-04-23": {
            "cash": 2.4,
            "stock": 0.8
        },
        "2006-05-08": {
            "cash": 2.2,
            "stock": 0.1
        },
        "2008-03-29": {
            "cash": 0.5,
            "stock": 3
        },
        "2009-03-09": {
            "cash": 1.5,
            "stock": 0
        },
        "2010-04-16": {
            "cash": 3,
            "stock": 1.5
        },
        "2011-01-01": {
            "cash": 4.5,
            "stock": 0
        },
        "2011-03-04": {
            "cash": 4.5,
            "stock": 0
        },
        "2013-03-08": {
            "cash": 2,
            "stock": 0
        },
        "2014-04-18": {
            "cash": 2,
            "stock": 0
        },
        "2015-08-19": {
            "cash": 0.4,
            "stock": 0
        },
        "2016-05-25": {
            "cash": 1.2,
            "stock": 0
        },
        "2017-05-24": {
            "cash": 2,
            "stock": 0
        },
        "2018-05-23": {
            "cash": 1.36,
            "stock": 0
        },
        "2019-05-22": {
            "cash": 0.9,
            "stock": 0
        },
        "2020-07-08": {
            "cash": 1,
            "stock": 0
        },
        "2021-05-28": {
            "cash": 1.55,
            "stock": 0
        },
        "2022-04-01": {
            "cash": 3.54,
            "stock": 0
        },
        "2023-04-26": {
            "cash": 4,
            "stock": 0
        }
    },
    "prices": {
        "200101": "29.81",
        "200102": "37.66",
        "200103": "56.32",
        "200104": "57.48",
        "200105": "52.28",
        "200106": "51.68",
        "200107": "45.45",
        "200108": "39.63",
        "200109": "32.41",
        "200110": "32.33",
        "200111": "39.05",
        "200112": "45.24",
        "200201": "50.37",
        "200202": "48.38",
        "200203": "51.10",
        "200204": "51.45",
        "200205": "46.94",
        "200206": "42.44",
        "200207": "38.94",
        "200208": "40.48",
        "200209": "41.90",
        "200210": "40.46",
        "200211": "50.78",
        "200212": "48.55",
        "200301": "53.73",
        "200302": "51.22",
        "200303": "49.51",
        "200304": "43.61",
        "200305": "39.00",
        "200306": "43.33",
        "200307": "47.52",
        "200308": "49.29",
        "200309": "48.58",
        "200310": "48.80",
        "200311": "49.53",
        "200312": "49.18",
        "200401": "52.00",
        "200402": "60.15",
        "200403": "59.33",
        "200404": "54.25",
        "200405": "44.04",
        "200406": "42.74",
        "200407": "39.15",
        "200408": "36.46",
        "200409": "40.89",
        "200410": "35.94",
        "200411": "35.11",
        "200412": "34.81",
        "200501": "34.37",
        "200502": "39.70",
        "200503": "43.87",
        "200504": "40.40",
        "200505": "37.42",
        "200506": "39.63",
        "200507": "49.33",
        "200508": "48.32",
        "200509": "53.26",
        "200510": "52.59",
        "200511": "52.99",
        "200512": "53.95",
        "200601": "51.93",
        "200602": "55.64",
        "200603": "52.26",
        "200604": "49.56",
        "200605": "41.77",
        "200606": "40.08",
        "200607": "41.06",
        "200608": "38.82",
        "200609": "32.19",
        "200610": "29.28",
        "200611": "25.45",
        "200612": "30.27",
        "200701": "31.73",
        "200702": "30.60",
        "200703": "31.64",
        "200704": "31.02",
        "200705": "30.08",
        "200706": "35.37",
        "200707": "42.83",
        "200708": "40.49",
        "200709": "44.40",
        "200710": "44.77",
        "200711": "44.38",
        "200712": "41.69",
        "200801": "41.07",
        "200802": "42.66",
        "200803": "44.40",
        "200804": "44.35",
        "200805": "45.15",
        "200806": "42.00",
        "200807": "32.86",
        "200808": "27.13",
        "200809": "17.15",
        "200810": "11.92",
        "200811": "11.58",
        "200812": "12.50",
        "200901": "12.49",
        "200902": "11.64",
        "200903": "13.66",
        "200904": "19.81",
        "200905": "26.48",
        "200906": "24.50",
        "200907": "29.70",
        "200908": "34.18",
        "200909": "33.54",
        "200910": "30.45",
        "200911": "34.09",
        "200912": "55.64",
        "201001": "55.52",
        "201002": "53.64",
        "201003": "56.35",
        "201004": "68.42",
        "201005": "63.06",
        "201006": "62.10",
        "201007": "62.31",
        "201008": "60.24",
        "201009": "58.16",
        "201010": "59.10",
        "201011": "57.15",
        "201012": "59.78",
        "201101": "60.40",
        "201102": "59.59",
        "201103": "59.33",
        "201104": "62.53",
        "201105": "59.07",
        "201106": "57.53",
        "201107": "60.40",
        "201108": "68.94",
        "201109": "63.15",
        "201110": "62.82",
        "201111": "62.80",
        "201112": "64.65",
        "201201": "65.73",
        "201202": "66.74",
        "201203": "70.45",
        "201204": "68.45",
        "201205": "66.12",
        "201206": "63.37",
        "201207": "62.74",
        "201208": "62.48",
        "201209": "62.36",
        "201210": "61.63",
        "201211": "58.32",
        "201212": "58.20",
        "201301": "58.70",
        "201302": "59.00",
        "201303": "53.54",
        "201304": "48.52",
        "201305": "48.01",
        "201306": "45.60",
        "201307": "44.12",
        "201308": "42.29",
        "201309": "40.99",
        "201310": "40.53",
        "201311": "39.79",
        "201312": "40.36",
        "201401": "42.35",
        "201402": "42.31",
        "201403": "41.42",
        "201404": "41.93",
        "201405": "41.06",
        "201406": "40.07",
        "201407": "39.43",
        "201408": "37.61",
        "201409": "36.42",
        "201410": "33.47",
        "201411": "30.94",
        "201412": "31.28",
        "201501": "32.31",
        "201502": "31.95",
        "201503": "32.15",
        "201504": "29.36",
        "201505": "29.62",
        "201506": "25.37",
        "201507": "23.23",
        "201508": "20.30",
        "201509": "18.94",
        "201510": "20.02",
        "201511": "20.33",
        "201512": "20.97",
        "201601": "20.07",
        "201602": "21.13",
        "201603": "22.92",
        "201604": "22.66",
        "201605": "23.81",
        "201606": "25.70",
        "201607": "26.33",
        "201608": "28.18",
        "201609": "29.46",
        "201610": "29.15",
        "201611": "28.72",
        "201612": "28.97",
        "201701": "28.95",
        "201702": "28.49",
        "201703": "28.91",
        "201704": "28.87",
        "201705": "28.10",
        "201706": "26.46",
        "201707": "26.07",
        "201708": "24.70",
        "201709": "24.46",
        "201710": "23.59",
        "201711": "23.00",
        "201712": "23.16",
        "201801": "24.07",
        "201802": "23.39",
        "201803": "23.94",
        "201804": "24.57",
        "201805": "24.29",
        "201806": "24.65",
        "201807": "23.30",
        "201808": "22.93",
        "201809": "22.17",
        "201810": "20.75",
        "201811": "19.55",
        "201812": "19.78",
        "201901": "19.79",
        "201902": "20.22",
        "201903": "20.30",
        "201904": "20.22",
        "201905": "19.55",
        "201906": "18.99",
        "201907": "18.98",
        "201908": "18.60",
        "201909": "17.45",
        "201910": "17.36",
        "201911": "17.43",
        "201912": "17.00",
        "202001": "16.99",
        "202002": "16.13",
        "202003": "14.16",
        "202004": "14.61",
        "202005": "16.84",
        "202006": "18.81",
        "202007": "18.92",
        "202008": "18.51",
        "202009": "18.75",
        "202010": "18.27",
        "202011": "18.70",
        "202012": "19.26",
        "202101": "19.99",
        "202102": "19.98",
        "202103": "23.26",
        "202104": "26.87",
        "202105": "28.03",
        "202106": "31.90",
        "202107": "35.18",
        "202108": "38.17",
        "202109": "43.73",
        "202110": "46.70",
        "202111": "41.19",
        "202112": "38.94",
        "202201": "36.35",
        "202202": "36.18",
        "202203": "42.00",
        "202204": "39.41",
        "202205": "35.97",
        "202206": "33.89",
        "202207": "32.01",
        "202208": "43.64",
        "202209": "46.02",
        "202210": "41.60",
        "202211": "41.67",
        "202212": "42.23",
        "202301": "44.25",
        "202302": "46.78",
        "202303": "48.16",
        "202304": "41.95",
        "202305": "42.21"
    },
    "quarters": {
        "20011": {
            "year_quarter": 20011,
            "year": 2001,
            "quarter": 1,
            "eps": 0.32,
            "eps_growth_year": -54.93,
            "eps_4q": 2.48,
            "eps_4q_growth_year": -15.86,
            "roe": 1.2,
            "roe_4q": 1.2,
            "gross_profit": 380634,
            "gross_margin": 20.83,
            "gross_margin_4q_avg": 20.83,
            "net_income": 56812,
            "revenue": 1827657,
            "common_shares": 1767000,
            "book_valuer_per_share": 21.82,
            "book_valuer_per_share_4q_avg": 21.82,
            "equity": 3855335,
            "current_ratio": 121.24,
            "debt_ratio": 50.26,
            "inventory_turnover_ratio": 0.81,
            "account_receivable_turnover_ratio": null,
            "reinvestment_rate": null,
            "research_to_sale_ratio": null,
            "price_fair": 0,
            "eps_avg_yearly": 0,
            "eps_latest_yearly": 0,
            "eps_growth_yearly": 0
        },
        "20012": {
            "year_quarter": 20012,
            "year": 2001,
            "quarter": 2,
            "eps": 0.68,
            "eps_growth_year": -16.05,
            "eps_4q": 2.14,
            "eps_4q_growth_year": -13.36,
            "roe": 3.64,
            "roe_4q": 4.84,
            "gross_profit": 554522,
            "gross_margin": 24.39,
            "gross_margin_4q_avg": 22.61,
            "net_income": 144773,
            "revenue": 2273251,
            "common_shares": 2122900,
            "book_valuer_per_share": 19.28,
            "book_valuer_per_share_4q_avg": 20.55,
            "equity": 4092948,
            "current_ratio": 119.67,
            "debt_ratio": 50.24,
            "inventory_turnover_ratio": 1.56,
            "account_receivable_turnover_ratio": null,
            "reinvestment_rate": null,
            "research_to_sale_ratio": null,
            "price_fair": 0,
            "eps_avg_yearly": 0,
            "eps_latest_yearly": 0,
            "eps_growth_yearly": 0
        },
        "20013": {
            "year_quarter": 20013,
            "year": 2001,
            "quarter": 3,
            "eps": 1.63,
            "eps_growth_year": 150.77,
            "eps_4q": 3.26,
            "eps_4q_growth_year": 28.75,
            "roe": 8.12,
            "roe_4q": 12.959999999999999,
            "gross_profit": 719089,
            "gross_margin": 22.93,
            "gross_margin_4q_avg": 22.72,
            "net_income": 346932,
            "revenue": 3135900,
            "common_shares": 2122900,
            "book_valuer_per_share": 20.97,
            "book_valuer_per_share_4q_avg": 20.69,
            "equity": 4451128,
            "current_ratio": 120.39,
            "debt_ratio": 52.79,
            "inventory_turnover_ratio": 2.1,
            "account_receivable_turnover_ratio": null,
            "reinvestment_rate": null,
            "research_to_sale_ratio": null,
            "price_fair": 0,
            "eps_avg_yearly": 0,
            "eps_latest_yearly": 0,
            "eps_growth_yearly": 0
        },
        "20014": {
            "year_quarter": 20014,
            "year": 2001,
            "quarter": 4,
            "eps": 0.54,
            "eps_growth_year": -37.21,
            "eps_4q": 3.11,
            "eps_4q_growth_year": 11.59,
            "roe": 2.04,
            "roe_4q": 15,
            "gross_profit": 680483,
            "gross_margin": 24.35,
            "gross_margin_4q_avg": 23.13,
            "net_income": 115083,
            "revenue": 2794928,
            "common_shares": 2122900,
            "book_valuer_per_share": 21.61,
            "book_valuer_per_share_4q_avg": 20.92,
            "equity": 6819140,
            "current_ratio": 116.48,
            "debt_ratio": 53.11,
            "inventory_turnover_ratio": 1.02,
            "account_receivable_turnover_ratio": null,
            "reinvestment_rate": null,
            "research_to_sale_ratio": null,
            "price_fair": 0,
            "eps_avg_yearly": 0,
            "eps_latest_yearly": 0,
            "eps_growth_yearly": 0
        },
        "20021": {
            "year_quarter": 20021,
            "year": 2002,
            "quarter": 1,
            "eps": 1.31,
            "eps_growth_year": 309.38,
            "eps_4q": 4.17,
            "eps_4q_growth_year": 67.84,
            "roe": 4.76,
            "roe_4q": 18.56,
            "gross_profit": 679156,
            "gross_margin": 22.62,
            "gross_margin_4q_avg": 23.57,
            "net_income": 278154,
            "revenue": 3002397,
            "common_shares": 2122900,
            "book_valuer_per_share": 22.91,
            "book_valuer_per_share_4q_avg": 21.19,
            "equity": 4864220,
            "current_ratio": 124.82,
            "debt_ratio": 51.81,
            "inventory_turnover_ratio": 1.02,
            "account_receivable_turnover_ratio": null,
            "reinvestment_rate": null,
            "research_to_sale_ratio": null,
            "price_fair": 183.4,
            "eps_avg_yearly": 5.24,
            "eps_latest_yearly": 5.24,
            "eps_growth_yearly": 570.37
        },
        "20022": {
            "year_quarter": 20022,
            "year": 2002,
            "quarter": 2,
            "eps": 0.46,
            "eps_growth_year": -32.35,
            "eps_4q": 3.97,
            "eps_4q_growth_year": 85.88,
            "roe": 2.04,
            "roe_4q": 16.96,
            "gross_profit": 778575,
            "gross_margin": 22.84,
            "gross_margin_4q_avg": 23.19,
            "net_income": 96916,
            "revenue": 3409010,
            "common_shares": 2122900,
            "book_valuer_per_share": 21.87,
            "book_valuer_per_share_4q_avg": 21.84,
            "equity": 4642952,
            "current_ratio": 125.13,
            "debt_ratio": 50.97,
            "inventory_turnover_ratio": 1.68,
            "account_receivable_turnover_ratio": null,
            "reinvestment_rate": null,
            "research_to_sale_ratio": null,
            "price_fair": 123.9,
            "eps_avg_yearly": 3.54,
            "eps_latest_yearly": 1.84,
            "eps_growth_yearly": 155.41
        },
        "20023": {
            "year_quarter": 20023,
            "year": 2002,
            "quarter": 3,
            "eps": 1.38,
            "eps_growth_year": -15.34,
            "eps_4q": 3.69,
            "eps_4q_growth_year": 13.14,
            "roe": 6.07,
            "roe_4q": 14.91,
            "gross_profit": 715878,
            "gross_margin": 19.3,
            "gross_margin_4q_avg": 22.28,
            "net_income": 293378,
            "revenue": 3708335,
            "common_shares": 2122900,
            "book_valuer_per_share": 23.69,
            "book_valuer_per_share_4q_avg": 22.52,
            "equity": 5028134,
            "current_ratio": 160.26,
            "debt_ratio": 51.42,
            "inventory_turnover_ratio": 1.85,
            "account_receivable_turnover_ratio": null,
            "reinvestment_rate": null,
            "research_to_sale_ratio": null,
            "price_fair": 147,
            "eps_avg_yearly": 4.2,
            "eps_latest_yearly": 5.52,
            "eps_growth_yearly": 370.28
        },
        "20024": {
            "year_quarter": 20024,
            "year": 2002,
            "quarter": 4,
            "eps": 0.86,
            "eps_growth_year": 59.26,
            "eps_4q": 4,
            "eps_4q_growth_year": 28.3,
            "roe": 2.87,
            "roe_4q": 15.74,
            "gross_profit": 878685,
            "gross_margin": 22.43,
            "gross_margin_4q_avg": 21.8,
            "net_income": 183365,
            "revenue": 3917812,
            "common_shares": 2122900,
            "book_valuer_per_share": 24.54,
            "book_valuer_per_share_4q_avg": 23.25,
            "equity": 7742350,
            "current_ratio": 124.04,
            "debt_ratio": 58.46,
            "inventory_turnover_ratio": 1.08,
            "account_receivable_turnover_ratio": null,
            "reinvestment_rate": 207.66,
            "research_to_sale_ratio": null,
            "price_fair": 140.35,
            "eps_avg_yearly": 4.01,
            "eps_latest_yearly": 3.44,
            "eps_growth_yearly": 240.03
        },
        "20031": {
            "year_quarter": 20031,
            "year": 2003,
            "quarter": 1,
            "eps": 1.17,
            "eps_growth_year": -10.69,
            "eps_4q": 3.88,
            "eps_4q_growth_year": -7.02,
            "roe": 3.76,
            "roe_4q": 14.739999999999998,
            "gross_profit": 903897,
            "gross_margin": 18.77,
            "gross_margin_4q_avg": 20.84,
            "net_income": 248120,
            "revenue": 4814472,
            "common_shares": 2122900,
            "book_valuer_per_share": 25.7,
            "book_valuer_per_share_4q_avg": 23.95,
            "equity": 5456620,
            "current_ratio": 161.21,
            "debt_ratio": 50.49,
            "inventory_turnover_ratio": 1.28,
            "account_receivable_turnover_ratio": null,
            "reinvestment_rate": 60.28,
            "research_to_sale_ratio": null,
            "price_fair": 145.04,
            "eps_avg_yearly": 4.14,
            "eps_latest_yearly": 4.68,
            "eps_growth_yearly": 220.86
        },
        "20032": {
            "year_quarter": 20032,
            "year": 2003,
            "quarter": 2,
            "eps": 1.23,
            "eps_growth_year": 167.39,
            "eps_4q": 4.61,
            "eps_4q_growth_year": 16.05,
            "roe": 4.91,
            "roe_4q": 17.61,
            "gross_profit": 1041713,
            "gross_margin": 21.12,
            "gross_margin_4q_avg": 20.41,
            "net_income": 263733,
            "revenue": 4933328,
            "common_shares": 2122900,
            "book_valuer_per_share": 24.87,
            "book_valuer_per_share_4q_avg": 24.7,
            "equity": 5278863,
            "current_ratio": 134.73,
            "debt_ratio": 54.93,
            "inventory_turnover_ratio": 1.8,
            "account_receivable_turnover_ratio": null,
            "reinvestment_rate": 57.86,
            "research_to_sale_ratio": null,
            "price_fair": 149.57,
            "eps_avg_yearly": 4.27,
            "eps_latest_yearly": 4.92,
            "eps_growth_yearly": 187.47
        },
        "20033": {
            "year_quarter": 20033,
            "year": 2003,
            "quarter": 3,
            "eps": 1.47,
            "eps_growth_year": 6.52,
            "eps_4q": 4.71,
            "eps_4q_growth_year": 27.75,
            "roe": 5.84,
            "roe_4q": 17.38,
            "gross_profit": 1205841,
            "gross_margin": 17.75,
            "gross_margin_4q_avg": 20.02,
            "net_income": 315585,
            "revenue": 6794472,
            "common_shares": 2149900,
            "book_valuer_per_share": 25.72,
            "book_valuer_per_share_4q_avg": 25.21,
            "equity": 5529574,
            "current_ratio": 128.37,
            "debt_ratio": 57.63,
            "inventory_turnover_ratio": 2.35,
            "account_receivable_turnover_ratio": null,
            "reinvestment_rate": 55.42,
            "research_to_sale_ratio": null,
            "price_fair": 157.6,
            "eps_avg_yearly": 4.5,
            "eps_latest_yearly": 5.88,
            "eps_growth_yearly": 171.84
        },
        "20034": {
            "year_quarter": 20034,
            "year": 2003,
            "quarter": 4,
            "eps": 0.68,
            "eps_growth_year": -20.93,
            "eps_4q": 4.51,
            "eps_4q_growth_year": 12.81,
            "roe": 2.12,
            "roe_4q": 16.630000000000003,
            "gross_profit": 1207605,
            "gross_margin": 18.09,
            "gross_margin_4q_avg": 18.93,
            "net_income": 147036,
            "revenue": 6674902,
            "common_shares": 2149900,
            "book_valuer_per_share": 26.44,
            "book_valuer_per_share_4q_avg": 25.68,
            "equity": 8350980,
            "current_ratio": 106.36,
            "debt_ratio": 71.9,
            "inventory_turnover_ratio": 0.96,
            "account_receivable_turnover_ratio": null,
            "reinvestment_rate": 215.36,
            "research_to_sale_ratio": null,
            "price_fair": 149.8,
            "eps_avg_yearly": 4.28,
            "eps_latest_yearly": 2.72,
            "eps_growth_yearly": 123.49
        },
        "20041": {
            "year_quarter": 20041,
            "year": 2004,
            "quarter": 1,
            "eps": 1.38,
            "eps_growth_year": 17.95,
            "eps_4q": 4.75,
            "eps_4q_growth_year": 22.66,
            "roe": 4.17,
            "roe_4q": 17.04,
            "gross_profit": 1246965,
            "gross_margin": 16.82,
            "gross_margin_4q_avg": 18.45,
            "net_income": 297145,
            "revenue": 7413639,
            "common_shares": 2149900,
            "book_valuer_per_share": 27.44,
            "book_valuer_per_share_4q_avg": 26.12,
            "equity": 5899135,
            "current_ratio": 127.46,
            "debt_ratio": 56.66,
            "inventory_turnover_ratio": 0.99,
            "account_receivable_turnover_ratio": null,
            "reinvestment_rate": 53.34,
            "research_to_sale_ratio": null,
            "price_fair": 154.62,
            "eps_avg_yearly": 4.42,
            "eps_latest_yearly": 5.52,
            "eps_growth_yearly": 155.52
        },
        "20042": {
            "year_quarter": 20042,
            "year": 2004,
            "quarter": 2,
            "eps": 1.51,
            "eps_growth_year": 22.76,
            "eps_4q": 4.94,
            "eps_4q_growth_year": 7.15,
            "roe": 5.7,
            "roe_4q": 17.830000000000002,
            "gross_profit": 1374418,
            "gross_margin": 18.11,
            "gross_margin_4q_avg": 17.69,
            "net_income": 334454,
            "revenue": 7589501,
            "common_shares": 2212150,
            "book_valuer_per_share": 26.36,
            "book_valuer_per_share_4q_avg": 26.49,
            "equity": 5830282,
            "current_ratio": 118.35,
            "debt_ratio": 56.91,
            "inventory_turnover_ratio": 1.78,
            "account_receivable_turnover_ratio": null,
            "reinvestment_rate": 50.52,
            "research_to_sale_ratio": null,
            "price_fair": 160.3,
            "eps_avg_yearly": 4.58,
            "eps_latest_yearly": 6.04,
            "eps_growth_yearly": 143.73
        },
        "20043": {
            "year_quarter": 20043,
            "year": 2004,
            "quarter": 3,
            "eps": 1.23,
            "eps_growth_year": -16.33,
            "eps_4q": 4.75,
            "eps_4q_growth_year": 0.87,
            "roe": 4.55,
            "roe_4q": 16.54,
            "gross_profit": 1529405,
            "gross_margin": 19.4,
            "gross_margin_4q_avg": 18.11,
            "net_income": 272135,
            "revenue": 7882322,
            "common_shares": 2212150,
            "book_valuer_per_share": 27.68,
            "book_valuer_per_share_4q_avg": 26.98,
            "equity": 6123715,
            "current_ratio": 120.79,
            "debt_ratio": 55.71,
            "inventory_turnover_ratio": 1.95,
            "account_receivable_turnover_ratio": null,
            "reinvestment_rate": 35.21,
            "research_to_sale_ratio": null,
            "price_fair": 161.38,
            "eps_avg_yearly": 4.61,
            "eps_latest_yearly": 4.92,
            "eps_growth_yearly": 123.92
        },
        "20044": {
            "year_quarter": 20044,
            "year": 2004,
            "quarter": 4,
            "eps": 0.8,
            "eps_growth_year": 17.65,
            "eps_4q": 4.89,
            "eps_4q_growth_year": 8.43,
            "roe": 2.45,
            "roe_4q": 16.869999999999997,
            "gross_profit": 1338186,
            "gross_margin": 17.83,
            "gross_margin_4q_avg": 18.04,
            "net_income": 176913,
            "revenue": 7504109,
            "common_shares": 2212150,
            "book_valuer_per_share": 27.42,
            "book_valuer_per_share_4q_avg": 27.23,
            "equity": 8335189,
            "current_ratio": 112.26,
            "debt_ratio": 70.93,
            "inventory_turnover_ratio": 1.16,
            "account_receivable_turnover_ratio": null,
            "reinvestment_rate": 78.58,
            "research_to_sale_ratio": null,
            "price_fair": 157.27,
            "eps_avg_yearly": 4.49,
            "eps_latest_yearly": 3.2,
            "eps_growth_yearly": 101.94
        },
        "20051": {
            "year_quarter": 20051,
            "year": 2005,
            "quarter": 1,
            "eps": 1.36,
            "eps_growth_year": -1.45,
            "eps_4q": 4.9,
            "eps_4q_growth_year": 3.11,
            "roe": 4.1,
            "roe_4q": 16.8,
            "gross_profit": 1283831,
            "gross_margin": 18.02,
            "gross_margin_4q_avg": 18.34,
            "net_income": 300890,
            "revenue": 7124922,
            "common_shares": 2212150,
            "book_valuer_per_share": 28.7,
            "book_valuer_per_share_4q_avg": 27.54,
            "equity": 6348199,
            "current_ratio": 147.04,
            "debt_ratio": 52.62,
            "inventory_turnover_ratio": 1.2,
            "account_receivable_turnover_ratio": null,
            "reinvestment_rate": 31.07,
            "research_to_sale_ratio": null,
            "price_fair": 159.82,
            "eps_avg_yearly": 4.57,
            "eps_latest_yearly": 5.44,
            "eps_growth_yearly": 115.64
        },
        "20052": {
            "year_quarter": 20052,
            "year": 2005,
            "quarter": 2,
            "eps": -0.42,
            "eps_growth_year": -127.81,
            "eps_4q": 2.93,
            "eps_4q_growth_year": -40.6,
            "roe": -1.67,
            "roe_4q": 9.43,
            "gross_profit": 1238308,
            "gross_margin": 17.96,
            "gross_margin_4q_avg": 18.3,
            "net_income": -100766,
            "revenue": 6894688,
            "common_shares": 2212150,
            "book_valuer_per_share": 25.83,
            "book_valuer_per_share_4q_avg": 27.41,
            "equity": 5714468,
            "current_ratio": 130.31,
            "debt_ratio": 57.52,
            "inventory_turnover_ratio": 2.42,
            "account_receivable_turnover_ratio": null,
            "reinvestment_rate": 33.86,
            "research_to_sale_ratio": null,
            "price_fair": 159.82,
            "eps_avg_yearly": 4.57,
            "eps_latest_yearly": 5.44,
            "eps_growth_yearly": 115.64
        },
        "20053": {
            "year_quarter": 20053,
            "year": 2005,
            "quarter": 3,
            "eps": 1.02,
            "eps_growth_year": -17.07,
            "eps_4q": 2.57,
            "eps_4q_growth_year": -45.84,
            "roe": 4.16,
            "roe_4q": 9.04,
            "gross_profit": 1604998,
            "gross_margin": 18.61,
            "gross_margin_4q_avg": 18.11,
            "net_income": 247761,
            "revenue": 8624473,
            "common_shares": 2422122,
            "book_valuer_per_share": 25.55,
            "book_valuer_per_share_4q_avg": 26.88,
            "equity": 6189372,
            "current_ratio": 114.76,
            "debt_ratio": 58.31,
            "inventory_turnover_ratio": 2.81,
            "account_receivable_turnover_ratio": null,
            "reinvestment_rate": 36.23,
            "research_to_sale_ratio": null,
            "price_fair": 159.82,
            "eps_avg_yearly": 4.57,
            "eps_latest_yearly": 5.44,
            "eps_growth_yearly": 115.64
        },
        "20054": {
            "year_quarter": 20054,
            "year": 2005,
            "quarter": 4,
            "eps": 0.03,
            "eps_growth_year": -96.25,
            "eps_4q": 1.99,
            "eps_4q_growth_year": -59.34,
            "roe": 0.1,
            "roe_4q": 6.6899999999999995,
            "gross_profit": 1533420,
            "gross_margin": 20.85,
            "gross_margin_4q_avg": 18.86,
            "net_income": 6867,
            "revenue": 7352910,
            "common_shares": 2422122,
            "book_valuer_per_share": 25.45,
            "book_valuer_per_share_4q_avg": 26.38,
            "equity": 8171535,
            "current_ratio": 100.41,
            "debt_ratio": 72.68,
            "inventory_turnover_ratio": 1.01,
            "account_receivable_turnover_ratio": null,
            "reinvestment_rate": 90.78,
            "research_to_sale_ratio": null,
            "price_fair": 148.7,
            "eps_avg_yearly": 4.25,
            "eps_latest_yearly": 0.12,
            "eps_growth_yearly": 79.65
        },
        "20061": {
            "year_quarter": 20061,
            "year": 2006,
            "quarter": 1,
            "eps": 0.67,
            "eps_growth_year": -50.74,
            "eps_4q": 1.3,
            "eps_4q_growth_year": -73.47,
            "roe": 2.27,
            "roe_4q": 4.86,
            "gross_profit": 1328636,
            "gross_margin": 18.05,
            "gross_margin_4q_avg": 18.87,
            "net_income": 163493,
            "revenue": 7362251,
            "common_shares": 2422122,
            "book_valuer_per_share": 25.67,
            "book_valuer_per_share_4q_avg": 25.63,
            "equity": 6216429,
            "current_ratio": 107.5,
            "debt_ratio": 55.13,
            "inventory_turnover_ratio": 1.01,
            "account_receivable_turnover_ratio": null,
            "reinvestment_rate": 49.47,
            "research_to_sale_ratio": null,
            "price_fair": 142.3,
            "eps_avg_yearly": 4.07,
            "eps_latest_yearly": 2.68,
            "eps_growth_yearly": 648.43
        },
        "20062": {
            "year_quarter": 20062,
            "year": 2006,
            "quarter": 2,
            "eps": 0.57,
            "eps_growth_year": null,
            "eps_4q": 2.29,
            "eps_4q_growth_year": -22.01,
            "roe": 2.31,
            "roe_4q": 8.84,
            "gross_profit": 1311499,
            "gross_margin": 18.79,
            "gross_margin_4q_avg": 19.08,
            "net_income": 138671,
            "revenue": 6978470,
            "common_shares": 2422122,
            "book_valuer_per_share": 24,
            "book_valuer_per_share_4q_avg": 25.17,
            "equity": 5812655,
            "current_ratio": 98.34,
            "debt_ratio": 59.29,
            "inventory_turnover_ratio": 1.87,
            "account_receivable_turnover_ratio": null,
            "reinvestment_rate": 45.23,
            "research_to_sale_ratio": null,
            "price_fair": 143.4,
            "eps_avg_yearly": 4.1,
            "eps_latest_yearly": 2.28,
            "eps_growth_yearly": 662.71
        },
        "20063": {
            "year_quarter": 20063,
            "year": 2006,
            "quarter": 3,
            "eps": -1.36,
            "eps_growth_year": -233.33,
            "eps_4q": -0.1,
            "eps_4q_growth_year": -104.01,
            "roe": -5.88,
            "roe_4q": -1.1999999999999997,
            "gross_profit": 1473404,
            "gross_margin": 18.83,
            "gross_margin_4q_avg": 19.13,
            "net_income": -334470,
            "revenue": 7824445,
            "common_shares": 2466343,
            "book_valuer_per_share": 22.57,
            "book_valuer_per_share_4q_avg": 24.42,
            "equity": 5565540,
            "current_ratio": 108.34,
            "debt_ratio": 61.92,
            "inventory_turnover_ratio": 2.14,
            "account_receivable_turnover_ratio": null,
            "reinvestment_rate": 46.95,
            "research_to_sale_ratio": null,
            "price_fair": 139.57,
            "eps_avg_yearly": 3.99,
            "eps_latest_yearly": 2.28,
            "eps_growth_yearly": 652.15
        },
        "20064": {
            "year_quarter": 20064,
            "year": 2006,
            "quarter": 4,
            "eps": -7.75,
            "eps_growth_year": -25933.33,
            "eps_4q": -4.63,
            "eps_4q_growth_year": -332.89,
            "roe": -38.88,
            "roe_4q": -40.18,
            "gross_profit": 1439654,
            "gross_margin": 19.47,
            "gross_margin_4q_avg": 18.79,
            "net_income": -1911955,
            "revenue": 7393610,
            "common_shares": 2466343,
            "book_valuer_per_share": 14.73,
            "book_valuer_per_share_4q_avg": 21.74,
            "equity": 4268848,
            "current_ratio": 80.66,
            "debt_ratio": 84.5,
            "inventory_turnover_ratio": 1.19,
            "account_receivable_turnover_ratio": null,
            "reinvestment_rate": 272.41,
            "research_to_sale_ratio": null,
            "price_fair": 141.17,
            "eps_avg_yearly": 4.03,
            "eps_latest_yearly": 2.28,
            "eps_growth_yearly": 719.05
        },
        "20071": {
            "year_quarter": 20071,
            "year": 2007,
            "quarter": 1,
            "eps": 0.94,
            "eps_growth_year": 40.3,
            "eps_4q": -7.63,
            "eps_4q_growth_year": -687.01,
            "roe": 5.67,
            "roe_4q": -36.78,
            "gross_profit": 1430352,
            "gross_margin": 17.83,
            "gross_margin_4q_avg": 18.73,
            "net_income": 231075,
            "revenue": 8020619,
            "common_shares": 2466343,
            "book_valuer_per_share": 15.73,
            "book_valuer_per_share_4q_avg": 19.26,
            "equity": 3879878,
            "current_ratio": 96.54,
            "debt_ratio": 69.41,
            "inventory_turnover_ratio": 1.33,
            "account_receivable_turnover_ratio": null,
            "reinvestment_rate": 132.41,
            "research_to_sale_ratio": null,
            "price_fair": 139.11,
            "eps_avg_yearly": 3.97,
            "eps_latest_yearly": 2.28,
            "eps_growth_yearly": 771.31
        },
        "20072": {
            "year_quarter": 20072,
            "year": 2007,
            "quarter": 2,
            "eps": 3.42,
            "eps_growth_year": 500,
            "eps_4q": -4.76,
            "eps_4q_growth_year": -308.05,
            "roe": 20.06,
            "roe_4q": -19.030000000000005,
            "gross_profit": 1466720,
            "gross_margin": 19.44,
            "gross_margin_4q_avg": 18.89,
            "net_income": 842449,
            "revenue": 7545306,
            "common_shares": 2466343,
            "book_valuer_per_share": 18.33,
            "book_valuer_per_share_4q_avg": 17.84,
            "equity": 4521229,
            "current_ratio": 103.16,
            "debt_ratio": 67.5,
            "inventory_turnover_ratio": 2.01,
            "account_receivable_turnover_ratio": null,
            "reinvestment_rate": 60.54,
            "research_to_sale_ratio": null,
            "price_fair": 166.98,
            "eps_avg_yearly": 4.77,
            "eps_latest_yearly": 13.68,
            "eps_growth_yearly": 865.38
        },
        "20073": {
            "year_quarter": 20073,
            "year": 2007,
            "quarter": 3,
            "eps": 2.16,
            "eps_growth_year": null,
            "eps_4q": -1.27,
            "eps_4q_growth_year": null,
            "roe": 10.88,
            "roe_4q": -2.270000000000003,
            "gross_profit": 1566111,
            "gross_margin": 17.09,
            "gross_margin_4q_avg": 18.46,
            "net_income": 528536,
            "revenue": 9162365,
            "common_shares": 2466343,
            "book_valuer_per_share": 21.05,
            "book_valuer_per_share_4q_avg": 17.46,
            "equity": 5192867,
            "current_ratio": 110.44,
            "debt_ratio": 64.35,
            "inventory_turnover_ratio": 2.31,
            "account_receivable_turnover_ratio": null,
            "reinvestment_rate": 45.96,
            "research_to_sale_ratio": null,
            "price_fair": 175.76,
            "eps_avg_yearly": 5.02,
            "eps_latest_yearly": 8.64,
            "eps_growth_yearly": 844.89
        },
        "20074": {
            "year_quarter": 20074,
            "year": 2007,
            "quarter": 4,
            "eps": 3,
            "eps_growth_year": null,
            "eps_4q": 9.56,
            "eps_4q_growth_year": null,
            "roe": 12.09,
            "roe_4q": 48.7,
            "gross_profit": 1393179,
            "gross_margin": 16.17,
            "gross_margin_4q_avg": 17.63,
            "net_income": 732727,
            "revenue": 8613281,
            "common_shares": 2466343,
            "book_valuer_per_share": 24.08,
            "book_valuer_per_share_4q_avg": 19.8,
            "equity": 6930049,
            "current_ratio": 98.18,
            "debt_ratio": 73.5,
            "inventory_turnover_ratio": 1.41,
            "account_receivable_turnover_ratio": null,
            "reinvestment_rate": -50.52,
            "research_to_sale_ratio": null,
            "price_fair": 205.29,
            "eps_avg_yearly": 5.87,
            "eps_latest_yearly": 12,
            "eps_growth_yearly": 878.58
        },
        "20081": {
            "year_quarter": 20081,
            "year": 2008,
            "quarter": 1,
            "eps": 1.24,
            "eps_growth_year": 31.91,
            "eps_4q": 10.52,
            "eps_4q_growth_year": null,
            "roe": 4.1,
            "roe_4q": 47.129999999999995,
            "gross_profit": 1787375,
            "gross_margin": 12.78,
            "gross_margin_4q_avg": 16.37,
            "net_income": 283525,
            "revenue": 13982958,
            "common_shares": 2466343,
            "book_valuer_per_share": 24.25,
            "book_valuer_per_share_4q_avg": 21.93,
            "equity": 6915776,
            "current_ratio": 100.21,
            "debt_ratio": 70.42,
            "inventory_turnover_ratio": 1.95,
            "account_receivable_turnover_ratio": null,
            "reinvestment_rate": 260.92,
            "research_to_sale_ratio": null,
            "price_fair": 203.51,
            "eps_avg_yearly": 5.81,
            "eps_latest_yearly": 4.96,
            "eps_growth_yearly": 819.81
        },
        "20082": {
            "year_quarter": 20082,
            "year": 2008,
            "quarter": 2,
            "eps": 0.14,
            "eps_growth_year": -95.91,
            "eps_4q": 2.71,
            "eps_4q_growth_year": null,
            "roe": 1.21,
            "roe_4q": 28.28,
            "gross_profit": 1963812,
            "gross_margin": 16.02,
            "gross_margin_4q_avg": 15.52,
            "net_income": 82978,
            "revenue": 12257885,
            "common_shares": 2466343,
            "book_valuer_per_share": 23.7,
            "book_valuer_per_share_4q_avg": 23.27,
            "equity": 6825941,
            "current_ratio": 99.6,
            "debt_ratio": 69.64,
            "inventory_turnover_ratio": 1.8,
            "account_receivable_turnover_ratio": null,
            "reinvestment_rate": 300.91,
            "research_to_sale_ratio": null,
            "price_fair": 186.07,
            "eps_avg_yearly": 5.32,
            "eps_latest_yearly": 0.56,
            "eps_growth_yearly": 784.13
        },
        "20083": {
            "year_quarter": 20083,
            "year": 2008,
            "quarter": 3,
            "eps": 0.5,
            "eps_growth_year": -76.85,
            "eps_4q": 3.51,
            "eps_4q_growth_year": null,
            "roe": 2.5,
            "roe_4q": 19.9,
            "gross_profit": 2004106,
            "gross_margin": 14.24,
            "gross_margin_4q_avg": 14.8,
            "net_income": 175953,
            "revenue": 14070000,
            "common_shares": 3209978,
            "book_valuer_per_share": 19.2,
            "book_valuer_per_share_4q_avg": 22.81,
            "equity": 7267908,
            "current_ratio": 100.82,
            "debt_ratio": 68.97,
            "inventory_turnover_ratio": 2.1,
            "account_receivable_turnover_ratio": null,
            "reinvestment_rate": 322.49,
            "research_to_sale_ratio": null,
            "price_fair": 176.78,
            "eps_avg_yearly": 5.05,
            "eps_latest_yearly": 2,
            "eps_growth_yearly": 884.38
        },
        "20084": {
            "year_quarter": 20084,
            "year": 2008,
            "quarter": 4,
            "eps": 0.16,
            "eps_growth_year": -94.67,
            "eps_4q": 1.11,
            "eps_4q_growth_year": -88.4,
            "roe": 1.09,
            "roe_4q": 8.899999999999999,
            "gross_profit": 1380816,
            "gross_margin": 11.77,
            "gross_margin_4q_avg": 13.7,
            "net_income": 79771,
            "revenue": 11731809,
            "common_shares": 3209978,
            "book_valuer_per_share": 19.55,
            "book_valuer_per_share_4q_avg": 21.68,
            "equity": 7388963,
            "current_ratio": 102.18,
            "debt_ratio": 66.28,
            "inventory_turnover_ratio": 1.83,
            "account_receivable_turnover_ratio": 12.12,
            "reinvestment_rate": -73.27,
            "research_to_sale_ratio": null,
            "price_fair": 168.64,
            "eps_avg_yearly": 4.82,
            "eps_latest_yearly": 0.64,
            "eps_growth_yearly": 872.36
        },
        "20091": {
            "year_quarter": 20091,
            "year": 2009,
            "quarter": 1,
            "eps": 1.05,
            "eps_growth_year": -15.32,
            "eps_4q": 1.73,
            "eps_4q_growth_year": -83.54,
            "roe": 4.63,
            "roe_4q": 9.43,
            "gross_profit": 1687698,
            "gross_margin": 15.02,
            "gross_margin_4q_avg": 14.26,
            "net_income": 352905,
            "revenue": 11237486,
            "common_shares": 3209978,
            "book_valuer_per_share": 20.82,
            "book_valuer_per_share_4q_avg": 20.82,
            "equity": 7858072,
            "current_ratio": 103.79,
            "debt_ratio": 60.94,
            "inventory_turnover_ratio": 1.82,
            "account_receivable_turnover_ratio": 11.61,
            "reinvestment_rate": 282.71,
            "research_to_sale_ratio": null,
            "price_fair": 164.69,
            "eps_avg_yearly": 4.71,
            "eps_latest_yearly": 4.2,
            "eps_growth_yearly": 1049.18
        },
        "20092": {
            "year_quarter": 20092,
            "year": 2009,
            "quarter": 2,
            "eps": 1.02,
            "eps_growth_year": 628.57,
            "eps_4q": 2.61,
            "eps_4q_growth_year": -3.9,
            "roe": 4.34,
            "roe_4q": 12.559999999999999,
            "gross_profit": 1532592,
            "gross_margin": 15.22,
            "gross_margin_4q_avg": 14.06,
            "net_income": 336604,
            "revenue": 10067078,
            "common_shares": 3209978,
            "book_valuer_per_share": 20.19,
            "book_valuer_per_share_4q_avg": 19.94,
            "equity": 7644152,
            "current_ratio": 102.47,
            "debt_ratio": 60.37,
            "inventory_turnover_ratio": 1.82,
            "account_receivable_turnover_ratio": 38.95,
            "reinvestment_rate": 210.86,
            "research_to_sale_ratio": null,
            "price_fair": 162.87,
            "eps_avg_yearly": 4.65,
            "eps_latest_yearly": 4.08,
            "eps_growth_yearly": 960.8
        },
        "20093": {
            "year_quarter": 20093,
            "year": 2009,
            "quarter": 3,
            "eps": 0.51,
            "eps_growth_year": 2,
            "eps_4q": 2.37,
            "eps_4q_growth_year": -32.46,
            "roe": 2.42,
            "roe_4q": 12.48,
            "gross_profit": 1665144,
            "gross_margin": 13.9,
            "gross_margin_4q_avg": 13.98,
            "net_income": 185778,
            "revenue": 11975207,
            "common_shares": 3209978,
            "book_valuer_per_share": 20.54,
            "book_valuer_per_share_4q_avg": 20.28,
            "equity": 7699376,
            "current_ratio": 105.43,
            "debt_ratio": 62.03,
            "inventory_turnover_ratio": 2.25,
            "account_receivable_turnover_ratio": 12.92,
            "reinvestment_rate": 178.44,
            "research_to_sale_ratio": null,
            "price_fair": 155.83,
            "eps_avg_yearly": 4.45,
            "eps_latest_yearly": 2.04,
            "eps_growth_yearly": 871.5
        },
        "20094": {
            "year_quarter": 20094,
            "year": 2009,
            "quarter": 4,
            "eps": 0.15,
            "eps_growth_year": -6.25,
            "eps_4q": 6.81,
            "eps_4q_growth_year": 513.45,
            "roe": 0.76,
            "roe_4q": 12.149999999999999,
            "gross_profit": 1444567,
            "gross_margin": 21.07,
            "gross_margin_4q_avg": 16.3,
            "net_income": 39326,
            "revenue": 6857450,
            "common_shares": 1283978,
            "book_valuer_per_share": 20.78,
            "book_valuer_per_share_4q_avg": 20.58,
            "equity": 2622465,
            "current_ratio": 98.63,
            "debt_ratio": 69.21,
            "inventory_turnover_ratio": 1.47,
            "account_receivable_turnover_ratio": 127.44,
            "reinvestment_rate": -346.06,
            "research_to_sale_ratio": null,
            "price_fair": 157.12,
            "eps_avg_yearly": 4.49,
            "eps_latest_yearly": 0.6,
            "eps_growth_yearly": 879.65
        },
        "20101": {
            "year_quarter": 20101,
            "year": 2010,
            "quarter": 1,
            "eps": 2.29,
            "eps_growth_year": 118.1,
            "eps_4q": 6.47,
            "eps_4q_growth_year": 273.59,
            "roe": 10.44,
            "roe_4q": 17.96,
            "gross_profit": 1186916,
            "gross_margin": 16.75,
            "gross_margin_4q_avg": 16.74,
            "net_income": 288869,
            "revenue": 7085541,
            "common_shares": 1283978,
            "book_valuer_per_share": 0,
            "book_valuer_per_share_4q_avg": 15.38,
            "equity": 2911334,
            "current_ratio": 105.02,
            "debt_ratio": 67.85,
            "inventory_turnover_ratio": 2.13,
            "account_receivable_turnover_ratio": 67.82,
            "reinvestment_rate": -30.13,
            "research_to_sale_ratio": 0,
            "price_fair": 174.57,
            "eps_avg_yearly": 4.99,
            "eps_latest_yearly": 9.16,
            "eps_growth_yearly": 662.21
        },
        "20102": {
            "year_quarter": 20102,
            "year": 2010,
            "quarter": 2,
            "eps": 0.91,
            "eps_growth_year": -11.09,
            "eps_4q": 4.31,
            "eps_4q_growth_year": 65.54,
            "roe": 4.72,
            "roe_4q": 18.34,
            "gross_profit": 955609,
            "gross_margin": 14.87,
            "gross_margin_4q_avg": 16.65,
            "net_income": 131649,
            "revenue": 6426687,
            "common_shares": 1283978,
            "book_valuer_per_share": 0,
            "book_valuer_per_share_4q_avg": 10.33,
            "equity": 2664297,
            "current_ratio": 105.06,
            "debt_ratio": 67.71,
            "inventory_turnover_ratio": 1.97,
            "account_receivable_turnover_ratio": 64.34,
            "reinvestment_rate": -37.65,
            "research_to_sale_ratio": 0,
            "price_fair": 178.23,
            "eps_avg_yearly": 5.09,
            "eps_latest_yearly": 3.64,
            "eps_growth_yearly": 648.26
        },
        "20103": {
            "year_quarter": 20103,
            "year": 2010,
            "quarter": 3,
            "eps": 1.73,
            "eps_growth_year": 239.01,
            "eps_4q": 4.93,
            "eps_4q_growth_year": 107.65,
            "roe": 8.98,
            "roe_4q": 24.900000000000002,
            "gross_profit": 1153372,
            "gross_margin": 15.37,
            "gross_margin_4q_avg": 17.02,
            "net_income": 250980,
            "revenue": 7504262,
            "common_shares": 1467631,
            "book_valuer_per_share": 20.16,
            "book_valuer_per_share_4q_avg": 10.24,
            "equity": 2925782,
            "current_ratio": 110.15,
            "debt_ratio": 67,
            "inventory_turnover_ratio": 2.27,
            "account_receivable_turnover_ratio": 73.37,
            "reinvestment_rate": -29.74,
            "research_to_sale_ratio": 0,
            "price_fair": 182.8,
            "eps_avg_yearly": 5.22,
            "eps_latest_yearly": 6.92,
            "eps_growth_yearly": 627.7
        },
        "20104": {
            "year_quarter": 20104,
            "year": 2010,
            "quarter": 4,
            "eps": 1.78,
            "eps_growth_year": 1084.9,
            "eps_4q": 5.79,
            "eps_4q_growth_year": -14.96,
            "roe": 8.11,
            "roe_4q": 32.25,
            "gross_profit": 1202725,
            "gross_margin": 17.69,
            "gross_margin_4q_avg": 16.17,
            "net_income": 297640,
            "revenue": 6798659,
            "common_shares": 1690631,
            "book_valuer_per_share": 26.36,
            "book_valuer_per_share_4q_avg": 11.63,
            "equity": 4414498,
            "current_ratio": 130.05,
            "debt_ratio": 58.93,
            "inventory_turnover_ratio": 1.85,
            "account_receivable_turnover_ratio": 65.21,
            "reinvestment_rate": -120.22,
            "research_to_sale_ratio": 0,
            "price_fair": 187.23,
            "eps_avg_yearly": 5.35,
            "eps_latest_yearly": 7.12,
            "eps_growth_yearly": 586.63
        },
        "20111": {
            "year_quarter": 20111,
            "year": 2011,
            "quarter": 1,
            "eps": 1.85,
            "eps_growth_year": -19.21,
            "eps_4q": 5.91,
            "eps_4q_growth_year": -8.68,
            "roe": 6.76,
            "roe_4q": 28.57,
            "gross_profit": 1185967,
            "gross_margin": 16.55,
            "gross_margin_4q_avg": 16.12,
            "net_income": 309179,
            "revenue": 7166011,
            "common_shares": 1690631,
            "book_valuer_per_share": 28.29,
            "book_valuer_per_share_4q_avg": 18.7,
            "equity": 4737233,
            "current_ratio": 138.97,
            "debt_ratio": 54.38,
            "inventory_turnover_ratio": 1.95,
            "account_receivable_turnover_ratio": 73.55,
            "reinvestment_rate": -0.28,
            "research_to_sale_ratio": null,
            "price_fair": 191.71,
            "eps_avg_yearly": 5.48,
            "eps_latest_yearly": 7.4,
            "eps_growth_yearly": 550.95
        },
        "20112": {
            "year_quarter": 20112,
            "year": 2011,
            "quarter": 2,
            "eps": 1.19,
            "eps_growth_year": 31.49,
            "eps_4q": 6.31,
            "eps_4q_growth_year": 46.36,
            "roe": 4.48,
            "roe_4q": 28.330000000000002,
            "gross_profit": 1083103,
            "gross_margin": 16.14,
            "gross_margin_4q_avg": 16.44,
            "net_income": 199692,
            "revenue": 6712585,
            "common_shares": 1674631,
            "book_valuer_per_share": 24.96,
            "book_valuer_per_share_4q_avg": 24.94,
            "equity": 4183790,
            "current_ratio": 126.92,
            "debt_ratio": 59.3,
            "inventory_turnover_ratio": 1.81,
            "account_receivable_turnover_ratio": 68.27,
            "reinvestment_rate": 1.53,
            "research_to_sale_ratio": null,
            "price_fair": 172.2,
            "eps_avg_yearly": 4.92,
            "eps_latest_yearly": 4.76,
            "eps_growth_yearly": 476.07
        },
        "20113": {
            "year_quarter": 20113,
            "year": 2011,
            "quarter": 3,
            "eps": 1.51,
            "eps_growth_year": -12.76,
            "eps_4q": 6.32,
            "eps_4q_growth_year": 28.34,
            "roe": 5.85,
            "roe_4q": 25.2,
            "gross_profit": 1250862,
            "gross_margin": 15.51,
            "gross_margin_4q_avg": 16.47,
            "net_income": 252590,
            "revenue": 8065821,
            "common_shares": 1674631,
            "book_valuer_per_share": 26.58,
            "book_valuer_per_share_4q_avg": 26.55,
            "equity": 4451329,
            "current_ratio": 132.75,
            "debt_ratio": 57.12,
            "inventory_turnover_ratio": 2.11,
            "account_receivable_turnover_ratio": 70.26,
            "reinvestment_rate": 5.24,
            "research_to_sale_ratio": null,
            "price_fair": 166.51,
            "eps_avg_yearly": 4.76,
            "eps_latest_yearly": 6.04,
            "eps_growth_yearly": 492
        },
        "20114": {
            "year_quarter": 20114,
            "year": 2011,
            "quarter": 4,
            "eps": 1.88,
            "eps_growth_year": 5.81,
            "eps_4q": 6.43,
            "eps_4q_growth_year": 11.07,
            "roe": 6.84,
            "roe_4q": 23.93,
            "gross_profit": 1176606,
            "gross_margin": 15.86,
            "gross_margin_4q_avg": 16.02,
            "net_income": 314921,
            "revenue": 7416755,
            "common_shares": 1674631,
            "book_valuer_per_share": 28.37,
            "book_valuer_per_share_4q_avg": 27.05,
            "equity": 4751657,
            "current_ratio": 129.41,
            "debt_ratio": 59.1,
            "inventory_turnover_ratio": 1.9,
            "account_receivable_turnover_ratio": 50.78,
            "reinvestment_rate": -123.95,
            "research_to_sale_ratio": null,
            "price_fair": 156.71,
            "eps_avg_yearly": 4.48,
            "eps_latest_yearly": 7.52,
            "eps_growth_yearly": 488.41
        },
        "20121": {
            "year_quarter": 20121,
            "year": 2012,
            "quarter": 1,
            "eps": 1.71,
            "eps_growth_year": -7.57,
            "eps_4q": 6.29,
            "eps_4q_growth_year": 6.48,
            "roe": 5.86,
            "roe_4q": 23.029999999999998,
            "gross_profit": 1168527,
            "gross_margin": 15.68,
            "gross_margin_4q_avg": 15.8,
            "net_income": 286326,
            "revenue": 7450558,
            "common_shares": 1674631,
            "book_valuer_per_share": 30.01,
            "book_valuer_per_share_4q_avg": 27.48,
            "equity": 5025578,
            "current_ratio": 129.14,
            "debt_ratio": 55.43,
            "inventory_turnover_ratio": 1.95,
            "account_receivable_turnover_ratio": 39.44,
            "reinvestment_rate": -102.49,
            "research_to_sale_ratio": null,
            "price_fair": 160.83,
            "eps_avg_yearly": 4.6,
            "eps_latest_yearly": 6.84,
            "eps_growth_yearly": 500.81
        },
        "20122": {
            "year_quarter": 20122,
            "year": 2012,
            "quarter": 2,
            "eps": 0.78,
            "eps_growth_year": -34.67,
            "eps_4q": 5.88,
            "eps_4q_growth_year": -6.92,
            "roe": 2.77,
            "roe_4q": 21.32,
            "gross_profit": 1070613,
            "gross_margin": 15.31,
            "gross_margin_4q_avg": 15.59,
            "net_income": 130457,
            "revenue": 6991877,
            "common_shares": 1674631,
            "book_valuer_per_share": 26.28,
            "book_valuer_per_share_4q_avg": 27.81,
            "equity": 4400552,
            "current_ratio": 114.06,
            "debt_ratio": 58.89,
            "inventory_turnover_ratio": 1.87,
            "account_receivable_turnover_ratio": 36.99,
            "reinvestment_rate": -116.36,
            "research_to_sale_ratio": null,
            "price_fair": 166.43,
            "eps_avg_yearly": 4.76,
            "eps_latest_yearly": 3.12,
            "eps_growth_yearly": 509.39
        },
        "20123": {
            "year_quarter": 20123,
            "year": 2012,
            "quarter": 3,
            "eps": 1.05,
            "eps_growth_year": -30.7,
            "eps_4q": 5.41,
            "eps_4q_growth_year": -14.38,
            "roe": 3.91,
            "roe_4q": 19.38,
            "gross_profit": 1151466,
            "gross_margin": 14.63,
            "gross_margin_4q_avg": 15.37,
            "net_income": 175057,
            "revenue": 7867938,
            "common_shares": 1674631,
            "book_valuer_per_share": 27.24,
            "book_valuer_per_share_4q_avg": 27.98,
            "equity": 4561160,
            "current_ratio": 117.89,
            "debt_ratio": 57.94,
            "inventory_turnover_ratio": 2.06,
            "account_receivable_turnover_ratio": 40.1,
            "reinvestment_rate": -120.59,
            "research_to_sale_ratio": null,
            "price_fair": 171.24,
            "eps_avg_yearly": 4.89,
            "eps_latest_yearly": 4.2,
            "eps_growth_yearly": 453.76
        },
        "20124": {
            "year_quarter": 20124,
            "year": 2012,
            "quarter": 4,
            "eps": 0.78,
            "eps_growth_year": -58.45,
            "eps_4q": 4.32,
            "eps_4q_growth_year": -32.86,
            "roe": 2.83,
            "roe_4q": 15.370000000000001,
            "gross_profit": 917296,
            "gross_margin": 14.14,
            "gross_margin_4q_avg": 14.94,
            "net_income": 130864,
            "revenue": 6487982,
            "common_shares": 1674631,
            "book_valuer_per_share": 28,
            "book_valuer_per_share_4q_avg": 27.88,
            "equity": 4688710,
            "current_ratio": 116.53,
            "debt_ratio": 54.87,
            "inventory_turnover_ratio": 1.79,
            "account_receivable_turnover_ratio": 23.68,
            "reinvestment_rate": -98.23,
            "research_to_sale_ratio": null,
            "price_fair": 176.66,
            "eps_avg_yearly": 5.05,
            "eps_latest_yearly": 3.12,
            "eps_growth_yearly": 464.33
        },
        "20131": {
            "year_quarter": 20131,
            "year": 2013,
            "quarter": 1,
            "eps": 1.22,
            "eps_growth_year": -28.66,
            "eps_4q": 3.83,
            "eps_4q_growth_year": -39.15,
            "roe": 4.41,
            "roe_4q": 13.92,
            "gross_profit": 1023400,
            "gross_margin": 15.72,
            "gross_margin_4q_avg": 14.95,
            "net_income": 204616,
            "revenue": 6508367,
            "common_shares": 1674631,
            "book_valuer_per_share": 27.38,
            "book_valuer_per_share_4q_avg": 27.23,
            "equity": 4600202,
            "current_ratio": 114.96,
            "debt_ratio": 55.97,
            "inventory_turnover_ratio": 1.86,
            "account_receivable_turnover_ratio": 27.55,
            "reinvestment_rate": -93.73,
            "research_to_sale_ratio": null,
            "price_fair": 178.15,
            "eps_avg_yearly": 5.09,
            "eps_latest_yearly": 4.88,
            "eps_growth_yearly": 339.37
        },
        "20132": {
            "year_quarter": 20132,
            "year": 2013,
            "quarter": 2,
            "eps": 0.38,
            "eps_growth_year": -51.22,
            "eps_4q": 3.43,
            "eps_4q_growth_year": -41.72,
            "roe": 1.34,
            "roe_4q": 12.49,
            "gross_profit": 889735,
            "gross_margin": 14.48,
            "gross_margin_4q_avg": 14.74,
            "net_income": 59914,
            "revenue": 6144750,
            "common_shares": 1674631,
            "book_valuer_per_share": 25.75,
            "book_valuer_per_share_4q_avg": 27.09,
            "equity": 4328371,
            "current_ratio": 109.73,
            "debt_ratio": 58.55,
            "inventory_turnover_ratio": 1.86,
            "account_receivable_turnover_ratio": 33.95,
            "reinvestment_rate": -98.04,
            "research_to_sale_ratio": null,
            "price_fair": 172.55,
            "eps_avg_yearly": 4.93,
            "eps_latest_yearly": 1.52,
            "eps_growth_yearly": 322.87
        },
        "20133": {
            "year_quarter": 20133,
            "year": 2013,
            "quarter": 3,
            "eps": 0.96,
            "eps_growth_year": -8.16,
            "eps_4q": 3.34,
            "eps_4q_growth_year": -38.29,
            "roe": 3.23,
            "roe_4q": 11.81,
            "gross_profit": 1024806,
            "gross_margin": 15.61,
            "gross_margin_4q_avg": 14.99,
            "net_income": 147053,
            "revenue": 6563757,
            "common_shares": 1674631,
            "book_valuer_per_share": 26.48,
            "book_valuer_per_share_4q_avg": 26.9,
            "equity": 4776439,
            "current_ratio": 123.76,
            "debt_ratio": 54.81,
            "inventory_turnover_ratio": 1.94,
            "account_receivable_turnover_ratio": 17.53,
            "reinvestment_rate": -82.83,
            "research_to_sale_ratio": null,
            "price_fair": 176.49,
            "eps_avg_yearly": 5.04,
            "eps_latest_yearly": 3.84,
            "eps_growth_yearly": 373.53
        },
        "20134": {
            "year_quarter": 20134,
            "year": 2013,
            "quarter": 4,
            "eps": 0.55,
            "eps_growth_year": -29.79,
            "eps_4q": 3.11,
            "eps_4q_growth_year": -27.96,
            "roe": 1.28,
            "roe_4q": 10.26,
            "gross_profit": 1071025,
            "gross_margin": 16.55,
            "gross_margin_4q_avg": 15.59,
            "net_income": 61639,
            "revenue": 6470437,
            "common_shares": 1674631,
            "book_valuer_per_share": 27.04,
            "book_valuer_per_share_4q_avg": 26.66,
            "equity": 4840358,
            "current_ratio": 123.99,
            "debt_ratio": 56.28,
            "inventory_turnover_ratio": 1.73,
            "account_receivable_turnover_ratio": 12.59,
            "reinvestment_rate": 19.55,
            "research_to_sale_ratio": null,
            "price_fair": 179.99,
            "eps_avg_yearly": 5.14,
            "eps_latest_yearly": 2.2,
            "eps_growth_yearly": 380.5
        },
        "20141": {
            "year_quarter": 20141,
            "year": 2014,
            "quarter": 1,
            "eps": 1.06,
            "eps_growth_year": -13.11,
            "eps_4q": 2.94,
            "eps_4q_growth_year": -23.1,
            "roe": 3.17,
            "roe_4q": 9.02,
            "gross_profit": 1168420,
            "gross_margin": 17.24,
            "gross_margin_4q_avg": 15.97,
            "net_income": 156316,
            "revenue": 6779147,
            "common_shares": 1674631,
            "book_valuer_per_share": 28.2,
            "book_valuer_per_share_4q_avg": 26.87,
            "equity": 5031808,
            "current_ratio": 133.81,
            "debt_ratio": 50.46,
            "inventory_turnover_ratio": 1.74,
            "account_receivable_turnover_ratio": 14.16,
            "reinvestment_rate": 22.06,
            "research_to_sale_ratio": null,
            "price_fair": 169.23,
            "eps_avg_yearly": 4.84,
            "eps_latest_yearly": 4.24,
            "eps_growth_yearly": 47.02
        },
        "20142": {
            "year_quarter": 20142,
            "year": 2014,
            "quarter": 2,
            "eps": 0.31,
            "eps_growth_year": -18.42,
            "eps_4q": 2.87,
            "eps_4q_growth_year": -16.11,
            "roe": 0.44,
            "roe_4q": 8.12,
            "gross_profit": 1020464,
            "gross_margin": 16.58,
            "gross_margin_4q_avg": 16.5,
            "net_income": 21655,
            "revenue": 6153798,
            "common_shares": 1674631,
            "book_valuer_per_share": 26.42,
            "book_valuer_per_share_4q_avg": 27.04,
            "equity": 4704385,
            "current_ratio": 125.88,
            "debt_ratio": 53.45,
            "inventory_turnover_ratio": 1.65,
            "account_receivable_turnover_ratio": 13.7,
            "reinvestment_rate": 20.67,
            "research_to_sale_ratio": null,
            "price_fair": 163.98,
            "eps_avg_yearly": 4.69,
            "eps_latest_yearly": 1.24,
            "eps_growth_yearly": 44.39
        },
        "20143": {
            "year_quarter": 20143,
            "year": 2014,
            "quarter": 3,
            "eps": 0.56,
            "eps_growth_year": -41.67,
            "eps_4q": 2.47,
            "eps_4q_growth_year": -26.09,
            "roe": 1.45,
            "roe_4q": 6.34,
            "gross_profit": 1121130,
            "gross_margin": 16.69,
            "gross_margin_4q_avg": 16.77,
            "net_income": 68712,
            "revenue": 6719231,
            "common_shares": 1674631,
            "book_valuer_per_share": 26.99,
            "book_valuer_per_share_4q_avg": 27.16,
            "equity": 4784413,
            "current_ratio": 124.21,
            "debt_ratio": 53.78,
            "inventory_turnover_ratio": 1.93,
            "account_receivable_turnover_ratio": 17.06,
            "reinvestment_rate": 24.9,
            "research_to_sale_ratio": null,
            "price_fair": 153.74,
            "eps_avg_yearly": 4.39,
            "eps_latest_yearly": 2.24,
            "eps_growth_yearly": 42.03
        },
        "20144": {
            "year_quarter": 20144,
            "year": 2014,
            "quarter": 4,
            "eps": -1.26,
            "eps_growth_year": -329.74,
            "eps_4q": 0.66,
            "eps_4q_growth_year": -78.75,
            "roe": -6.2,
            "roe_4q": -1.1399999999999997,
            "gross_profit": 383929,
            "gross_margin": 10.29,
            "gross_margin_4q_avg": 15.2,
            "net_income": -287975,
            "revenue": 3731964,
            "common_shares": 1674631,
            "book_valuer_per_share": 25.77,
            "book_valuer_per_share_4q_avg": 26.85,
            "equity": 4503201,
            "current_ratio": 93.68,
            "debt_ratio": 56.56,
            "inventory_turnover_ratio": 1.19,
            "account_receivable_turnover_ratio": 16.78,
            "reinvestment_rate": 58.88,
            "research_to_sale_ratio": null,
            "price_fair": 147.37,
            "eps_avg_yearly": 4.21,
            "eps_latest_yearly": 2.24,
            "eps_growth_yearly": 44.06
        },
        "20151": {
            "year_quarter": 20151,
            "year": 2015,
            "quarter": 1,
            "eps": 0.82,
            "eps_growth_year": -22.64,
            "eps_4q": 0.42,
            "eps_4q_growth_year": -85.58,
            "roe": 2.73,
            "roe_4q": -1.5800000000000005,
            "gross_profit": 919973,
            "gross_margin": 15.23,
            "gross_margin_4q_avg": 14.7,
            "net_income": 122145,
            "revenue": 6041991,
            "common_shares": 1674631,
            "book_valuer_per_share": 26.5,
            "book_valuer_per_share_4q_avg": 26.42,
            "equity": 4455248,
            "current_ratio": 92.41,
            "debt_ratio": 51.78,
            "inventory_turnover_ratio": 1.84,
            "account_receivable_turnover_ratio": 83.4,
            "reinvestment_rate": 58,
            "research_to_sale_ratio": null,
            "price_fair": 139.4,
            "eps_avg_yearly": 3.98,
            "eps_latest_yearly": 2.24,
            "eps_growth_yearly": 46.08
        },
        "20152": {
            "year_quarter": 20152,
            "year": 2015,
            "quarter": 2,
            "eps": 0.19,
            "eps_growth_year": -38.71,
            "eps_4q": 0.3,
            "eps_4q_growth_year": -89.43,
            "roe": 0.45,
            "roe_4q": -1.57,
            "gross_profit": 848825,
            "gross_margin": 14.7,
            "gross_margin_4q_avg": 14.23,
            "net_income": 19673,
            "revenue": 5773661,
            "common_shares": 1674631,
            "book_valuer_per_share": 25.98,
            "book_valuer_per_share_4q_avg": 26.31,
            "equity": 4355784,
            "current_ratio": 92.86,
            "debt_ratio": 57.16,
            "inventory_turnover_ratio": 1.78,
            "account_receivable_turnover_ratio": 87.78,
            "reinvestment_rate": 56.31,
            "research_to_sale_ratio": null,
            "price_fair": 129.4,
            "eps_avg_yearly": 3.7,
            "eps_latest_yearly": 0.76,
            "eps_growth_yearly": 34.32
        },
        "20153": {
            "year_quarter": 20153,
            "year": 2015,
            "quarter": 3,
            "eps": 0.92,
            "eps_growth_year": 64.29,
            "eps_4q": 0.67,
            "eps_4q_growth_year": -72.92,
            "roe": 3.31,
            "roe_4q": 0.29000000000000004,
            "gross_profit": 883825,
            "gross_margin": 15.67,
            "gross_margin_4q_avg": 13.97,
            "net_income": 146850,
            "revenue": 5638624,
            "common_shares": 1674631,
            "book_valuer_per_share": 26.9,
            "book_valuer_per_share_4q_avg": 26.29,
            "equity": 4529801,
            "current_ratio": 94.03,
            "debt_ratio": 51.52,
            "inventory_turnover_ratio": 1.7,
            "account_receivable_turnover_ratio": 50.66,
            "reinvestment_rate": 50.97,
            "research_to_sale_ratio": null,
            "price_fair": 123.5,
            "eps_avg_yearly": 3.53,
            "eps_latest_yearly": 3.68,
            "eps_growth_yearly": 136.42
        },
        "20154": {
            "year_quarter": 20154,
            "year": 2015,
            "quarter": 4,
            "eps": 0.15,
            "eps_growth_year": null,
            "eps_4q": 2.08,
            "eps_4q_growth_year": 214.18,
            "roe": 0.37,
            "roe_4q": 6.859999999999999,
            "gross_profit": 884903,
            "gross_margin": 16.01,
            "gross_margin_4q_avg": 15.4,
            "net_income": 16749,
            "revenue": 5525929,
            "common_shares": 1674631,
            "book_valuer_per_share": 27.01,
            "book_valuer_per_share_4q_avg": 26.6,
            "equity": 4540356,
            "current_ratio": 98.29,
            "debt_ratio": 53.02,
            "inventory_turnover_ratio": 1.65,
            "account_receivable_turnover_ratio": 49.14,
            "reinvestment_rate": 41.65,
            "research_to_sale_ratio": null,
            "price_fair": 106.2,
            "eps_avg_yearly": 3.03,
            "eps_latest_yearly": 0.6,
            "eps_growth_yearly": 105.5
        },
        "20161": {
            "year_quarter": 20161,
            "year": 2016,
            "quarter": 1,
            "eps": 1.01,
            "eps_growth_year": 23.17,
            "eps_4q": 2.29,
            "eps_4q_growth_year": 438.83,
            "roe": 3.41,
            "roe_4q": 7.54,
            "gross_profit": 987007,
            "gross_margin": 15.69,
            "gross_margin_4q_avg": 15.52,
            "net_income": 156576,
            "revenue": 6290383,
            "common_shares": 1674631,
            "book_valuer_per_share": 28.07,
            "book_valuer_per_share_4q_avg": 26.99,
            "equity": 4650248,
            "current_ratio": 100.09,
            "debt_ratio": 52.58,
            "inventory_turnover_ratio": 1.89,
            "account_receivable_turnover_ratio": 97.03,
            "reinvestment_rate": 18.43,
            "research_to_sale_ratio": null,
            "price_fair": 99.2,
            "eps_avg_yearly": 2.83,
            "eps_latest_yearly": 4.04,
            "eps_growth_yearly": 271.9
        },
        "20162": {
            "year_quarter": 20162,
            "year": 2016,
            "quarter": 2,
            "eps": 0.76,
            "eps_growth_year": 300,
            "eps_4q": 2.86,
            "eps_4q_growth_year": 841.96,
            "roe": 2.71,
            "roe_4q": 9.8,
            "gross_profit": 833352,
            "gross_margin": 15.68,
            "gross_margin_4q_avg": 15.76,
            "net_income": 125129,
            "revenue": 5315421,
            "common_shares": 1674631,
            "book_valuer_per_share": 27.64,
            "book_valuer_per_share_4q_avg": 27.41,
            "equity": 4578256,
            "current_ratio": 99.36,
            "debt_ratio": 55.47,
            "inventory_turnover_ratio": 1.6,
            "account_receivable_turnover_ratio": 80.49,
            "reinvestment_rate": 48.6,
            "research_to_sale_ratio": null,
            "price_fair": 99,
            "eps_avg_yearly": 2.83,
            "eps_latest_yearly": 3.04,
            "eps_growth_yearly": 280.36
        },
        "20163": {
            "year_quarter": 20163,
            "year": 2016,
            "quarter": 3,
            "eps": 0.64,
            "eps_growth_year": -30.43,
            "eps_4q": 2.57,
            "eps_4q_growth_year": 284.21,
            "roe": 2.29,
            "roe_4q": 8.78,
            "gross_profit": 856592,
            "gross_margin": 15.69,
            "gross_margin_4q_avg": 15.77,
            "net_income": 106368,
            "revenue": 5461114,
            "common_shares": 1674631,
            "book_valuer_per_share": 28.36,
            "book_valuer_per_share_4q_avg": 27.77,
            "equity": 4698198,
            "current_ratio": 102.36,
            "debt_ratio": 52.34,
            "inventory_turnover_ratio": 1.63,
            "account_receivable_turnover_ratio": 72.63,
            "reinvestment_rate": 54.21,
            "research_to_sale_ratio": null,
            "price_fair": 94.9,
            "eps_avg_yearly": 2.71,
            "eps_latest_yearly": 2.56,
            "eps_growth_yearly": 265.96
        },
        "20164": {
            "year_quarter": 20164,
            "year": 2016,
            "quarter": 4,
            "eps": 0.47,
            "eps_growth_year": 220.59,
            "eps_4q": 2.89,
            "eps_4q_growth_year": 39.27,
            "roe": 1.64,
            "roe_4q": 10.05,
            "gross_profit": 811741,
            "gross_margin": 15.91,
            "gross_margin_4q_avg": 15.74,
            "net_income": 77693,
            "revenue": 5100549,
            "common_shares": 1674631,
            "book_valuer_per_share": 28.94,
            "book_valuer_per_share_4q_avg": 28.25,
            "equity": 4793058,
            "current_ratio": 102.96,
            "debt_ratio": 51.77,
            "inventory_turnover_ratio": 1.55,
            "account_receivable_turnover_ratio": 46.43,
            "reinvestment_rate": 38.24,
            "research_to_sale_ratio": null,
            "price_fair": 91.8,
            "eps_avg_yearly": 2.62,
            "eps_latest_yearly": 1.88,
            "eps_growth_yearly": 265.72
        },
        "20171": {
            "year_quarter": 20171,
            "year": 2017,
            "quarter": 1,
            "eps": 0.51,
            "eps_growth_year": -49.5,
            "eps_4q": 2.38,
            "eps_4q_growth_year": 3.99,
            "roe": 1.77,
            "roe_4q": 8.41,
            "gross_profit": 790905,
            "gross_margin": 15.44,
            "gross_margin_4q_avg": 15.68,
            "net_income": 85427,
            "revenue": 5121971,
            "common_shares": 1674631,
            "book_valuer_per_share": 29.34,
            "book_valuer_per_share_4q_avg": 28.57,
            "equity": 4881747,
            "current_ratio": 102.61,
            "debt_ratio": 47.79,
            "inventory_turnover_ratio": 1.55,
            "account_receivable_turnover_ratio": 50.55,
            "reinvestment_rate": 52.16,
            "research_to_sale_ratio": null,
            "price_fair": 84.7,
            "eps_avg_yearly": 2.42,
            "eps_latest_yearly": 2.04,
            "eps_growth_yearly": 252.03
        },
        "20172": {
            "year_quarter": 20172,
            "year": 2017,
            "quarter": 2,
            "eps": 0.2,
            "eps_growth_year": -73.68,
            "eps_4q": 1.83,
            "eps_4q_growth_year": -36.16,
            "roe": 0.72,
            "roe_4q": 6.42,
            "gross_profit": 743292,
            "gross_margin": 15.24,
            "gross_margin_4q_avg": 15.57,
            "net_income": 34005,
            "revenue": 4876883,
            "common_shares": 1674631,
            "book_valuer_per_share": 27.55,
            "book_valuer_per_share_4q_avg": 28.55,
            "equity": 4580750,
            "current_ratio": 95.87,
            "debt_ratio": 52.25,
            "inventory_turnover_ratio": 1.54,
            "account_receivable_turnover_ratio": 73.18,
            "reinvestment_rate": 54.67,
            "research_to_sale_ratio": null,
            "price_fair": 82.9,
            "eps_avg_yearly": 2.37,
            "eps_latest_yearly": 0.8,
            "eps_growth_yearly": 254.34
        },
        "20173": {
            "year_quarter": 20173,
            "year": 2017,
            "quarter": 3,
            "eps": 0.56,
            "eps_growth_year": -12.5,
            "eps_4q": 1.74,
            "eps_4q_growth_year": -32.1,
            "roe": 1.99,
            "roe_4q": 6.12,
            "gross_profit": 834364,
            "gross_margin": 15.27,
            "gross_margin_4q_avg": 15.47,
            "net_income": 91985,
            "revenue": 5464280,
            "common_shares": 1674631,
            "book_valuer_per_share": 28.1,
            "book_valuer_per_share_4q_avg": 28.48,
            "equity": 4672099,
            "current_ratio": 99.31,
            "debt_ratio": 52.78,
            "inventory_turnover_ratio": 1.75,
            "account_receivable_turnover_ratio": 68.55,
            "reinvestment_rate": 63.78,
            "research_to_sale_ratio": null,
            "price_fair": 78.9,
            "eps_avg_yearly": 2.25,
            "eps_latest_yearly": 2.24,
            "eps_growth_yearly": 262.16
        },
        "20174": {
            "year_quarter": 20174,
            "year": 2017,
            "quarter": 4,
            "eps": 0.36,
            "eps_growth_year": -23.17,
            "eps_4q": 1.64,
            "eps_4q_growth_year": -43.39,
            "roe": 1.27,
            "roe_4q": 5.75,
            "gross_profit": 779084,
            "gross_margin": 14.71,
            "gross_margin_4q_avg": 15.17,
            "net_income": 59936,
            "revenue": 5296321,
            "common_shares": 1674631,
            "book_valuer_per_share": 28.43,
            "book_valuer_per_share_4q_avg": 28.36,
            "equity": 4732752,
            "current_ratio": 101.09,
            "debt_ratio": 52.77,
            "inventory_turnover_ratio": 1.64,
            "account_receivable_turnover_ratio": 44.39,
            "reinvestment_rate": 69.54,
            "research_to_sale_ratio": null,
            "price_fair": 77,
            "eps_avg_yearly": 2.2,
            "eps_latest_yearly": 1.44,
            "eps_growth_yearly": 264.16
        },
        "20181": {
            "year_quarter": 20181,
            "year": 2018,
            "quarter": 1,
            "eps": 0.89,
            "eps_growth_year": 74.51,
            "eps_4q": 2.01,
            "eps_4q_growth_year": -15.46,
            "roe": 3.08,
            "roe_4q": 7.06,
            "gross_profit": 867190,
            "gross_margin": 15.57,
            "gross_margin_4q_avg": 15.2,
            "net_income": 147790,
            "revenue": 5570171,
            "common_shares": 1674631,
            "book_valuer_per_share": 29.28,
            "book_valuer_per_share_4q_avg": 28.34,
            "equity": 4874363,
            "current_ratio": 100.56,
            "debt_ratio": 50.92,
            "inventory_turnover_ratio": 1.66,
            "account_receivable_turnover_ratio": 50.67,
            "reinvestment_rate": 80.78,
            "research_to_sale_ratio": null,
            "price_fair": 75.3,
            "eps_avg_yearly": 2.15,
            "eps_latest_yearly": 3.56,
            "eps_growth_yearly": 279.73
        },
        "20182": {
            "year_quarter": 20182,
            "year": 2018,
            "quarter": 2,
            "eps": 0.12,
            "eps_growth_year": -40,
            "eps_4q": 1.92,
            "eps_4q_growth_year": 5.39,
            "roe": 0.41,
            "roe_4q": 6.75,
            "gross_profit": 746233,
            "gross_margin": 14.68,
            "gross_margin_4q_avg": 15.06,
            "net_income": 19580,
            "revenue": 5083700,
            "common_shares": 1674631,
            "book_valuer_per_share": 28.05,
            "book_valuer_per_share_4q_avg": 28.47,
            "equity": 4668789,
            "current_ratio": 96.38,
            "debt_ratio": 52.55,
            "inventory_turnover_ratio": 1.56,
            "account_receivable_turnover_ratio": 58.4,
            "reinvestment_rate": 105.05,
            "research_to_sale_ratio": null,
            "price_fair": 73.4,
            "eps_avg_yearly": 2.1,
            "eps_latest_yearly": 0.48,
            "eps_growth_yearly": 275.22
        },
        "20183": {
            "year_quarter": 20183,
            "year": 2018,
            "quarter": 3,
            "eps": 0.32,
            "eps_growth_year": -42.86,
            "eps_4q": 1.69,
            "eps_4q_growth_year": -3.32,
            "roe": 1.13,
            "roe_4q": 5.890000000000001,
            "gross_profit": 776957,
            "gross_margin": 15.1,
            "gross_margin_4q_avg": 15.02,
            "net_income": 53123,
            "revenue": 5146099,
            "common_shares": 1674631,
            "book_valuer_per_share": 28.35,
            "book_valuer_per_share_4q_avg": 28.53,
            "equity": 4718462,
            "current_ratio": 98.35,
            "debt_ratio": 54.06,
            "inventory_turnover_ratio": 1.55,
            "account_receivable_turnover_ratio": 38.76,
            "reinvestment_rate": 99.34,
            "research_to_sale_ratio": null,
            "price_fair": 71,
            "eps_avg_yearly": 2.03,
            "eps_latest_yearly": 1.28,
            "eps_growth_yearly": 299.8
        },
        "20184": {
            "year_quarter": 20184,
            "year": 2018,
            "quarter": 4,
            "eps": 0.02,
            "eps_growth_year": -95.41,
            "eps_4q": 1.34,
            "eps_4q_growth_year": -17.99,
            "roe": 0.05,
            "roe_4q": 4.67,
            "gross_profit": 699791,
            "gross_margin": 14.67,
            "gross_margin_4q_avg": 15.01,
            "net_income": 2158,
            "revenue": 4770182,
            "common_shares": 1674631,
            "book_valuer_per_share": 28.35,
            "book_valuer_per_share_4q_avg": 28.51,
            "equity": 4720671,
            "current_ratio": 99.67,
            "debt_ratio": 49.03,
            "inventory_turnover_ratio": 1.47,
            "account_receivable_turnover_ratio": 28.49,
            "reinvestment_rate": -7.3,
            "research_to_sale_ratio": null,
            "price_fair": 66.45,
            "eps_avg_yearly": 1.9,
            "eps_latest_yearly": 0.08,
            "eps_growth_yearly": 254.81
        },
        "20191": {
            "year_quarter": 20191,
            "year": 2019,
            "quarter": 1,
            "eps": 0.47,
            "eps_growth_year": -47.19,
            "eps_4q": 0.92,
            "eps_4q_growth_year": -54.12,
            "roe": 1.66,
            "roe_4q": 3.25,
            "gross_profit": 793577,
            "gross_margin": 16.24,
            "gross_margin_4q_avg": 15.17,
            "net_income": 78079,
            "revenue": 4886539,
            "common_shares": 1664688,
            "book_valuer_per_share": 28.06,
            "book_valuer_per_share_4q_avg": 28.2,
            "equity": 4672694,
            "current_ratio": 83.79,
            "debt_ratio": 67.41,
            "inventory_turnover_ratio": 1.56,
            "account_receivable_turnover_ratio": 30.23,
            "reinvestment_rate": -10.41,
            "research_to_sale_ratio": null,
            "price_fair": 66.41,
            "eps_avg_yearly": 1.9,
            "eps_latest_yearly": 1.88,
            "eps_growth_yearly": 801.39
        },
        "20192": {
            "year_quarter": 20192,
            "year": 2019,
            "quarter": 2,
            "eps": 0.1,
            "eps_growth_year": -16.67,
            "eps_4q": 0.9,
            "eps_4q_growth_year": -53.01,
            "roe": 0.36,
            "roe_4q": 3.1999999999999997,
            "gross_profit": 713284,
            "gross_margin": 15.28,
            "gross_margin_4q_avg": 15.32,
            "net_income": 16506,
            "revenue": 4667803,
            "common_shares": 1664688,
            "book_valuer_per_share": 27.27,
            "book_valuer_per_share_4q_avg": 28.01,
            "equity": 4539424,
            "current_ratio": 82.75,
            "debt_ratio": 67.66,
            "inventory_turnover_ratio": 1.56,
            "account_receivable_turnover_ratio": 31.93,
            "reinvestment_rate": -9.72,
            "research_to_sale_ratio": null,
            "price_fair": 65.63,
            "eps_avg_yearly": 1.88,
            "eps_latest_yearly": 0.4,
            "eps_growth_yearly": 800.91
        },
        "20193": {
            "year_quarter": 20193,
            "year": 2019,
            "quarter": 3,
            "eps": 0.4,
            "eps_growth_year": 25,
            "eps_4q": 0.99,
            "eps_4q_growth_year": -41.57,
            "roe": 1.46,
            "roe_4q": 3.5299999999999994,
            "gross_profit": 768887,
            "gross_margin": 15.09,
            "gross_margin_4q_avg": 15.32,
            "net_income": 66708,
            "revenue": 5095642,
            "common_shares": 1664688,
            "book_valuer_per_share": 27.67,
            "book_valuer_per_share_4q_avg": 27.84,
            "equity": 4605545,
            "current_ratio": 84.68,
            "debt_ratio": 67.44,
            "inventory_turnover_ratio": 1.81,
            "account_receivable_turnover_ratio": 29.86,
            "reinvestment_rate": -9.3,
            "research_to_sale_ratio": null,
            "price_fair": 61.08,
            "eps_avg_yearly": 1.75,
            "eps_latest_yearly": 1.6,
            "eps_growth_yearly": 779.86
        },
        "20194": {
            "year_quarter": 20194,
            "year": 2019,
            "quarter": 4,
            "eps": 0.3,
            "eps_growth_year": 1732.18,
            "eps_4q": 1.27,
            "eps_4q_growth_year": -5.19,
            "roe": 1.09,
            "roe_4q": 4.569999999999999,
            "gross_profit": 729547,
            "gross_margin": 17.1,
            "gross_margin_4q_avg": 15.93,
            "net_income": 50477,
            "revenue": 4266982,
            "common_shares": 1664688,
            "book_valuer_per_share": 28.03,
            "book_valuer_per_share_4q_avg": 27.76,
            "equity": 4665320,
            "current_ratio": 83.88,
            "debt_ratio": 64.62,
            "inventory_turnover_ratio": 1.58,
            "account_receivable_turnover_ratio": 33.69,
            "reinvestment_rate": -42.51,
            "research_to_sale_ratio": null,
            "price_fair": 62.39,
            "eps_avg_yearly": 1.78,
            "eps_latest_yearly": 1.2,
            "eps_growth_yearly": 794.53
        },
        "20201": {
            "year_quarter": 20201,
            "year": 2020,
            "quarter": 1,
            "eps": 0.58,
            "eps_growth_year": 23.4,
            "eps_4q": 1.38,
            "eps_4q_growth_year": 49.48,
            "roe": 2.04,
            "roe_4q": 4.95,
            "gross_profit": 751126,
            "gross_margin": 16.62,
            "gross_margin_4q_avg": 16.02,
            "net_income": 95892,
            "revenue": 4520529,
            "common_shares": 1664688,
            "book_valuer_per_share": 28.51,
            "book_valuer_per_share_4q_avg": 27.87,
            "equity": 4746094,
            "current_ratio": 86.46,
            "debt_ratio": 64.6,
            "inventory_turnover_ratio": 1.68,
            "account_receivable_turnover_ratio": 84.42,
            "reinvestment_rate": -51.44,
            "research_to_sale_ratio": null,
            "price_fair": 58.63,
            "eps_avg_yearly": 1.68,
            "eps_latest_yearly": 2.32,
            "eps_growth_yearly": 674.53
        },
        "20202": {
            "year_quarter": 20202,
            "year": 2020,
            "quarter": 2,
            "eps": 0.18,
            "eps_growth_year": 80,
            "eps_4q": 1.46,
            "eps_4q_growth_year": 61.1,
            "roe": 0.63,
            "roe_4q": 5.22,
            "gross_profit": 713489,
            "gross_margin": 15.34,
            "gross_margin_4q_avg": 16.04,
            "net_income": 29459,
            "revenue": 4650555,
            "common_shares": 1664688,
            "book_valuer_per_share": 27.75,
            "book_valuer_per_share_4q_avg": 27.99,
            "equity": 4619834,
            "current_ratio": 88.25,
            "debt_ratio": 66.78,
            "inventory_turnover_ratio": 1.69,
            "account_receivable_turnover_ratio": 95.86,
            "reinvestment_rate": -55.36,
            "research_to_sale_ratio": null,
            "price_fair": 53.55,
            "eps_avg_yearly": 1.53,
            "eps_latest_yearly": 0.72,
            "eps_growth_yearly": 663.48
        },
        "20203": {
            "year_quarter": 20203,
            "year": 2020,
            "quarter": 3,
            "eps": 0.5,
            "eps_growth_year": 25,
            "eps_4q": 1.56,
            "eps_4q_growth_year": 57.86,
            "roe": 1.79,
            "roe_4q": 5.55,
            "gross_profit": 774905,
            "gross_margin": 14.41,
            "gross_margin_4q_avg": 15.87,
            "net_income": 83172,
            "revenue": 5377545,
            "common_shares": 1664688,
            "book_valuer_per_share": 28.22,
            "book_valuer_per_share_4q_avg": 28.13,
            "equity": 4697641,
            "current_ratio": 89.45,
            "debt_ratio": 65.86,
            "inventory_turnover_ratio": 2.04,
            "account_receivable_turnover_ratio": 113.85,
            "reinvestment_rate": -54.42,
            "research_to_sale_ratio": null,
            "price_fair": 52.33,
            "eps_avg_yearly": 1.5,
            "eps_latest_yearly": 2,
            "eps_growth_yearly": 711.87
        },
        "20204": {
            "year_quarter": 20204,
            "year": 2020,
            "quarter": 4,
            "eps": 0.6,
            "eps_growth_year": 97.74,
            "eps_4q": 1.85,
            "eps_4q_growth_year": 45.58,
            "roe": 2.11,
            "roe_4q": 6.57,
            "gross_profit": 807331,
            "gross_margin": 16.17,
            "gross_margin_4q_avg": 15.64,
            "net_income": 99849,
            "revenue": 4994091,
            "common_shares": 1664688,
            "book_valuer_per_share": 28.76,
            "book_valuer_per_share_4q_avg": 28.31,
            "equity": 4786957,
            "current_ratio": 90.68,
            "debt_ratio": 65.74,
            "inventory_turnover_ratio": 1.9,
            "account_receivable_turnover_ratio": 91.15,
            "reinvestment_rate": -53.83,
            "research_to_sale_ratio": null,
            "price_fair": 53.46,
            "eps_avg_yearly": 1.53,
            "eps_latest_yearly": 2.4,
            "eps_growth_yearly": 723.51
        },
        "20211": {
            "year_quarter": 20211,
            "year": 2021,
            "quarter": 1,
            "eps": 1,
            "eps_growth_year": 72.41,
            "eps_4q": 2.28,
            "eps_4q_growth_year": 65.09,
            "roe": 3.42,
            "roe_4q": 7.949999999999999,
            "gross_profit": 868799,
            "gross_margin": 16.56,
            "gross_margin_4q_avg": 15.62,
            "net_income": 166629,
            "revenue": 5246234,
            "common_shares": 1664688,
            "book_valuer_per_share": 29.75,
            "book_valuer_per_share_4q_avg": 28.62,
            "equity": 4951912,
            "current_ratio": 93.45,
            "debt_ratio": 65.93,
            "inventory_turnover_ratio": 1.74,
            "account_receivable_turnover_ratio": 86.55,
            "reinvestment_rate": -62.61,
            "research_to_sale_ratio": null,
            "price_fair": 57.75,
            "eps_avg_yearly": 1.65,
            "eps_latest_yearly": 4,
            "eps_growth_yearly": 738.05
        },
        "20212": {
            "year_quarter": 20212,
            "year": 2021,
            "quarter": 2,
            "eps": 1.02,
            "eps_growth_year": 466.67,
            "eps_4q": 3.12,
            "eps_4q_growth_year": 114.27,
            "roe": 3.47,
            "roe_4q": 10.79,
            "gross_profit": 907724,
            "gross_margin": 15.1,
            "gross_margin_4q_avg": 15.56,
            "net_income": 170067,
            "revenue": 6013160,
            "common_shares": 1664688,
            "book_valuer_per_share": 29.22,
            "book_valuer_per_share_4q_avg": 28.99,
            "equity": 4863551,
            "current_ratio": 92.66,
            "debt_ratio": 68.14,
            "inventory_turnover_ratio": 1.96,
            "account_receivable_turnover_ratio": 96.75,
            "reinvestment_rate": -55.4,
            "research_to_sale_ratio": null,
            "price_fair": 64.93,
            "eps_avg_yearly": 1.86,
            "eps_latest_yearly": 4.08,
            "eps_growth_yearly": 753.75
        },
        "20213": {
            "year_quarter": 20213,
            "year": 2021,
            "quarter": 3,
            "eps": 0.72,
            "eps_growth_year": 44,
            "eps_4q": 3.34,
            "eps_4q_growth_year": 114.84,
            "roe": 2.44,
            "roe_4q": 11.44,
            "gross_profit": 869453,
            "gross_margin": 15.55,
            "gross_margin_4q_avg": 15.85,
            "net_income": 119922,
            "revenue": 5590489,
            "common_shares": 1664688,
            "book_valuer_per_share": 29.94,
            "book_valuer_per_share_4q_avg": 29.42,
            "equity": 4984450,
            "current_ratio": 93.3,
            "debt_ratio": 67.27,
            "inventory_turnover_ratio": 2.02,
            "account_receivable_turnover_ratio": 68.32,
            "reinvestment_rate": -46.98,
            "research_to_sale_ratio": null,
            "price_fair": 66.33,
            "eps_avg_yearly": 1.9,
            "eps_latest_yearly": 2.88,
            "eps_growth_yearly": 701.4
        },
        "20214": {
            "year_quarter": 20214,
            "year": 2021,
            "quarter": 4,
            "eps": 1.18,
            "eps_growth_year": 97.37,
            "eps_4q": 3.93,
            "eps_4q_growth_year": 111.98,
            "roe": 3.88,
            "roe_4q": 13.21,
            "gross_profit": 963982,
            "gross_margin": 16.45,
            "gross_margin_4q_avg": 15.92,
            "net_income": 197074,
            "revenue": 5860267,
            "common_shares": 1664688,
            "book_valuer_per_share": 31.14,
            "book_valuer_per_share_4q_avg": 30.01,
            "equity": 5184250,
            "current_ratio": 96.76,
            "debt_ratio": 67.29,
            "inventory_turnover_ratio": 2.07,
            "account_receivable_turnover_ratio": 54.27,
            "reinvestment_rate": -35.99,
            "research_to_sale_ratio": null,
            "price_fair": 73.5,
            "eps_avg_yearly": 2.1,
            "eps_latest_yearly": 4.72,
            "eps_growth_yearly": 726.3
        },
        "20221": {
            "year_quarter": 20221,
            "year": 2022,
            "quarter": 1,
            "eps": 1.03,
            "eps_growth_year": 3,
            "eps_4q": 3.95,
            "eps_4q_growth_year": 73.49,
            "roe": 3.43,
            "roe_4q": 13.22,
            "gross_profit": 893664,
            "gross_margin": 15.54,
            "gross_margin_4q_avg": 15.66,
            "net_income": 170638,
            "revenue": 5750030,
            "common_shares": 1664688,
            "book_valuer_per_share": 28.63,
            "book_valuer_per_share_4q_avg": 29.73,
            "equity": 4766522,
            "current_ratio": 90.01,
            "debt_ratio": 70.42,
            "inventory_turnover_ratio": 1.83,
            "account_receivable_turnover_ratio": 64.85,
            "reinvestment_rate": -41.16,
            "research_to_sale_ratio": null,
            "price_fair": 74.73,
            "eps_avg_yearly": 2.14,
            "eps_latest_yearly": 4.12,
            "eps_growth_yearly": 686.31
        },
        "20222": {
            "year_quarter": 20222,
            "year": 2022,
            "quarter": 2,
            "eps": 1.16,
            "eps_growth_year": 13.73,
            "eps_4q": 5.7,
            "eps_4q_growth_year": 82.5,
            "roe": 3.86,
            "roe_4q": 13.61,
            "gross_profit": 900344,
            "gross_margin": 15.15,
            "gross_margin_4q_avg": 15.67,
            "net_income": 177840,
            "revenue": 5942050,
            "common_shares": 1168000,
            "book_valuer_per_share": 38.09,
            "book_valuer_per_share_4q_avg": 31.95,
            "equity": 4449114,
            "current_ratio": 85.89,
            "debt_ratio": 72.47,
            "inventory_turnover_ratio": 1.73,
            "account_receivable_turnover_ratio": 106.32,
            "reinvestment_rate": -35.98,
            "research_to_sale_ratio": null,
            "price_fair": 83.83,
            "eps_avg_yearly": 2.4,
            "eps_latest_yearly": 4.64,
            "eps_growth_yearly": 711.1
        },
        "20223": {
            "year_quarter": 20223,
            "year": 2022,
            "quarter": 3,
            "eps": 1.04,
            "eps_growth_year": 44.44,
            "eps_4q": 5.71,
            "eps_4q_growth_year": 70.84,
            "roe": 2.69,
            "roe_4q": 13.86,
            "gross_profit": 820800,
            "gross_margin": 14.98,
            "gross_margin_4q_avg": 15.53,
            "net_income": 121450,
            "revenue": 5479077,
            "common_shares": 1168000,
            "book_valuer_per_share": 39.15,
            "book_valuer_per_share_4q_avg": 34.25,
            "equity": 4572964,
            "current_ratio": 84.45,
            "debt_ratio": 69,
            "inventory_turnover_ratio": 1.69,
            "account_receivable_turnover_ratio": 90.33,
            "reinvestment_rate": -32.94,
            "research_to_sale_ratio": null,
            "price_fair": 90.13,
            "eps_avg_yearly": 2.58,
            "eps_latest_yearly": 4.16,
            "eps_growth_yearly": 666.85
        },
        "20224": {
            "year_quarter": 20224,
            "year": 2022,
            "quarter": 4,
            "eps": 1.05,
            "eps_growth_year": -10.9,
            "eps_4q": 5.08,
            "eps_4q_growth_year": 29.32,
            "roe": 2.65,
            "roe_4q": 12.629999999999999,
            "gross_profit": 830941,
            "gross_margin": 16.23,
            "gross_margin_4q_avg": 15.48,
            "net_income": 123206,
            "revenue": 5120074,
            "common_shares": 1168000,
            "book_valuer_per_share": 40.48,
            "book_valuer_per_share_4q_avg": 36.59,
            "equity": 4727655,
            "current_ratio": 88.18,
            "debt_ratio": 68.41,
            "inventory_turnover_ratio": 1.65,
            "account_receivable_turnover_ratio": 51.19,
            "reinvestment_rate": -28.91,
            "research_to_sale_ratio": null,
            "price_fair": 99.14,
            "eps_avg_yearly": 2.83,
            "eps_latest_yearly": 4.2,
            "eps_growth_yearly": 690.52
        },
        "20231": {
            "year_quarter": 20231,
            "year": 2023,
            "quarter": 1,
            "eps": 0.9,
            "eps_growth_year": -12.62,
            "eps_4q": 4.52,
            "eps_4q_growth_year": 14.42,
            "roe": 2.32,
            "roe_4q": 11.52,
            "gross_profit": 777145,
            "gross_margin": 15.39,
            "gross_margin_4q_avg": 15.44,
            "net_income": 105503,
            "revenue": 5050963,
            "common_shares": 1168000,
            "book_valuer_per_share": 37.4,
            "book_valuer_per_share_4q_avg": 38.78,
            "equity": 4367861,
            "current_ratio": 82.49,
            "debt_ratio": 70.52,
            "inventory_turnover_ratio": 1.45,
            "account_receivable_turnover_ratio": 52.57,
            "reinvestment_rate": -26.07,
            "research_to_sale_ratio": null,
            "price_fair": 102.9,
            "eps_avg_yearly": 2.94,
            "eps_latest_yearly": 3.6,
            "eps_growth_yearly": 124.45
        }
    },
    "months": {
        "2001-06": {
            "month": "2001-06",
            "price": "51.68",
            "revenue": 811077
        },
        "2001-07": {
            "month": "2001-07",
            "price": "45.45",
            "revenue": 983126
        },
        "2001-08": {
            "month": "2001-08",
            "price": "39.63",
            "revenue": 1153514
        },
        "2001-09": {
            "month": "2001-09",
            "price": "32.41",
            "revenue": 1006328
        },
        "2001-10": {
            "month": "2001-10",
            "price": "32.33",
            "revenue": 1003410
        },
        "2001-11": {
            "month": "2001-11",
            "price": "39.05",
            "revenue": 915109
        },
        "2001-12": {
            "month": "2001-12",
            "price": "45.24",
            "revenue": 890017
        },
        "2002-01": {
            "month": "2002-01",
            "price": "50.37",
            "revenue": 1006749
        },
        "2002-02": {
            "month": "2002-02",
            "price": "48.38",
            "revenue": 1009235
        },
        "2002-03": {
            "month": "2002-03",
            "price": "51.10",
            "revenue": 1009879
        },
        "2002-04": {
            "month": "2002-04",
            "price": "51.45",
            "revenue": 1120935
        },
        "2002-05": {
            "month": "2002-05",
            "price": "46.94",
            "revenue": 1114663
        },
        "2002-06": {
            "month": "2002-06",
            "price": "42.44",
            "revenue": 1147457
        },
        "2002-07": {
            "month": "2002-07",
            "price": "38.94",
            "revenue": 1142095
        },
        "2002-08": {
            "month": "2002-08",
            "price": "40.48",
            "revenue": 1239753
        },
        "2002-09": {
            "month": "2002-09",
            "price": "41.90",
            "revenue": 1284053
        },
        "2002-10": {
            "month": "2002-10",
            "price": "40.46",
            "revenue": 1250018
        },
        "2002-11": {
            "month": "2002-11",
            "price": "50.78",
            "revenue": 1357268
        },
        "2002-12": {
            "month": "2002-12",
            "price": "48.55",
            "revenue": 1417643
        },
        "2003-01": {
            "month": "2003-01",
            "price": "53.73",
            "revenue": 1580165
        },
        "2003-02": {
            "month": "2003-02",
            "price": "51.22",
            "revenue": 1571652
        },
        "2003-03": {
            "month": "2003-03",
            "price": "49.51",
            "revenue": 1606818
        },
        "2003-04": {
            "month": "2003-04",
            "price": "43.61",
            "revenue": 1579102
        },
        "2003-05": {
            "month": "2003-05",
            "price": "39.00",
            "revenue": 1539456
        },
        "2003-06": {
            "month": "2003-06",
            "price": "43.33",
            "revenue": 1814919
        },
        "2003-07": {
            "month": "2003-07",
            "price": "47.52",
            "revenue": 2022726
        },
        "2003-08": {
            "month": "2003-08",
            "price": "49.29",
            "revenue": 2440414
        },
        "2003-09": {
            "month": "2003-09",
            "price": "48.58",
            "revenue": 2333687
        },
        "2003-10": {
            "month": "2003-10",
            "price": "48.80",
            "revenue": 2034505
        },
        "2003-11": {
            "month": "2003-11",
            "price": "49.53",
            "revenue": 2277440
        },
        "2003-12": {
            "month": "2003-12",
            "price": "49.18",
            "revenue": 2372047
        },
        "2004-01": {
            "month": "2004-01",
            "price": "52.00",
            "revenue": 2797409
        },
        "2004-02": {
            "month": "2004-02",
            "price": "60.15",
            "revenue": 2523918
        },
        "2004-03": {
            "month": "2004-03",
            "price": "59.33",
            "revenue": 2196629
        },
        "2004-04": {
            "month": "2004-04",
            "price": "54.25",
            "revenue": 2681343
        },
        "2004-05": {
            "month": "2004-05",
            "price": "44.04",
            "revenue": 2303055
        },
        "2004-06": {
            "month": "2004-06",
            "price": "42.74",
            "revenue": 2623862
        },
        "2004-07": {
            "month": "2004-07",
            "price": "39.15",
            "revenue": 2702193
        },
        "2004-08": {
            "month": "2004-08",
            "price": "36.46",
            "revenue": 2552965
        },
        "2004-09": {
            "month": "2004-09",
            "price": "40.89",
            "revenue": 2686227
        },
        "2004-10": {
            "month": "2004-10",
            "price": "35.94",
            "revenue": 2522501
        },
        "2004-11": {
            "month": "2004-11",
            "price": "35.11",
            "revenue": 2553769
        },
        "2004-12": {
            "month": "2004-12",
            "price": "34.81",
            "revenue": 2368934
        },
        "2005-01": {
            "month": "2005-01",
            "price": "34.37",
            "revenue": 2574439
        },
        "2005-02": {
            "month": "2005-02",
            "price": "39.70",
            "revenue": 2464383
        },
        "2005-03": {
            "month": "2005-03",
            "price": "43.87",
            "revenue": 2096101
        },
        "2005-04": {
            "month": "2005-04",
            "price": "40.40",
            "revenue": 2564838
        },
        "2005-05": {
            "month": "2005-05",
            "price": "37.42",
            "revenue": 2155939
        },
        "2005-06": {
            "month": "2005-06",
            "price": "39.63",
            "revenue": 2195297
        },
        "2005-07": {
            "month": "2005-07",
            "price": "49.33",
            "revenue": 3186153
        },
        "2005-08": {
            "month": "2005-08",
            "price": "48.32",
            "revenue": 2675121
        },
        "2005-09": {
            "month": "2005-09",
            "price": "53.26",
            "revenue": 2758822
        },
        "2005-10": {
            "month": "2005-10",
            "price": "52.59",
            "revenue": 2537563
        },
        "2005-11": {
            "month": "2005-11",
            "price": "52.99",
            "revenue": 2283631
        },
        "2005-12": {
            "month": "2005-12",
            "price": "53.95",
            "revenue": 2537982
        },
        "2006-01": {
            "month": "2006-01",
            "price": "51.93",
            "revenue": 4624045
        },
        "2006-02": {
            "month": "2006-02",
            "price": "55.64",
            "revenue": 3745575
        },
        "2006-03": {
            "month": "2006-03",
            "price": "52.26",
            "revenue": 4334462
        },
        "2006-04": {
            "month": "2006-04",
            "price": "49.56",
            "revenue": 5444685
        },
        "2006-05": {
            "month": "2006-05",
            "price": "41.77",
            "revenue": 4492687
        },
        "2006-06": {
            "month": "2006-06",
            "price": "40.08",
            "revenue": 4242042
        },
        "2006-07": {
            "month": "2006-07",
            "price": "41.06",
            "revenue": 5071430
        },
        "2006-08": {
            "month": "2006-08",
            "price": "38.82",
            "revenue": 4729238
        },
        "2006-09": {
            "month": "2006-09",
            "price": "32.19",
            "revenue": 4561480
        },
        "2006-10": {
            "month": "2006-10",
            "price": "29.28",
            "revenue": 1960231
        },
        "2006-11": {
            "month": "2006-11",
            "price": "25.45",
            "revenue": 4860011
        },
        "2006-12": {
            "month": "2006-12",
            "price": "30.27",
            "revenue": 4854313
        },
        "2007-01": {
            "month": "2007-01",
            "price": "31.73",
            "revenue": 3006523
        },
        "2007-02": {
            "month": "2007-02",
            "price": "30.60",
            "revenue": 2806628
        },
        "2007-03": {
            "month": "2007-03",
            "price": "31.64",
            "revenue": 2203932
        },
        "2007-04": {
            "month": "2007-04",
            "price": "31.02",
            "revenue": 3018676
        },
        "2007-05": {
            "month": "2007-05",
            "price": "30.08",
            "revenue": 2268596
        },
        "2007-06": {
            "month": "2007-06",
            "price": "35.37",
            "revenue": 2261570
        },
        "2007-07": {
            "month": "2007-07",
            "price": "42.83",
            "revenue": 3617371
        },
        "2007-08": {
            "month": "2007-08",
            "price": "40.49",
            "revenue": 2594986
        },
        "2007-09": {
            "month": "2007-09",
            "price": "44.40",
            "revenue": 2732884
        },
        "2007-10": {
            "month": "2007-10",
            "price": "44.77",
            "revenue": 2487361
        },
        "2007-11": {
            "month": "2007-11",
            "price": "44.38",
            "revenue": 3443120
        },
        "2007-12": {
            "month": "2007-12",
            "price": "41.69",
            "revenue": 2898801
        },
        "2008-01": {
            "month": "2008-01",
            "price": "41.07",
            "revenue": 3450594
        },
        "2008-02": {
            "month": "2008-02",
            "price": "42.66",
            "revenue": 3032758
        },
        "2008-03": {
            "month": "2008-03",
            "price": "44.40",
            "revenue": 2341626
        },
        "2008-04": {
            "month": "2008-04",
            "price": "44.35",
            "revenue": 3203231
        },
        "2008-05": {
            "month": "2008-05",
            "price": "45.15",
            "revenue": 2099378
        },
        "2008-06": {
            "month": "2008-06",
            "price": "42.00",
            "revenue": 2050196
        },
        "2008-07": {
            "month": "2008-07",
            "price": "32.86",
            "revenue": 3175784
        },
        "2008-08": {
            "month": "2008-08",
            "price": "27.13",
            "revenue": 2384791
        },
        "2008-09": {
            "month": "2008-09",
            "price": "17.15",
            "revenue": 2277045
        },
        "2008-10": {
            "month": "2008-10",
            "price": "11.92",
            "revenue": 1968100
        },
        "2008-11": {
            "month": "2008-11",
            "price": "11.58",
            "revenue": 2830989
        },
        "2008-12": {
            "month": "2008-12",
            "price": "12.50",
            "revenue": 2069432
        },
        "2009-01": {
            "month": "2009-01",
            "price": "12.49",
            "revenue": 3442738
        },
        "2009-02": {
            "month": "2009-02",
            "price": "11.64",
            "revenue": 2113521
        },
        "2009-03": {
            "month": "2009-03",
            "price": "13.66",
            "revenue": 1824998
        },
        "2009-04": {
            "month": "2009-04",
            "price": "19.81",
            "revenue": 2746524
        },
        "2009-05": {
            "month": "2009-05",
            "price": "26.48",
            "revenue": 1861240
        },
        "2009-06": {
            "month": "2009-06",
            "price": "24.50",
            "revenue": 1686397
        },
        "2009-07": {
            "month": "2009-07",
            "price": "29.70",
            "revenue": 2773305
        },
        "2009-08": {
            "month": "2009-08",
            "price": "34.18",
            "revenue": 2198744
        },
        "2009-09": {
            "month": "2009-09",
            "price": "33.54",
            "revenue": 2130795
        },
        "2009-10": {
            "month": "2009-10",
            "price": "30.45",
            "revenue": 1767655
        },
        "2009-11": {
            "month": "2009-11",
            "price": "34.09",
            "revenue": 2492186
        },
        "2009-12": {
            "month": "2009-12",
            "price": "55.64",
            "revenue": 1975578
        },
        "2010-01": {
            "month": "2010-01",
            "price": "55.52",
            "revenue": 2679004
        },
        "2010-02": {
            "month": "2010-02",
            "price": "53.64",
            "revenue": 2437821
        },
        "2010-03": {
            "month": "2010-03",
            "price": "56.35",
            "revenue": 1968716
        },
        "2010-04": {
            "month": "2010-04",
            "price": "68.42",
            "revenue": 2601001
        },
        "2010-05": {
            "month": "2010-05",
            "price": "63.06",
            "revenue": 1936029
        },
        "2010-06": {
            "month": "2010-06",
            "price": "62.10",
            "revenue": 1889657
        },
        "2010-07": {
            "month": "2010-07",
            "price": "62.31",
            "revenue": 3007196
        },
        "2010-08": {
            "month": "2010-08",
            "price": "60.24",
            "revenue": 2287153
        },
        "2010-09": {
            "month": "2010-09",
            "price": "58.16",
            "revenue": 2209913
        },
        "2010-10": {
            "month": "2010-10",
            "price": "59.10",
            "revenue": 1903676
        },
        "2010-11": {
            "month": "2010-11",
            "price": "57.15",
            "revenue": 2513614
        },
        "2010-12": {
            "month": "2010-12",
            "price": "59.78",
            "revenue": 2381369
        },
        "2011-01": {
            "month": "2011-01",
            "price": "60.40",
            "revenue": 3123561
        },
        "2011-02": {
            "month": "2011-02",
            "price": "59.59",
            "revenue": 2200167
        },
        "2011-03": {
            "month": "2011-03",
            "price": "59.33",
            "revenue": 1834545
        },
        "2011-04": {
            "month": "2011-04",
            "price": "62.53",
            "revenue": 2394097
        },
        "2011-05": {
            "month": "2011-05",
            "price": "59.07",
            "revenue": 2091784
        },
        "2011-06": {
            "month": "2011-06",
            "price": "57.53",
            "revenue": 2214327
        },
        "2011-07": {
            "month": "2011-07",
            "price": "60.40",
            "revenue": 3358725
        },
        "2011-08": {
            "month": "2011-08",
            "price": "68.94",
            "revenue": 2476103
        },
        "2011-09": {
            "month": "2011-09",
            "price": "63.15",
            "revenue": 2211652
        },
        "2011-10": {
            "month": "2011-10",
            "price": "62.82",
            "revenue": 2007828
        },
        "2011-11": {
            "month": "2011-11",
            "price": "62.80",
            "revenue": 2978905
        },
        "2011-12": {
            "month": "2011-12",
            "price": "64.65",
            "revenue": 2416336
        },
        "2012-01": {
            "month": "2012-01",
            "price": "65.73",
            "revenue": 3281929
        },
        "2012-02": {
            "month": "2012-02",
            "price": "66.74",
            "revenue": 2022522
        },
        "2012-03": {
            "month": "2012-03",
            "price": "70.45",
            "revenue": 2122862
        },
        "2012-04": {
            "month": "2012-04",
            "price": "68.45",
            "revenue": 2603935
        },
        "2012-05": {
            "month": "2012-05",
            "price": "66.12",
            "revenue": 2131620
        },
        "2012-06": {
            "month": "2012-06",
            "price": "63.37",
            "revenue": 2233857
        },
        "2012-07": {
            "month": "2012-07",
            "price": "62.74",
            "revenue": 3292011
        },
        "2012-08": {
            "month": "2012-08",
            "price": "62.48",
            "revenue": 2388565
        },
        "2012-09": {
            "month": "2012-09",
            "price": "62.36",
            "revenue": 2162484
        },
        "2012-10": {
            "month": "2012-10",
            "price": "61.63",
            "revenue": 1747509
        },
        "2012-11": {
            "month": "2012-11",
            "price": "58.32",
            "revenue": 2290886
        },
        "2012-12": {
            "month": "2012-12",
            "price": "58.20",
            "revenue": 2433243
        },
        "2013-01": {
            "month": "2013-01",
            "price": "58.70",
            "revenue": 2699985
        },
        "2013-02": {
            "month": "2013-02",
            "price": "59.00",
            "revenue": 2135600
        },
        "2013-03": {
            "month": "2013-03",
            "price": "53.54",
            "revenue": 1672782
        },
        "2013-04": {
            "month": "2013-04",
            "price": "48.52",
            "revenue": 2171478
        },
        "2013-05": {
            "month": "2013-05",
            "price": "48.01",
            "revenue": 1948135
        },
        "2013-06": {
            "month": "2013-06",
            "price": "45.60",
            "revenue": 2025938
        },
        "2013-07": {
            "month": "2013-07",
            "price": "44.12",
            "revenue": 2451769
        },
        "2013-08": {
            "month": "2013-08",
            "price": "42.29",
            "revenue": 2057886
        },
        "2013-09": {
            "month": "2013-09",
            "price": "40.99",
            "revenue": 2053301
        },
        "2013-10": {
            "month": "2013-10",
            "price": "40.53",
            "revenue": 1901983
        },
        "2013-11": {
            "month": "2013-11",
            "price": "39.79",
            "revenue": 2174365
        },
        "2013-12": {
            "month": "2013-12",
            "price": "40.36",
            "revenue": 2393767
        },
        "2014-01": {
            "month": "2014-01",
            "price": "42.35",
            "revenue": 3085628
        },
        "2014-02": {
            "month": "2014-02",
            "price": "42.31",
            "revenue": 1963974
        },
        "2014-03": {
            "month": "2014-03",
            "price": "41.42",
            "revenue": 1729322
        },
        "2014-04": {
            "month": "2014-04",
            "price": "41.93",
            "revenue": 2207986
        },
        "2014-05": {
            "month": "2014-05",
            "price": "41.06",
            "revenue": 1991800
        },
        "2014-06": {
            "month": "2014-06",
            "price": "40.07",
            "revenue": 1954209
        },
        "2014-07": {
            "month": "2014-07",
            "price": "39.43",
            "revenue": 2579265
        },
        "2014-08": {
            "month": "2014-08",
            "price": "37.61",
            "revenue": 2109578
        },
        "2014-09": {
            "month": "2014-09",
            "price": "36.42",
            "revenue": 2030400
        },
        "2014-10": {
            "month": "2014-10",
            "price": "33.47",
            "revenue": 1865923
        },
        "2014-11": {
            "month": "2014-11",
            "price": "30.94",
            "revenue": 2036139
        },
        "2014-12": {
            "month": "2014-12",
            "price": "31.28",
            "revenue": 2226778
        },
        "2015-01": {
            "month": "2015-01",
            "price": "32.31",
            "revenue": 2285345
        },
        "2015-02": {
            "month": "2015-02",
            "price": "31.95",
            "revenue": 2086607
        },
        "2015-03": {
            "month": "2015-03",
            "price": "32.15",
            "revenue": 1671661
        },
        "2015-04": {
            "month": "2015-04",
            "price": "29.36",
            "revenue": 2069354
        },
        "2015-05": {
            "month": "2015-05",
            "price": "29.62",
            "revenue": 1824258
        },
        "2015-06": {
            "month": "2015-06",
            "price": "25.37",
            "revenue": 1878414
        },
        "2015-07": {
            "month": "2015-07",
            "price": "23.23",
            "revenue": 2273576
        },
        "2015-08": {
            "month": "2015-08",
            "price": "20.30",
            "revenue": 1747390
        },
        "2015-09": {
            "month": "2015-09",
            "price": "18.94",
            "revenue": 1617516
        },
        "2015-10": {
            "month": "2015-10",
            "price": "20.02",
            "revenue": 1642369
        },
        "2015-11": {
            "month": "2015-11",
            "price": "20.33",
            "revenue": 1946813
        },
        "2015-12": {
            "month": "2015-12",
            "price": "20.97",
            "revenue": 1937988
        },
        "2016-01": {
            "month": "2016-01",
            "price": "20.07",
            "revenue": 2482022
        },
        "2016-02": {
            "month": "2016-02",
            "price": "21.13",
            "revenue": 2243741
        },
        "2016-03": {
            "month": "2016-03",
            "price": "22.92",
            "revenue": 1569431
        },
        "2016-04": {
            "month": "2016-04",
            "price": "22.66",
            "revenue": 1805210
        },
        "2016-05": {
            "month": "2016-05",
            "price": "23.81",
            "revenue": 1734580
        },
        "2016-06": {
            "month": "2016-06",
            "price": "25.70",
            "revenue": 1772846
        },
        "2016-07": {
            "month": "2016-07",
            "price": "26.33",
            "revenue": 2066524
        },
        "2016-08": {
            "month": "2016-08",
            "price": "28.18",
            "revenue": 1741186
        },
        "2016-09": {
            "month": "2016-09",
            "price": "29.46",
            "revenue": 1651426
        },
        "2016-10": {
            "month": "2016-10",
            "price": "29.15",
            "revenue": 1603292
        },
        "2016-11": {
            "month": "2016-11",
            "price": "28.72",
            "revenue": 1813086
        },
        "2016-12": {
            "month": "2016-12",
            "price": "28.97",
            "revenue": 1684122
        },
        "2017-01": {
            "month": "2017-01",
            "price": "28.95",
            "revenue": 2209051
        },
        "2017-02": {
            "month": "2017-02",
            "price": "28.49",
            "revenue": 1481680
        },
        "2017-03": {
            "month": "2017-03",
            "price": "28.91",
            "revenue": 1431240
        },
        "2017-04": {
            "month": "2017-04",
            "price": "28.87",
            "revenue": 1708248
        },
        "2017-05": {
            "month": "2017-05",
            "price": "28.10",
            "revenue": 1557785
        },
        "2017-06": {
            "month": "2017-06",
            "price": "26.46",
            "revenue": 1610850
        },
        "2017-07": {
            "month": "2017-07",
            "price": "26.07",
            "revenue": 2026083
        },
        "2017-08": {
            "month": "2017-08",
            "price": "24.70",
            "revenue": 1788315
        },
        "2017-09": {
            "month": "2017-09",
            "price": "24.46",
            "revenue": 1649882
        },
        "2017-10": {
            "month": "2017-10",
            "price": "23.59",
            "revenue": 1550320
        },
        "2017-11": {
            "month": "2017-11",
            "price": "23.00",
            "revenue": 2004766
        },
        "2017-12": {
            "month": "2017-12",
            "price": "23.16",
            "revenue": 1743620
        },
        "2018-01": {
            "month": "2018-01",
            "price": "24.07",
            "revenue": 2018485
        },
        "2018-02": {
            "month": "2018-02",
            "price": "23.39",
            "revenue": 2013777
        },
        "2018-03": {
            "month": "2018-03",
            "price": "23.94",
            "revenue": 1537909
        },
        "2018-04": {
            "month": "2018-04",
            "price": "24.57",
            "revenue": 1719010
        },
        "2018-05": {
            "month": "2018-05",
            "price": "24.29",
            "revenue": 1761420
        },
        "2018-06": {
            "month": "2018-06",
            "price": "24.65",
            "revenue": 1603270
        },
        "2018-07": {
            "month": "2018-07",
            "price": "23.30",
            "revenue": 1793902
        },
        "2018-08": {
            "month": "2018-08",
            "price": "22.93",
            "revenue": 1559800
        },
        "2018-09": {
            "month": "2018-09",
            "price": "22.17",
            "revenue": 1792397
        },
        "2018-10": {
            "month": "2018-10",
            "price": "20.75",
            "revenue": 1487767
        },
        "2018-11": {
            "month": "2018-11",
            "price": "19.55",
            "revenue": 1765575
        },
        "2018-12": {
            "month": "2018-12",
            "price": "19.78",
            "revenue": 1516825
        },
        "2019-01": {
            "month": "2019-01",
            "price": "19.79",
            "revenue": 2053344
        },
        "2019-02": {
            "month": "2019-02",
            "price": "20.22",
            "revenue": 1422223
        },
        "2019-03": {
            "month": "2019-03",
            "price": "20.30",
            "revenue": 1410972
        },
        "2019-04": {
            "month": "2019-04",
            "price": "20.22",
            "revenue": 1619836
        },
        "2019-05": {
            "month": "2019-05",
            "price": "19.55",
            "revenue": 1541777
        },
        "2019-06": {
            "month": "2019-06",
            "price": "18.99",
            "revenue": 1506190
        },
        "2019-07": {
            "month": "2019-07",
            "price": "18.98",
            "revenue": 1914038
        },
        "2019-08": {
            "month": "2019-08",
            "price": "18.60",
            "revenue": 1548328
        },
        "2019-09": {
            "month": "2019-09",
            "price": "17.45",
            "revenue": 1633276
        },
        "2019-10": {
            "month": "2019-10",
            "price": "17.36",
            "revenue": 1337788
        },
        "2019-11": {
            "month": "2019-11",
            "price": "17.43",
            "revenue": 1569914
        },
        "2019-12": {
            "month": "2019-12",
            "price": "17.00",
            "revenue": 1359280
        },
        "2020-01": {
            "month": "2020-01",
            "price": "16.99",
            "revenue": 1811974
        },
        "2020-02": {
            "month": "2020-02",
            "price": "16.13",
            "revenue": 1376022
        },
        "2020-03": {
            "month": "2020-03",
            "price": "14.16",
            "revenue": 1332533
        },
        "2020-04": {
            "month": "2020-04",
            "price": "14.61",
            "revenue": 1440824
        },
        "2020-05": {
            "month": "2020-05",
            "price": "16.84",
            "revenue": 1614895
        },
        "2020-06": {
            "month": "2020-06",
            "price": "18.81",
            "revenue": 1594836
        },
        "2020-07": {
            "month": "2020-07",
            "price": "18.92",
            "revenue": 2097020
        },
        "2020-08": {
            "month": "2020-08",
            "price": "18.51",
            "revenue": 1830126
        },
        "2020-09": {
            "month": "2020-09",
            "price": "18.75",
            "revenue": 1450399
        },
        "2020-10": {
            "month": "2020-10",
            "price": "18.27",
            "revenue": 1409972
        },
        "2020-11": {
            "month": "2020-11",
            "price": "18.70",
            "revenue": 1776817
        },
        "2020-12": {
            "month": "2020-12",
            "price": "19.26",
            "revenue": 1807302
        },
        "2021-01": {
            "month": "2021-01",
            "price": "19.99",
            "revenue": 2097616
        },
        "2021-02": {
            "month": "2021-02",
            "price": "19.98",
            "revenue": 1628009
        },
        "2021-03": {
            "month": "2021-03",
            "price": "23.26",
            "revenue": 1520609
        },
        "2021-04": {
            "month": "2021-04",
            "price": "26.87",
            "revenue": 1694800
        },
        "2021-05": {
            "month": "2021-05",
            "price": "28.03",
            "revenue": 2275140
        },
        "2021-06": {
            "month": "2021-06",
            "price": "31.90",
            "revenue": 2043220
        },
        "2021-07": {
            "month": "2021-07",
            "price": "35.18",
            "revenue": 2164830
        },
        "2021-08": {
            "month": "2021-08",
            "price": "38.17",
            "revenue": 1708900
        },
        "2021-09": {
            "month": "2021-09",
            "price": "43.73",
            "revenue": 1716759
        },
        "2021-10": {
            "month": "2021-10",
            "price": "46.70",
            "revenue": 2093660
        },
        "2021-11": {
            "month": "2021-11",
            "price": "41.19",
            "revenue": 1990256
        },
        "2021-12": {
            "month": "2021-12",
            "price": "38.94",
            "revenue": 1776351
        },
        "2022-01": {
            "month": "2022-01",
            "price": "36.35",
            "revenue": 2367261
        },
        "2022-02": {
            "month": "2022-02",
            "price": "36.18",
            "revenue": 1670154
        },
        "2022-03": {
            "month": "2022-03",
            "price": "42.00",
            "revenue": 1712615
        },
        "2022-04": {
            "month": "2022-04",
            "price": "39.41",
            "revenue": 2106409
        },
        "2022-05": {
            "month": "2022-05",
            "price": "35.97",
            "revenue": 2022874
        },
        "2022-06": {
            "month": "2022-06",
            "price": "33.89",
            "revenue": 1812767
        },
        "2022-07": {
            "month": "2022-07",
            "price": "32.01",
            "revenue": 1991245
        },
        "2022-08": {
            "month": "2022-08",
            "price": "43.64",
            "revenue": 1758229
        },
        "2022-09": {
            "month": "2022-09",
            "price": "46.02",
            "revenue": 1729603
        },
        "2022-10": {
            "month": "2022-10",
            "price": "41.60",
            "revenue": 1673425
        },
        "2022-11": {
            "month": "2022-11",
            "price": "41.67",
            "revenue": 1659399
        },
        "2022-12": {
            "month": "2022-12",
            "price": "42.23",
            "revenue": 1787250
        },
        "2023-01": {
            "month": "2023-01",
            "price": "44.25",
            "revenue": 2045074
        },
        "2023-02": {
            "month": "2023-02",
            "price": "46.78",
            "revenue": 1528681
        },
        "2023-03": {
            "month": "2023-03",
            "price": "48.16",
            "revenue": 1477208
        },
        "2023-04": {
            "month": "2023-04",
            "price": "41.95",
            "revenue": 1710056
        }
    }
}
