{
    "summary": {
        "stock_name": "聯昌",
        "stock_id": "2431",
        "category": "電子零組件",
        "main_business": "電源供應器",
        "website_url": "http://www.lienchang.com.tw",
        "ceo": "林春連",
        "pe_ratio": -64,
        "report_year_from": 2001,
        "report_year_to": 2023,
        "age": 22,
        "eps_negative_percentage": 39,
        "eps_growth_avg": {
            "last_all": -9.76,
            "last_2y": 36.54,
            "last_4y": 36.54,
            "last_8y": 19.12,
            "last_12y": -2.57,
            "last_16y": -12.31,
            "last_20y": -9.76,
            "at_2006_last_3y": -66.01,
            "at_2007_last_3y": -100,
            "at_2008_last_3y": -100,
            "at_2009_last_3y": -100,
            "at_2010_last_3y": -56.92,
            "at_2011_last_3y": -78.46,
            "at_2012_last_3y": -78.46,
            "at_2013_last_3y": -78.46,
            "at_2014_last_3y": 0,
            "at_2015_last_3y": 12.11,
            "at_2016_last_3y": 41.41,
            "at_2017_last_3y": 6.05,
            "at_2018_last_3y": -25.26,
            "at_2019_last_3y": 0,
            "at_2020_last_3y": 0,
            "at_2021_last_3y": 100,
            "at_2022_last_3y": 36.54,
            "at_2023_last_3y": 36.54,
            "at_2006_last_all": -25.95,
            "at_2007_last_all": -25.95,
            "at_2008_last_all": -25.95,
            "at_2009_last_all": -25.95,
            "at_2010_last_all": -32.14,
            "at_2011_last_all": -43.45,
            "at_2012_last_all": -43.45,
            "at_2013_last_all": -43.45,
            "at_2014_last_all": -22.96,
            "at_2015_last_all": -29.56,
            "at_2016_last_all": -15.17,
            "at_2017_last_all": -23.65,
            "at_2018_last_all": -23.65,
            "at_2019_last_all": -23.65,
            "at_2020_last_all": -12.41,
            "at_2021_last_all": -3.04,
            "at_2022_last_all": -9.76,
            "at_2023_last_all": -9.76
        },
        "latest_eps": -0.17,
        "latest_price": 10.8,
        "latest_roe": -1.35,
        "latest_gross_margin": -3.72,
        "latest_equity": 1395267,
        "latest_revenue": 135450,
        "latest_gross_profit": -5032,
        "latest_net_income": -16457,
        "latest_debt_ratio": 17.92,
        "latest_current_ratio": 474.76,
        "latest_account_receivable_turnover_ratio": 0.99,
        "latest_inventory_turnover_ratio": 0.62,
        "latest_reinvestment_rate": -97.56,
        "latest_research_to_sale_ratio": 4.22
    },
    "eps_dividends": {
        "1996": {
            "cash": 1,
            "stock": 3.5,
            "eps": 0
        },
        "1997": {
            "cash": 1,
            "stock": 2.5,
            "eps": 0
        },
        "1998": {
            "cash": 1,
            "stock": 2,
            "eps": 0
        },
        "1999": {
            "cash": 1,
            "stock": 1,
            "eps": 0
        },
        "2000": {
            "cash": 0.7,
            "stock": 1.5,
            "eps": 0
        },
        "2001": {
            "cash": 0.3,
            "stock": 1,
            "eps": 0.52
        },
        "2002": {
            "cash": 0,
            "stock": 0,
            "eps": 1.01
        },
        "2003": {
            "cash": 0.85,
            "stock": 0.21,
            "eps": 1.03
        },
        "2004": {
            "cash": 0.7,
            "stock": 0,
            "eps": -0.47
        },
        "2005": {
            "cash": 0,
            "stock": 0,
            "eps": 1.17
        },
        "2006": {
            "cash": 0.5,
            "stock": 0,
            "eps": -0.5
        },
        "2007": {
            "cash": 0,
            "stock": 0,
            "eps": -0.64
        },
        "2008": {
            "cash": 0,
            "stock": 0,
            "eps": -0.74
        },
        "2009": {
            "cash": 0,
            "stock": 0,
            "eps": 1.95
        },
        "2010": {
            "cash": 0.3,
            "stock": 0.7,
            "eps": 0.84
        },
        "2011": {
            "cash": 0.2,
            "stock": 0.55,
            "eps": -0.39
        },
        "2012": {
            "cash": 0,
            "stock": 0,
            "eps": -1.12
        },
        "2013": {
            "cash": 0,
            "stock": 0,
            "eps": 0.5
        },
        "2014": {
            "cash": 0,
            "stock": 0,
            "eps": 1.28
        },
        "2015": {
            "cash": 0.18,
            "stock": 0,
            "eps": 0.31
        },
        "2016": {
            "cash": 0.27,
            "stock": 0,
            "eps": 0.87
        },
        "2017": {
            "cash": 0.77,
            "stock": 0,
            "eps": -0.35
        },
        "2018": {
            "cash": 0,
            "stock": 0,
            "eps": -1.72
        },
        "2019": {
            "cash": 0,
            "stock": 0,
            "eps": 0.08
        },
        "2020": {
            "cash": 0,
            "stock": 0,
            "eps": 0.42
        },
        "2021": {
            "cash": 0.25,
            "stock": 0,
            "eps": 1.04
        },
        "2022": {
            "cash": 0.45,
            "stock": 0,
            "eps": 0.1
        },
        "2023": {
            "cash": 0.1,
            "stock": 0,
            "eps": -0.32
        }
    },
    "dividends": {
        "1996-05-15": {
            "cash": 1,
            "stock": 3.5
        },
        "1997-05-30": {
            "cash": 1,
            "stock": 2.5
        },
        "1998-05-27": {
            "cash": 1,
            "stock": 2
        },
        "1999-06-07": {
            "cash": 1,
            "stock": 1
        },
        "2000-05-22": {
            "cash": 0.7,
            "stock": 1.5
        },
        "2001-05-21": {
            "cash": 0.3,
            "stock": 1
        },
        "2003-03-25": {
            "cash": 0.85,
            "stock": 0.21
        },
        "2004-06-15": {
            "cash": 0.7,
            "stock": 0
        },
        "2006-03-17": {
            "cash": 0.5,
            "stock": 0
        },
        "2010-03-23": {
            "cash": 0.3,
            "stock": 0.7
        },
        "2011-03-23": {
            "cash": 0.2,
            "stock": 0.55
        },
        "2015-08-28": {
            "cash": 0.18,
            "stock": 0
        },
        "2016-08-26": {
            "cash": 0.27,
            "stock": 0
        },
        "2017-09-15": {
            "cash": 0.77,
            "stock": 0
        },
        "2021-10-14": {
            "cash": 0.25,
            "stock": 0
        },
        "2022-08-26": {
            "cash": 0.45,
            "stock": 0
        },
        "2023-08-25": {
            "cash": 0.1,
            "stock": 0
        }
    },
    "prices": {
        "200101": "10.98",
        "200102": "14.15",
        "200103": "18.52",
        "200104": "21.34",
        "200105": "20.32",
        "200106": "21.24",
        "200107": "12.42",
        "200108": "12.20",
        "200109": "8.95",
        "200110": "8.49",
        "200111": "10.19",
        "200112": "12.41",
        "200201": "18.46",
        "200202": "23.75",
        "200203": "23.59",
        "200204": "23.53",
        "200205": "19.61",
        "200206": "18.28",
        "200207": "15.25",
        "200208": "14.67",
        "200209": "14.26",
        "200210": "13.10",
        "200211": "16.00",
        "200212": "15.95",
        "200301": "15.08",
        "200302": "13.48",
        "200303": "12.70",
        "200304": "12.93",
        "200305": "13.35",
        "200306": "14.68",
        "200307": "15.16",
        "200308": "13.33",
        "200309": "12.53",
        "200310": "12.74",
        "200311": "12.68",
        "200312": "12.80",
        "200401": "13.69",
        "200402": "14.36",
        "200403": "13.59",
        "200404": "13.43",
        "200405": "10.30",
        "200406": "10.10",
        "200407": "9.46",
        "200408": "8.28",
        "200409": "8.40",
        "200410": "8.10",
        "200411": "7.92",
        "200412": "7.75",
        "200501": "7.65",
        "200502": "9.33",
        "200503": "12.78",
        "200504": "13.88",
        "200505": "11.96",
        "200506": "11.98",
        "200507": "13.96",
        "200508": "12.26",
        "200509": "11.36",
        "200510": "9.58",
        "200511": "10.19",
        "200512": "11.68",
        "200601": "11.48",
        "200602": "11.37",
        "200603": "11.26",
        "200604": "11.47",
        "200605": "10.91",
        "200606": "9.38",
        "200607": "8.86",
        "200608": "8.30",
        "200609": "7.92",
        "200610": "9.18",
        "200611": "9.10",
        "200612": "9.99",
        "200701": "10.92",
        "200702": "11.18",
        "200703": "11.23",
        "200704": "11.52",
        "200705": "10.53",
        "200706": "11.73",
        "200707": "13.51",
        "200708": "12.88",
        "200709": "11.84",
        "200710": "12.56",
        "200711": "11.84",
        "200712": "10.81",
        "200801": "9.25",
        "200802": "8.88",
        "200803": "9.64",
        "200804": "10.18",
        "200805": "10.82",
        "200806": "9.89",
        "200807": "8.73",
        "200808": "8.63",
        "200809": "6.65",
        "200810": "4.34",
        "200811": "4.20",
        "200812": "4.45",
        "200901": "4.38",
        "200902": "4.20",
        "200903": "6.65",
        "200904": "11.08",
        "200905": "14.28",
        "200906": "13.42",
        "200907": "14.12",
        "200908": "14.10",
        "200909": "14.52",
        "200910": "14.81",
        "200911": "17.91",
        "200912": "22.08",
        "201001": "23.40",
        "201002": "20.15",
        "201003": "22.50",
        "201004": "22.21",
        "201005": "18.69",
        "201006": "19.08",
        "201007": "21.62",
        "201008": "21.59",
        "201009": "22.51",
        "201010": "20.16",
        "201011": "17.59",
        "201012": "18.00",
        "201101": "17.11",
        "201102": "16.18",
        "201103": "14.96",
        "201104": "14.61",
        "201105": "13.47",
        "201106": "12.85",
        "201107": "11.45",
        "201108": "9.14",
        "201109": "7.93",
        "201110": "8.10",
        "201111": "7.67",
        "201112": "6.86",
        "201201": "7.07",
        "201202": "8.58",
        "201203": "9.44",
        "201204": "8.60",
        "201205": "7.57",
        "201206": "7.00",
        "201207": "7.06",
        "201208": "7.16",
        "201209": "7.44",
        "201210": "7.02",
        "201211": "6.09",
        "201212": "6.61",
        "201301": "6.84",
        "201302": "6.93",
        "201303": "7.16",
        "201304": "7.34",
        "201305": "7.95",
        "201306": "9.49",
        "201307": "9.06",
        "201308": "9.05",
        "201309": "8.90",
        "201310": "10.32",
        "201311": "13.87",
        "201312": "15.33",
        "201401": "23.40",
        "201402": "26.17",
        "201403": "24.19",
        "201404": "26.54",
        "201405": "25.27",
        "201406": "25.62",
        "201407": "24.84",
        "201408": "24.73",
        "201409": "23.55",
        "201410": "18.85",
        "201411": "22.00",
        "201412": "23.61",
        "201501": "24.35",
        "201502": "24.32",
        "201503": "28.10",
        "201504": "23.94",
        "201505": "20.88",
        "201506": "19.14",
        "201507": "18.11",
        "201508": "12.90",
        "201509": "12.63",
        "201510": "14.15",
        "201511": "15.33",
        "201512": "14.86",
        "201601": "13.99",
        "201602": "14.80",
        "201603": "14.93",
        "201604": "14.31",
        "201605": "13.06",
        "201606": "12.97",
        "201607": "13.03",
        "201608": "13.43",
        "201609": "14.06",
        "201610": "14.54",
        "201611": "13.08",
        "201612": "14.18",
        "201701": "13.98",
        "201702": "15.78",
        "201703": "15.29",
        "201704": "15.09",
        "201705": "15.34",
        "201706": "15.43",
        "201707": "14.91",
        "201708": "14.90",
        "201709": "17.24",
        "201710": "17.48",
        "201711": "16.95",
        "201712": "15.55",
        "201801": "15.39",
        "201802": "13.40",
        "201803": "15.07",
        "201804": "13.73",
        "201805": "13.52",
        "201806": "14.14",
        "201807": "13.08",
        "201808": "11.12",
        "201809": "10.51",
        "201810": "8.92",
        "201811": "8.65",
        "201812": "9.12",
        "201901": "8.88",
        "201902": "10.02",
        "201903": "12.23",
        "201904": "11.47",
        "201905": "10.18",
        "201906": "10.00",
        "201907": "10.61",
        "201908": "10.18",
        "201909": "11.40",
        "201910": "11.93",
        "201911": "11.69",
        "201912": "11.52",
        "202001": "10.77",
        "202002": "9.39",
        "202003": "7.41",
        "202004": "7.40",
        "202005": "8.41",
        "202006": "8.47",
        "202007": "9.21",
        "202008": "9.66",
        "202009": "10.56",
        "202010": "10.77",
        "202011": "11.24",
        "202012": "12.43",
        "202101": "11.60",
        "202102": "10.78",
        "202103": "11.42",
        "202104": "14.30",
        "202105": "13.16",
        "202106": "14.18",
        "202107": "14.07",
        "202108": "12.28",
        "202109": "11.61",
        "202110": "10.77",
        "202111": "12.19",
        "202112": "13.33",
        "202201": "12.70",
        "202202": "11.96",
        "202203": "11.57",
        "202204": "11.75",
        "202205": "11.09",
        "202206": "10.80",
        "202207": "10.27",
        "202208": "10.91",
        "202209": "11.14",
        "202210": "10.30",
        "202211": "10.36",
        "202212": "10.19",
        "202301": "9.89",
        "202302": "10.08",
        "202303": "10.37",
        "202304": "11.38",
        "202305": "11.09",
        "202306": "12.16",
        "202307": "11.68",
        "202308": "10.73",
        "202309": "11.15",
        "202310": "10.90"
    },
    "quarters": {
        "20011": {
            "year_quarter": 20011,
            "year": 2001,
            "quarter": 1,
            "eps": 0.11,
            "eps_growth_year": -15.38,
            "eps_4q": 1.06,
            "eps_4q_growth_year": -35.84,
            "roe": 0.63,
            "roe_4q": 0.63,
            "gross_profit": 50095,
            "gross_margin": 11.18,
            "gross_margin_4q_avg": 11.18,
            "net_income": 10378,
            "net_income_4q": null,
            "revenue": 447889,
            "revenue_4q": null,
            "common_shares": 954201,
            "book_valuer_per_share": 16.38,
            "book_valuer_per_share_4q_avg": 16.38,
            "equity": 1563230,
            "current_ratio": 234.27,
            "debt_ratio": 25.73,
            "inventory_turnover_ratio": 1.24,
            "account_receivable_turnover_ratio": null,
            "reinvestment_rate": null,
            "research_to_sale_ratio": null,
            "price_fair": 0,
            "eps_avg_yearly": 0,
            "eps_latest_yearly": 0,
            "eps_growth_yearly": 0
        },
        "20012": {
            "year_quarter": 20012,
            "year": 2001,
            "quarter": 2,
            "eps": -0.03,
            "eps_growth_year": -110.71,
            "eps_4q": 0.73,
            "eps_4q_growth_year": -46.71,
            "roe": -0.21,
            "roe_4q": 0.42000000000000004,
            "gross_profit": 61151,
            "gross_margin": 12.99,
            "gross_margin_4q_avg": 12.09,
            "net_income": -3272,
            "net_income_4q": null,
            "revenue": 470581,
            "revenue_4q": null,
            "common_shares": 954201,
            "book_valuer_per_share": 16.16,
            "book_valuer_per_share_4q_avg": 16.27,
            "equity": 1541577,
            "current_ratio": 217.86,
            "debt_ratio": 28.31,
            "inventory_turnover_ratio": 1.39,
            "account_receivable_turnover_ratio": null,
            "reinvestment_rate": null,
            "research_to_sale_ratio": null,
            "price_fair": 0,
            "eps_avg_yearly": 0,
            "eps_latest_yearly": 0,
            "eps_growth_yearly": 0
        },
        "20013": {
            "year_quarter": 20013,
            "year": 2001,
            "quarter": 3,
            "eps": 0.21,
            "eps_growth_year": -32.26,
            "eps_4q": 0.58,
            "eps_4q_growth_year": -51.7,
            "roe": 1.45,
            "roe_4q": 1.87,
            "gross_profit": 85823,
            "gross_margin": 16.92,
            "gross_margin_4q_avg": 13.7,
            "net_income": 22599,
            "net_income_4q": null,
            "revenue": 507365,
            "revenue_4q": null,
            "common_shares": 1052524,
            "book_valuer_per_share": 15.02,
            "book_valuer_per_share_4q_avg": 15.85,
            "equity": 1580970,
            "current_ratio": 230.44,
            "debt_ratio": 27.43,
            "inventory_turnover_ratio": 1.49,
            "account_receivable_turnover_ratio": null,
            "reinvestment_rate": null,
            "research_to_sale_ratio": null,
            "price_fair": 0,
            "eps_avg_yearly": 0,
            "eps_latest_yearly": 0,
            "eps_growth_yearly": 0
        },
        "20014": {
            "year_quarter": 20014,
            "year": 2001,
            "quarter": 4,
            "eps": 0.23,
            "eps_growth_year": -34.29,
            "eps_4q": 0.51,
            "eps_4q_growth_year": -52.01,
            "roe": 1.51,
            "roe_4q": 3.38,
            "gross_profit": 75756,
            "gross_margin": 16,
            "gross_margin_4q_avg": 14.27,
            "net_income": 24323,
            "net_income_4q": null,
            "revenue": 473515,
            "revenue_4q": null,
            "common_shares": 1052524,
            "book_valuer_per_share": 15.62,
            "book_valuer_per_share_4q_avg": 15.8,
            "equity": 1643711,
            "current_ratio": 265.9,
            "debt_ratio": 26.14,
            "inventory_turnover_ratio": 1.59,
            "account_receivable_turnover_ratio": null,
            "reinvestment_rate": null,
            "research_to_sale_ratio": null,
            "price_fair": 0,
            "eps_avg_yearly": 0,
            "eps_latest_yearly": 0,
            "eps_growth_yearly": 0
        },
        "20021": {
            "year_quarter": 20021,
            "year": 2002,
            "quarter": 1,
            "eps": 0.42,
            "eps_growth_year": 281.82,
            "eps_4q": 0.83,
            "eps_4q_growth_year": -21.28,
            "roe": 2.68,
            "roe_4q": 5.430000000000001,
            "gross_profit": 78051,
            "gross_margin": 17.75,
            "gross_margin_4q_avg": 15.92,
            "net_income": 44659,
            "net_income_4q": null,
            "revenue": 439841,
            "revenue_4q": null,
            "common_shares": 1052524,
            "book_valuer_per_share": 16.01,
            "book_valuer_per_share_4q_avg": 15.7,
            "equity": 1685415,
            "current_ratio": 278.31,
            "debt_ratio": 20.79,
            "inventory_turnover_ratio": 1.6,
            "account_receivable_turnover_ratio": null,
            "reinvestment_rate": null,
            "research_to_sale_ratio": null,
            "price_fair": 58.8,
            "eps_avg_yearly": 1.68,
            "eps_latest_yearly": 1.68,
            "eps_growth_yearly": 330.43
        },
        "20022": {
            "year_quarter": 20022,
            "year": 2002,
            "quarter": 2,
            "eps": 0.05,
            "eps_growth_year": null,
            "eps_4q": 0.82,
            "eps_4q_growth_year": 12.77,
            "roe": 0.35,
            "roe_4q": 5.99,
            "gross_profit": 55202,
            "gross_margin": 13.95,
            "gross_margin_4q_avg": 16.16,
            "net_income": 5938,
            "net_income_4q": null,
            "revenue": 395790,
            "revenue_4q": null,
            "common_shares": 1052524,
            "book_valuer_per_share": 15.83,
            "book_valuer_per_share_4q_avg": 15.62,
            "equity": 1665949,
            "current_ratio": 260.79,
            "debt_ratio": 22.65,
            "inventory_turnover_ratio": 1.72,
            "account_receivable_turnover_ratio": null,
            "reinvestment_rate": null,
            "research_to_sale_ratio": null,
            "price_fair": 2.82,
            "eps_avg_yearly": 0.94,
            "eps_latest_yearly": 0.2,
            "eps_growth_yearly": -10.97
        },
        "20023": {
            "year_quarter": 20023,
            "year": 2002,
            "quarter": 3,
            "eps": 0.37,
            "eps_growth_year": 76.19,
            "eps_4q": 1.02,
            "eps_4q_growth_year": 76.31,
            "roe": 2.5,
            "roe_4q": 7.04,
            "gross_profit": 49115,
            "gross_margin": 13.49,
            "gross_margin_4q_avg": 15.3,
            "net_income": 42355,
            "net_income_4q": null,
            "revenue": 364164,
            "revenue_4q": null,
            "common_shares": 1139851,
            "book_valuer_per_share": 15.15,
            "book_valuer_per_share_4q_avg": 15.65,
            "equity": 1726409,
            "current_ratio": 277.61,
            "debt_ratio": 21.35,
            "inventory_turnover_ratio": 1.86,
            "account_receivable_turnover_ratio": null,
            "reinvestment_rate": null,
            "research_to_sale_ratio": null,
            "price_fair": 39.2,
            "eps_avg_yearly": 1.12,
            "eps_latest_yearly": 1.48,
            "eps_growth_yearly": 846.02
        },
        "20024": {
            "year_quarter": 20024,
            "year": 2002,
            "quarter": 4,
            "eps": 0.17,
            "eps_growth_year": -26.09,
            "eps_4q": 0.98,
            "eps_4q_growth_year": 92.26,
            "roe": 1.13,
            "roe_4q": 6.66,
            "gross_profit": 54372,
            "gross_margin": 14.84,
            "gross_margin_4q_avg": 15.01,
            "net_income": 19454,
            "net_income_4q": null,
            "revenue": 366390,
            "revenue_4q": null,
            "common_shares": 1139851,
            "book_valuer_per_share": 15.12,
            "book_valuer_per_share_4q_avg": 15.53,
            "equity": 1723376,
            "current_ratio": 282.95,
            "debt_ratio": 26.4,
            "inventory_turnover_ratio": 1.68,
            "account_receivable_turnover_ratio": null,
            "reinvestment_rate": 11.74,
            "research_to_sale_ratio": null,
            "price_fair": 35.35,
            "eps_avg_yearly": 1.01,
            "eps_latest_yearly": 0.68,
            "eps_growth_yearly": 580.46
        },
        "20031": {
            "year_quarter": 20031,
            "year": 2003,
            "quarter": 1,
            "eps": 0.15,
            "eps_growth_year": -64.29,
            "eps_4q": 0.76,
            "eps_4q_growth_year": -8.7,
            "roe": 0.97,
            "roe_4q": 4.949999999999999,
            "gross_profit": 39308,
            "gross_margin": 12.2,
            "gross_margin_4q_avg": 13.62,
            "net_income": 16708,
            "net_income_4q": null,
            "revenue": 322131,
            "revenue_4q": null,
            "common_shares": 1139851,
            "book_valuer_per_share": 15.13,
            "book_valuer_per_share_4q_avg": 15.31,
            "equity": 1725057,
            "current_ratio": 251.81,
            "debt_ratio": 23.14,
            "inventory_turnover_ratio": 1.34,
            "account_receivable_turnover_ratio": null,
            "reinvestment_rate": -48.37,
            "research_to_sale_ratio": null,
            "price_fair": 32.48,
            "eps_avg_yearly": 0.93,
            "eps_latest_yearly": 0.6,
            "eps_growth_yearly": 454.96
        },
        "20032": {
            "year_quarter": 20032,
            "year": 2003,
            "quarter": 2,
            "eps": 0.1,
            "eps_growth_year": 100,
            "eps_4q": 0.76,
            "eps_4q_growth_year": -7.83,
            "roe": 0.73,
            "roe_4q": 5.33,
            "gross_profit": 36853,
            "gross_margin": 9.79,
            "gross_margin_4q_avg": 12.58,
            "net_income": 11954,
            "net_income_4q": null,
            "revenue": 376453,
            "revenue_4q": null,
            "common_shares": 1139851,
            "book_valuer_per_share": 13.59,
            "book_valuer_per_share_4q_avg": 14.75,
            "equity": 1549340,
            "current_ratio": 188.16,
            "debt_ratio": 28.77,
            "inventory_turnover_ratio": 1.79,
            "account_receivable_turnover_ratio": null,
            "reinvestment_rate": -52.48,
            "research_to_sale_ratio": null,
            "price_fair": 29.4,
            "eps_avg_yearly": 0.84,
            "eps_latest_yearly": 0.4,
            "eps_growth_yearly": 356.91
        },
        "20033": {
            "year_quarter": 20033,
            "year": 2003,
            "quarter": 3,
            "eps": 0.23,
            "eps_growth_year": -37.84,
            "eps_4q": 0.67,
            "eps_4q_growth_year": -35.03,
            "roe": 1.63,
            "roe_4q": 4.46,
            "gross_profit": 42413,
            "gross_margin": 9.19,
            "gross_margin_4q_avg": 11.51,
            "net_income": 25403,
            "net_income_4q": null,
            "revenue": 461455,
            "revenue_4q": null,
            "common_shares": 1092648,
            "book_valuer_per_share": 14.37,
            "book_valuer_per_share_4q_avg": 14.55,
            "equity": 1570026,
            "current_ratio": 184.22,
            "debt_ratio": 29.83,
            "inventory_turnover_ratio": 2.19,
            "account_receivable_turnover_ratio": null,
            "reinvestment_rate": -54.19,
            "research_to_sale_ratio": null,
            "price_fair": 29.8,
            "eps_avg_yearly": 0.85,
            "eps_latest_yearly": 0.92,
            "eps_growth_yearly": 380.21
        },
        "20034": {
            "year_quarter": 20034,
            "year": 2003,
            "quarter": 4,
            "eps": 0.55,
            "eps_growth_year": 223.53,
            "eps_4q": 1.03,
            "eps_4q_growth_year": 5.02,
            "roe": 3.86,
            "roe_4q": 7.19,
            "gross_profit": 27912,
            "gross_margin": 5.78,
            "gross_margin_4q_avg": 9.24,
            "net_income": 61747,
            "net_income_4q": null,
            "revenue": 482680,
            "revenue_4q": null,
            "common_shares": 1092648,
            "book_valuer_per_share": 14.9,
            "book_valuer_per_share_4q_avg": 14.5,
            "equity": 1628156,
            "current_ratio": 203.65,
            "debt_ratio": 36.43,
            "inventory_turnover_ratio": 1.79,
            "account_receivable_turnover_ratio": null,
            "reinvestment_rate": -31.76,
            "research_to_sale_ratio": null,
            "price_fair": 35.7,
            "eps_avg_yearly": 1.02,
            "eps_latest_yearly": 2.2,
            "eps_growth_yearly": 402.25
        },
        "20041": {
            "year_quarter": 20041,
            "year": 2004,
            "quarter": 1,
            "eps": -0.2,
            "eps_growth_year": -233.33,
            "eps_4q": 0.71,
            "eps_4q_growth_year": -5.98,
            "roe": -1.34,
            "roe_4q": 4.879999999999999,
            "gross_profit": 19614,
            "gross_margin": 4.02,
            "gross_margin_4q_avg": 7.2,
            "net_income": -21713,
            "net_income_4q": null,
            "revenue": 488176,
            "revenue_4q": null,
            "common_shares": 1092648,
            "book_valuer_per_share": 14.65,
            "book_valuer_per_share_4q_avg": 14.38,
            "equity": 1600856,
            "current_ratio": 169.16,
            "debt_ratio": 33.4,
            "inventory_turnover_ratio": 1.58,
            "account_receivable_turnover_ratio": null,
            "reinvestment_rate": -77.65,
            "research_to_sale_ratio": null,
            "price_fair": 35.7,
            "eps_avg_yearly": 1.02,
            "eps_latest_yearly": 2.2,
            "eps_growth_yearly": 402.25
        },
        "20042": {
            "year_quarter": 20042,
            "year": 2004,
            "quarter": 2,
            "eps": 0.1,
            "eps_growth_year": 0,
            "eps_4q": 0.67,
            "eps_4q_growth_year": -11.31,
            "roe": 0.74,
            "roe_4q": 4.89,
            "gross_profit": 40164,
            "gross_margin": 6.58,
            "gross_margin_4q_avg": 6.39,
            "net_income": 11455,
            "net_income_4q": null,
            "revenue": 610740,
            "revenue_4q": null,
            "common_shares": 1092648,
            "book_valuer_per_share": 13.77,
            "book_valuer_per_share_4q_avg": 14.42,
            "equity": 1504812,
            "current_ratio": 148.68,
            "debt_ratio": 39.95,
            "inventory_turnover_ratio": 1.87,
            "account_receivable_turnover_ratio": null,
            "reinvestment_rate": -43.56,
            "research_to_sale_ratio": null,
            "price_fair": 35.7,
            "eps_avg_yearly": 1.02,
            "eps_latest_yearly": 2.2,
            "eps_growth_yearly": 402.25
        },
        "20043": {
            "year_quarter": 20043,
            "year": 2004,
            "quarter": 3,
            "eps": 0.1,
            "eps_growth_year": -56.52,
            "eps_4q": 0.59,
            "eps_4q_growth_year": -12.03,
            "roe": 0.7,
            "roe_4q": 3.96,
            "gross_profit": 41439,
            "gross_margin": 7.37,
            "gross_margin_4q_avg": 5.94,
            "net_income": 10604,
            "net_income_4q": null,
            "revenue": 562425,
            "revenue_4q": null,
            "common_shares": 1092648,
            "book_valuer_per_share": 13.94,
            "book_valuer_per_share_4q_avg": 14.32,
            "equity": 1522644,
            "current_ratio": 142.46,
            "debt_ratio": 37.99,
            "inventory_turnover_ratio": 1.7,
            "account_receivable_turnover_ratio": null,
            "reinvestment_rate": -29.05,
            "research_to_sale_ratio": null,
            "price_fair": 33.29,
            "eps_avg_yearly": 0.95,
            "eps_latest_yearly": 0.4,
            "eps_growth_yearly": 357.55
        },
        "20044": {
            "year_quarter": 20044,
            "year": 2004,
            "quarter": 4,
            "eps": -0.47,
            "eps_growth_year": -185.45,
            "eps_4q": -0.47,
            "eps_4q_growth_year": -145.56,
            "roe": -3.5,
            "roe_4q": -3.3999999999999995,
            "gross_profit": 58229,
            "gross_margin": 8.38,
            "gross_margin_4q_avg": 6.59,
            "net_income": -51517,
            "net_income_4q": null,
            "revenue": 694489,
            "revenue_4q": null,
            "common_shares": 1092648,
            "book_valuer_per_share": 13.01,
            "book_valuer_per_share_4q_avg": 13.84,
            "equity": 1421109,
            "current_ratio": 153.89,
            "debt_ratio": 48.9,
            "inventory_turnover_ratio": 1.47,
            "account_receivable_turnover_ratio": null,
            "reinvestment_rate": -129.4,
            "research_to_sale_ratio": null,
            "price_fair": 33.29,
            "eps_avg_yearly": 0.95,
            "eps_latest_yearly": 0.4,
            "eps_growth_yearly": 357.55
        },
        "20051": {
            "year_quarter": 20051,
            "year": 2005,
            "quarter": 1,
            "eps": 0.23,
            "eps_growth_year": null,
            "eps_4q": -0.04,
            "eps_4q_growth_year": -105.29,
            "roe": 1.76,
            "roe_4q": -0.30000000000000004,
            "gross_profit": 87275,
            "gross_margin": 9.67,
            "gross_margin_4q_avg": 8,
            "net_income": 25308,
            "net_income_4q": null,
            "revenue": 902644,
            "revenue_4q": null,
            "common_shares": 1092648,
            "book_valuer_per_share": 13.29,
            "book_valuer_per_share_4q_avg": 13.5,
            "equity": 1452179,
            "current_ratio": 132.19,
            "debt_ratio": 48.19,
            "inventory_turnover_ratio": 1.67,
            "account_receivable_turnover_ratio": null,
            "reinvestment_rate": -32.29,
            "research_to_sale_ratio": null,
            "price_fair": 33.29,
            "eps_avg_yearly": 0.95,
            "eps_latest_yearly": 0.4,
            "eps_growth_yearly": 357.55
        },
        "20052": {
            "year_quarter": 20052,
            "year": 2005,
            "quarter": 2,
            "eps": 0.18,
            "eps_growth_year": 80,
            "eps_4q": 0.04,
            "eps_4q_growth_year": -93.93,
            "roe": 1.38,
            "roe_4q": 0.33999999999999964,
            "gross_profit": 68299,
            "gross_margin": 9.19,
            "gross_margin_4q_avg": 8.65,
            "net_income": 20169,
            "net_income_4q": null,
            "revenue": 743316,
            "revenue_4q": null,
            "common_shares": 1092648,
            "book_valuer_per_share": 13.48,
            "book_valuer_per_share_4q_avg": 13.43,
            "equity": 1473153,
            "current_ratio": 140.92,
            "debt_ratio": 44.95,
            "inventory_turnover_ratio": 1.83,
            "account_receivable_turnover_ratio": null,
            "reinvestment_rate": -30.58,
            "research_to_sale_ratio": null,
            "price_fair": 32.48,
            "eps_avg_yearly": 0.93,
            "eps_latest_yearly": 0.72,
            "eps_growth_yearly": 313.1
        },
        "20053": {
            "year_quarter": 20053,
            "year": 2005,
            "quarter": 3,
            "eps": 0.44,
            "eps_growth_year": 340,
            "eps_4q": 0.39,
            "eps_4q_growth_year": -34.25,
            "roe": 3.18,
            "roe_4q": 2.8200000000000003,
            "gross_profit": 71098,
            "gross_margin": 10.96,
            "gross_margin_4q_avg": 9.55,
            "net_income": 48335,
            "net_income_4q": null,
            "revenue": 648570,
            "revenue_4q": null,
            "common_shares": 1092648,
            "book_valuer_per_share": 14.37,
            "book_valuer_per_share_4q_avg": 13.54,
            "equity": 1570325,
            "current_ratio": 151.92,
            "debt_ratio": 40.55,
            "inventory_turnover_ratio": 1.82,
            "account_receivable_turnover_ratio": null,
            "reinvestment_rate": -21.4,
            "research_to_sale_ratio": null,
            "price_fair": 35.13,
            "eps_avg_yearly": 1,
            "eps_latest_yearly": 1.76,
            "eps_growth_yearly": 337.16
        },
        "20054": {
            "year_quarter": 20054,
            "year": 2005,
            "quarter": 4,
            "eps": 0.32,
            "eps_growth_year": null,
            "eps_4q": 1.18,
            "eps_4q_growth_year": null,
            "roe": 2.23,
            "roe_4q": 8.55,
            "gross_profit": 36828,
            "gross_margin": 5.93,
            "gross_margin_4q_avg": 8.94,
            "net_income": 34909,
            "net_income_4q": null,
            "revenue": 621126,
            "revenue_4q": null,
            "common_shares": 1092648,
            "book_valuer_per_share": 14.34,
            "book_valuer_per_share_4q_avg": 13.87,
            "equity": 1566925,
            "current_ratio": 184.11,
            "debt_ratio": 45.21,
            "inventory_turnover_ratio": 1.6,
            "account_receivable_turnover_ratio": null,
            "reinvestment_rate": -110.39,
            "research_to_sale_ratio": null,
            "price_fair": 35.93,
            "eps_avg_yearly": 1.03,
            "eps_latest_yearly": 1.28,
            "eps_growth_yearly": 299.97
        },
        "20061": {
            "year_quarter": 20061,
            "year": 2006,
            "quarter": 1,
            "eps": 0.04,
            "eps_growth_year": -82.61,
            "eps_4q": 1.06,
            "eps_4q_growth_year": null,
            "roe": 0.26,
            "roe_4q": 7.05,
            "gross_profit": 39471,
            "gross_margin": 9.62,
            "gross_margin_4q_avg": 8.93,
            "net_income": 4051,
            "net_income_4q": null,
            "revenue": 410466,
            "revenue_4q": null,
            "common_shares": 1092648,
            "book_valuer_per_share": 14.33,
            "book_valuer_per_share_4q_avg": 14.13,
            "equity": 1565432,
            "current_ratio": 216.69,
            "debt_ratio": 27.32,
            "inventory_turnover_ratio": 1.27,
            "account_receivable_turnover_ratio": null,
            "reinvestment_rate": -27.72,
            "research_to_sale_ratio": null,
            "price_fair": 31.5,
            "eps_avg_yearly": 0.9,
            "eps_latest_yearly": 0.16,
            "eps_growth_yearly": 243.27
        },
        "20062": {
            "year_quarter": 20062,
            "year": 2006,
            "quarter": 2,
            "eps": 0.02,
            "eps_growth_year": -88.89,
            "eps_4q": 0.86,
            "eps_4q_growth_year": 2003.9,
            "roe": 0.13,
            "roe_4q": 5.800000000000001,
            "gross_profit": 25167,
            "gross_margin": 8.07,
            "gross_margin_4q_avg": 8.65,
            "net_income": 2086,
            "net_income_4q": null,
            "revenue": 311773,
            "revenue_4q": null,
            "common_shares": 1092648,
            "book_valuer_per_share": 14.11,
            "book_valuer_per_share_4q_avg": 14.29,
            "equity": 1541757,
            "current_ratio": 249.21,
            "debt_ratio": 21.42,
            "inventory_turnover_ratio": 2.43,
            "account_receivable_turnover_ratio": null,
            "reinvestment_rate": -19.69,
            "research_to_sale_ratio": null,
            "price_fair": 31.15,
            "eps_avg_yearly": 0.89,
            "eps_latest_yearly": 0.08,
            "eps_growth_yearly": 255.97
        },
        "20063": {
            "year_quarter": 20063,
            "year": 2006,
            "quarter": 3,
            "eps": -0.05,
            "eps_growth_year": -111.36,
            "eps_4q": 0.33,
            "eps_4q_growth_year": -15.09,
            "roe": -0.35,
            "roe_4q": 2.27,
            "gross_profit": 17736,
            "gross_margin": 8.1,
            "gross_margin_4q_avg": 7.93,
            "net_income": -5327,
            "net_income_4q": null,
            "revenue": 219078,
            "revenue_4q": null,
            "common_shares": 1092648,
            "book_valuer_per_share": 14.09,
            "book_valuer_per_share_4q_avg": 14.22,
            "equity": 1539661,
            "current_ratio": 287.8,
            "debt_ratio": 17.87,
            "inventory_turnover_ratio": 3.58,
            "account_receivable_turnover_ratio": null,
            "reinvestment_rate": -22.61,
            "research_to_sale_ratio": null,
            "price_fair": 29.27,
            "eps_avg_yearly": 0.84,
            "eps_latest_yearly": 0.08,
            "eps_growth_yearly": 46.51
        },
        "20064": {
            "year_quarter": 20064,
            "year": 2006,
            "quarter": 4,
            "eps": -0.51,
            "eps_growth_year": -259.38,
            "eps_4q": -0.5,
            "eps_4q_growth_year": -142.37,
            "roe": -3.59,
            "roe_4q": -3.55,
            "gross_profit": 16111,
            "gross_margin": 8.42,
            "gross_margin_4q_avg": 8.55,
            "net_income": -55071,
            "net_income_4q": null,
            "revenue": 191331,
            "revenue_4q": null,
            "common_shares": 1062648,
            "book_valuer_per_share": 14.37,
            "book_valuer_per_share_4q_avg": 14.23,
            "equity": 1526704,
            "current_ratio": 256.25,
            "debt_ratio": 30.79,
            "inventory_turnover_ratio": 1.85,
            "account_receivable_turnover_ratio": null,
            "reinvestment_rate": -181.59,
            "research_to_sale_ratio": null,
            "price_fair": 29.82,
            "eps_avg_yearly": 0.85,
            "eps_latest_yearly": 0.08,
            "eps_growth_yearly": 72.79
        },
        "20071": {
            "year_quarter": 20071,
            "year": 2007,
            "quarter": 1,
            "eps": -0.14,
            "eps_growth_year": -450,
            "eps_4q": -0.69,
            "eps_4q_growth_year": -165.35,
            "roe": -0.98,
            "roe_4q": -4.79,
            "gross_profit": 8948,
            "gross_margin": 6,
            "gross_margin_4q_avg": 7.65,
            "net_income": -14752,
            "net_income_4q": null,
            "revenue": 149232,
            "revenue_4q": null,
            "common_shares": 1062648,
            "book_valuer_per_share": 14.09,
            "book_valuer_per_share_4q_avg": 14.17,
            "equity": 1497484,
            "current_ratio": 465.23,
            "debt_ratio": 11.96,
            "inventory_turnover_ratio": 1.43,
            "account_receivable_turnover_ratio": null,
            "reinvestment_rate": -36.22,
            "research_to_sale_ratio": null,
            "price_fair": 30.8,
            "eps_avg_yearly": 0.88,
            "eps_latest_yearly": 0.08,
            "eps_growth_yearly": 86.1
        },
        "20072": {
            "year_quarter": 20072,
            "year": 2007,
            "quarter": 2,
            "eps": -0.13,
            "eps_growth_year": -750,
            "eps_4q": -0.83,
            "eps_4q_growth_year": -197.28,
            "roe": -0.89,
            "roe_4q": -5.81,
            "gross_profit": 10374,
            "gross_margin": 6.34,
            "gross_margin_4q_avg": 7.22,
            "net_income": -13436,
            "net_income_4q": null,
            "revenue": 163558,
            "revenue_4q": null,
            "common_shares": 1062648,
            "book_valuer_per_share": 14.41,
            "book_valuer_per_share_4q_avg": 14.24,
            "equity": 1531791,
            "current_ratio": 380.79,
            "debt_ratio": 14.56,
            "inventory_turnover_ratio": 2.86,
            "account_receivable_turnover_ratio": null,
            "reinvestment_rate": -58.15,
            "research_to_sale_ratio": null,
            "price_fair": 32.9,
            "eps_avg_yearly": 0.94,
            "eps_latest_yearly": 0.08,
            "eps_growth_yearly": 113.53
        },
        "20073": {
            "year_quarter": 20073,
            "year": 2007,
            "quarter": 3,
            "eps": -0.1,
            "eps_growth_year": null,
            "eps_4q": -0.89,
            "eps_4q_growth_year": -370.93,
            "roe": -0.71,
            "roe_4q": -6.17,
            "gross_profit": 13141,
            "gross_margin": 6.2,
            "gross_margin_4q_avg": 6.74,
            "net_income": -10856,
            "net_income_4q": null,
            "revenue": 211814,
            "revenue_4q": null,
            "common_shares": 1062648,
            "book_valuer_per_share": 14.47,
            "book_valuer_per_share_4q_avg": 14.34,
            "equity": 1537543,
            "current_ratio": 326.77,
            "debt_ratio": 16.89,
            "inventory_turnover_ratio": 2.9,
            "account_receivable_turnover_ratio": null,
            "reinvestment_rate": -73.51,
            "research_to_sale_ratio": null,
            "price_fair": 33,
            "eps_avg_yearly": 0.94,
            "eps_latest_yearly": 0.08,
            "eps_growth_yearly": 55.46
        },
        "20074": {
            "year_quarter": 20074,
            "year": 2007,
            "quarter": 4,
            "eps": -0.27,
            "eps_growth_year": null,
            "eps_4q": -0.64,
            "eps_4q_growth_year": null,
            "roe": -1.88,
            "roe_4q": -4.46,
            "gross_profit": 8901,
            "gross_margin": 4.36,
            "gross_margin_4q_avg": 5.73,
            "net_income": -28409,
            "net_income_4q": null,
            "revenue": 204154,
            "revenue_4q": null,
            "common_shares": 1062648,
            "book_valuer_per_share": 13.95,
            "book_valuer_per_share_4q_avg": 14.23,
            "equity": 1482922,
            "current_ratio": 292.28,
            "debt_ratio": 27.91,
            "inventory_turnover_ratio": 1.99,
            "account_receivable_turnover_ratio": null,
            "reinvestment_rate": null,
            "research_to_sale_ratio": null,
            "price_fair": 2.2,
            "eps_avg_yearly": 0.73,
            "eps_latest_yearly": 0.08,
            "eps_growth_yearly": -28.04
        },
        "20081": {
            "year_quarter": 20081,
            "year": 2008,
            "quarter": 1,
            "eps": -0.19,
            "eps_growth_year": null,
            "eps_4q": -0.7,
            "eps_4q_growth_year": null,
            "roe": -1.34,
            "roe_4q": -4.819999999999999,
            "gross_profit": 24287,
            "gross_margin": 4.69,
            "gross_margin_4q_avg": 5.4,
            "net_income": -19665,
            "net_income_4q": null,
            "revenue": 517327,
            "revenue_4q": null,
            "common_shares": 1062648,
            "book_valuer_per_share": 13.67,
            "book_valuer_per_share_4q_avg": 14.13,
            "equity": 1452702,
            "current_ratio": 230.83,
            "debt_ratio": 35.51,
            "inventory_turnover_ratio": 2.55,
            "account_receivable_turnover_ratio": null,
            "reinvestment_rate": null,
            "research_to_sale_ratio": null,
            "price_fair": 2.2,
            "eps_avg_yearly": 0.73,
            "eps_latest_yearly": 0.08,
            "eps_growth_yearly": -28.04
        },
        "20082": {
            "year_quarter": 20082,
            "year": 2008,
            "quarter": 2,
            "eps": -0.17,
            "eps_growth_year": null,
            "eps_4q": -0.72,
            "eps_4q_growth_year": null,
            "roe": -1.25,
            "roe_4q": -5.18,
            "gross_profit": 29918,
            "gross_margin": 4.68,
            "gross_margin_4q_avg": 4.98,
            "net_income": -17978,
            "net_income_4q": null,
            "revenue": 638777,
            "revenue_4q": null,
            "common_shares": 1062648,
            "book_valuer_per_share": 13.38,
            "book_valuer_per_share_4q_avg": 13.87,
            "equity": 1421421,
            "current_ratio": 201.94,
            "debt_ratio": 41.21,
            "inventory_turnover_ratio": 1.9,
            "account_receivable_turnover_ratio": null,
            "reinvestment_rate": null,
            "research_to_sale_ratio": null,
            "price_fair": 2.2,
            "eps_avg_yearly": 0.73,
            "eps_latest_yearly": 0.08,
            "eps_growth_yearly": -28.04
        },
        "20083": {
            "year_quarter": 20083,
            "year": 2008,
            "quarter": 3,
            "eps": -0.15,
            "eps_growth_year": null,
            "eps_4q": -0.77,
            "eps_4q_growth_year": null,
            "roe": -1.09,
            "roe_4q": -5.56,
            "gross_profit": 31259,
            "gross_margin": 4.35,
            "gross_margin_4q_avg": 4.52,
            "net_income": -15439,
            "net_income_4q": null,
            "revenue": 718166,
            "revenue_4q": null,
            "common_shares": 1062648,
            "book_valuer_per_share": 13.34,
            "book_valuer_per_share_4q_avg": 13.59,
            "equity": 1417686,
            "current_ratio": 208.77,
            "debt_ratio": 38.44,
            "inventory_turnover_ratio": 2.23,
            "account_receivable_turnover_ratio": null,
            "reinvestment_rate": null,
            "research_to_sale_ratio": null,
            "price_fair": 2.4,
            "eps_avg_yearly": 0.8,
            "eps_latest_yearly": 0.08,
            "eps_growth_yearly": -33.65
        },
        "20084": {
            "year_quarter": 20084,
            "year": 2008,
            "quarter": 4,
            "eps": -0.23,
            "eps_growth_year": null,
            "eps_4q": -0.74,
            "eps_4q_growth_year": null,
            "roe": -1.77,
            "roe_4q": -5.45,
            "gross_profit": 35225,
            "gross_margin": 7.2,
            "gross_margin_4q_avg": 5.23,
            "net_income": -24580,
            "net_income_4q": null,
            "revenue": 489470,
            "revenue_4q": null,
            "common_shares": 1062648,
            "book_valuer_per_share": 12.77,
            "book_valuer_per_share_4q_avg": 13.29,
            "equity": 1356698,
            "current_ratio": 226.35,
            "debt_ratio": 34.9,
            "inventory_turnover_ratio": 2.08,
            "account_receivable_turnover_ratio": 1.63,
            "reinvestment_rate": null,
            "research_to_sale_ratio": null,
            "price_fair": 2.4,
            "eps_avg_yearly": 0.8,
            "eps_latest_yearly": 0.08,
            "eps_growth_yearly": -33.65
        },
        "20091": {
            "year_quarter": 20091,
            "year": 2009,
            "quarter": 1,
            "eps": 0.34,
            "eps_growth_year": null,
            "eps_4q": -0.25,
            "eps_4q_growth_year": null,
            "roe": 2.41,
            "roe_4q": -1.7,
            "gross_profit": 92420,
            "gross_margin": 12.4,
            "gross_margin_4q_avg": 7.16,
            "net_income": 33518,
            "net_income_4q": null,
            "revenue": 745515,
            "revenue_4q": null,
            "common_shares": 978578,
            "book_valuer_per_share": 14.58,
            "book_valuer_per_share_4q_avg": 13.52,
            "equity": 1426674,
            "current_ratio": 202.12,
            "debt_ratio": 40.07,
            "inventory_turnover_ratio": 2.73,
            "account_receivable_turnover_ratio": 1.05,
            "reinvestment_rate": null,
            "research_to_sale_ratio": null,
            "price_fair": 2.4,
            "eps_avg_yearly": 0.8,
            "eps_latest_yearly": 0.08,
            "eps_growth_yearly": -33.65
        },
        "20092": {
            "year_quarter": 20092,
            "year": 2009,
            "quarter": 2,
            "eps": 0.49,
            "eps_growth_year": null,
            "eps_4q": 0.42,
            "eps_4q_growth_year": null,
            "roe": 3.32,
            "roe_4q": 2.87,
            "gross_profit": 168572,
            "gross_margin": 16.43,
            "gross_margin_4q_avg": 10.1,
            "net_income": 47813,
            "net_income_4q": null,
            "revenue": 1025705,
            "revenue_4q": null,
            "common_shares": 978578,
            "book_valuer_per_share": 14.89,
            "book_valuer_per_share_4q_avg": 13.9,
            "equity": 1457090,
            "current_ratio": 181.12,
            "debt_ratio": 47.89,
            "inventory_turnover_ratio": 2.33,
            "account_receivable_turnover_ratio": 1.16,
            "reinvestment_rate": null,
            "research_to_sale_ratio": null,
            "price_fair": 30.43,
            "eps_avg_yearly": 1.05,
            "eps_latest_yearly": 1.96,
            "eps_growth_yearly": 19.03
        },
        "20093": {
            "year_quarter": 20093,
            "year": 2009,
            "quarter": 3,
            "eps": 0.53,
            "eps_growth_year": null,
            "eps_4q": 1.11,
            "eps_4q_growth_year": null,
            "roe": 3.47,
            "roe_4q": 7.43,
            "gross_profit": 124648,
            "gross_margin": 15.97,
            "gross_margin_4q_avg": 13,
            "net_income": 51874,
            "net_income_4q": null,
            "revenue": 780685,
            "revenue_4q": null,
            "common_shares": 978578,
            "book_valuer_per_share": 15.69,
            "book_valuer_per_share_4q_avg": 14.48,
            "equity": 1535288,
            "current_ratio": 183.68,
            "debt_ratio": 46.44,
            "inventory_turnover_ratio": 1.14,
            "account_receivable_turnover_ratio": 0.89,
            "reinvestment_rate": null,
            "research_to_sale_ratio": null,
            "price_fair": 3.36,
            "eps_avg_yearly": 1.12,
            "eps_latest_yearly": 2.12,
            "eps_growth_yearly": -89.99
        },
        "20094": {
            "year_quarter": 20094,
            "year": 2009,
            "quarter": 4,
            "eps": 0.59,
            "eps_growth_year": null,
            "eps_4q": 1.95,
            "eps_4q_growth_year": null,
            "roe": 3.7,
            "roe_4q": 12.9,
            "gross_profit": 100160,
            "gross_margin": 12.52,
            "gross_margin_4q_avg": 14.33,
            "net_income": 57664,
            "net_income_4q": null,
            "revenue": 800022,
            "revenue_4q": null,
            "common_shares": 978578,
            "book_valuer_per_share": 16.13,
            "book_valuer_per_share_4q_avg": 15.32,
            "equity": 1578355,
            "current_ratio": 220,
            "debt_ratio": 38.32,
            "inventory_turnover_ratio": 1.05,
            "account_receivable_turnover_ratio": 2.64,
            "reinvestment_rate": null,
            "research_to_sale_ratio": null,
            "price_fair": 4.01,
            "eps_avg_yearly": 1.34,
            "eps_latest_yearly": 2.36,
            "eps_growth_yearly": -59.12
        },
        "20101": {
            "year_quarter": 20101,
            "year": 2010,
            "quarter": 1,
            "eps": 0.34,
            "eps_growth_year": 0,
            "eps_4q": 1.95,
            "eps_4q_growth_year": null,
            "roe": 2.09,
            "roe_4q": 12.58,
            "gross_profit": 98898,
            "gross_margin": 11.95,
            "gross_margin_4q_avg": 14.22,
            "net_income": 33195,
            "net_income_4q": null,
            "revenue": 827699,
            "revenue_4q": null,
            "common_shares": 978578,
            "book_valuer_per_share": 16.38,
            "book_valuer_per_share_4q_avg": 15.77,
            "equity": 1602895,
            "current_ratio": 202.33,
            "debt_ratio": 42.03,
            "inventory_turnover_ratio": 1.08,
            "account_receivable_turnover_ratio": 1.21,
            "reinvestment_rate": 1786.71,
            "research_to_sale_ratio": 1.14,
            "price_fair": 4.73,
            "eps_avg_yearly": 1.58,
            "eps_latest_yearly": 1.36,
            "eps_growth_yearly": -23.02
        },
        "20102": {
            "year_quarter": 20102,
            "year": 2010,
            "quarter": 2,
            "eps": 0.64,
            "eps_growth_year": 29.97,
            "eps_4q": 2,
            "eps_4q_growth_year": 372.39,
            "roe": 4.1,
            "roe_4q": 13.360000000000001,
            "gross_profit": 159012,
            "gross_margin": 14.3,
            "gross_margin_4q_avg": 13.69,
            "net_income": 66681,
            "net_income_4q": null,
            "revenue": 1112263,
            "revenue_4q": null,
            "common_shares": 978578,
            "book_valuer_per_share": 16.88,
            "book_valuer_per_share_4q_avg": 16.27,
            "equity": 1652201,
            "current_ratio": 193.19,
            "debt_ratio": 45.12,
            "inventory_turnover_ratio": 1.3,
            "account_receivable_turnover_ratio": 1.32,
            "reinvestment_rate": 418.62,
            "research_to_sale_ratio": 1.04,
            "price_fair": 72.52,
            "eps_avg_yearly": 2.07,
            "eps_latest_yearly": 2.56,
            "eps_growth_yearly": 87.57
        },
        "20103": {
            "year_quarter": 20103,
            "year": 2010,
            "quarter": 3,
            "eps": 0.31,
            "eps_growth_year": -41.66,
            "eps_4q": 1.81,
            "eps_4q_growth_year": 63.43,
            "roe": 1.94,
            "roe_4q": 11.829999999999998,
            "gross_profit": 77737,
            "gross_margin": 9.29,
            "gross_margin_4q_avg": 12.02,
            "net_income": 32377,
            "net_income_4q": null,
            "revenue": 836756,
            "revenue_4q": null,
            "common_shares": 1047078,
            "book_valuer_per_share": 16.15,
            "book_valuer_per_share_4q_avg": 16.39,
            "equity": 1690828,
            "current_ratio": 189.67,
            "debt_ratio": 44.89,
            "inventory_turnover_ratio": 1.01,
            "account_receivable_turnover_ratio": 0.9,
            "reinvestment_rate": 351.37,
            "research_to_sale_ratio": 1.76,
            "price_fair": 67.67,
            "eps_avg_yearly": 1.93,
            "eps_latest_yearly": 1.24,
            "eps_growth_yearly": 38.6
        },
        "20104": {
            "year_quarter": 20104,
            "year": 2010,
            "quarter": 4,
            "eps": -0.45,
            "eps_growth_year": -176.59,
            "eps_4q": 0.81,
            "eps_4q_growth_year": -58.41,
            "roe": -2.88,
            "roe_4q": 5.25,
            "gross_profit": -13609,
            "gross_margin": -2.04,
            "gross_margin_4q_avg": 8.38,
            "net_income": -47315,
            "net_income_4q": null,
            "revenue": 668268,
            "revenue_4q": null,
            "common_shares": 1047078,
            "book_valuer_per_share": 15.24,
            "book_valuer_per_share_4q_avg": 16.16,
            "equity": 1596241,
            "current_ratio": 223.74,
            "debt_ratio": 36.66,
            "inventory_turnover_ratio": 1.18,
            "account_receivable_turnover_ratio": 0.85,
            "reinvestment_rate": 192.94,
            "research_to_sale_ratio": 3.17,
            "price_fair": 67.67,
            "eps_avg_yearly": 1.93,
            "eps_latest_yearly": 1.24,
            "eps_growth_yearly": 38.6
        },
        "20111": {
            "year_quarter": 20111,
            "year": 2011,
            "quarter": 1,
            "eps": 0.16,
            "eps_growth_year": -52.94,
            "eps_4q": 0.66,
            "eps_4q_growth_year": -66.24,
            "roe": 1.06,
            "roe_4q": 4.22,
            "gross_profit": 14198,
            "gross_margin": 2.55,
            "gross_margin_4q_avg": 6.03,
            "net_income": 17091,
            "net_income_4q": null,
            "revenue": 557811,
            "revenue_4q": null,
            "common_shares": 1047078,
            "book_valuer_per_share": 15.45,
            "book_valuer_per_share_4q_avg": 15.93,
            "equity": 1618045,
            "current_ratio": 194.78,
            "debt_ratio": 39.15,
            "inventory_turnover_ratio": 1.18,
            "account_receivable_turnover_ratio": 0.87,
            "reinvestment_rate": 366.82,
            "research_to_sale_ratio": 1.88,
            "price_fair": 67.67,
            "eps_avg_yearly": 1.93,
            "eps_latest_yearly": 1.24,
            "eps_growth_yearly": 38.6
        },
        "20112": {
            "year_quarter": 20112,
            "year": 2011,
            "quarter": 2,
            "eps": -0.13,
            "eps_growth_year": -119.66,
            "eps_4q": -0.11,
            "eps_4q_growth_year": -105.29,
            "roe": -0.87,
            "roe_4q": -0.75,
            "gross_profit": 34036,
            "gross_margin": 6.06,
            "gross_margin_4q_avg": 3.97,
            "net_income": -13901,
            "net_income_4q": null,
            "revenue": 561666,
            "revenue_4q": null,
            "common_shares": 1047078,
            "book_valuer_per_share": 15.05,
            "book_valuer_per_share_4q_avg": 15.47,
            "equity": 1575560,
            "current_ratio": 177.1,
            "debt_ratio": 41.05,
            "inventory_turnover_ratio": 1.06,
            "account_receivable_turnover_ratio": 0.85,
            "reinvestment_rate": 345.16,
            "research_to_sale_ratio": 2.56,
            "price_fair": 67.67,
            "eps_avg_yearly": 1.93,
            "eps_latest_yearly": 1.24,
            "eps_growth_yearly": 38.6
        },
        "20113": {
            "year_quarter": 20113,
            "year": 2011,
            "quarter": 3,
            "eps": -0.06,
            "eps_growth_year": -120.78,
            "eps_4q": -0.46,
            "eps_4q_growth_year": -125.47,
            "roe": -0.45,
            "roe_4q": -3.1399999999999997,
            "gross_profit": 4311,
            "gross_margin": 0.71,
            "gross_margin_4q_avg": 1.82,
            "net_income": -7128,
            "net_income_4q": null,
            "revenue": 609878,
            "revenue_4q": null,
            "common_shares": 1109270,
            "book_valuer_per_share": 14.42,
            "book_valuer_per_share_4q_avg": 15.04,
            "equity": 1599444,
            "current_ratio": 185.86,
            "debt_ratio": 38.2,
            "inventory_turnover_ratio": 1.31,
            "account_receivable_turnover_ratio": 0.97,
            "reinvestment_rate": 341.72,
            "research_to_sale_ratio": 2.6,
            "price_fair": 67.67,
            "eps_avg_yearly": 1.93,
            "eps_latest_yearly": 1.24,
            "eps_growth_yearly": 38.6
        },
        "20114": {
            "year_quarter": 20114,
            "year": 2011,
            "quarter": 4,
            "eps": -0.36,
            "eps_growth_year": null,
            "eps_4q": -0.39,
            "eps_4q_growth_year": -148.15,
            "roe": -2.5,
            "roe_4q": -2.7600000000000002,
            "gross_profit": 20964,
            "gross_margin": 3.45,
            "gross_margin_4q_avg": 3.19,
            "net_income": -39390,
            "net_income_4q": null,
            "revenue": 607334,
            "revenue_4q": null,
            "common_shares": 1109270,
            "book_valuer_per_share": 13.94,
            "book_valuer_per_share_4q_avg": 14.72,
            "equity": 1546461,
            "current_ratio": 204.29,
            "debt_ratio": 35.77,
            "inventory_turnover_ratio": 1.37,
            "account_receivable_turnover_ratio": 1.15,
            "reinvestment_rate": 672.39,
            "research_to_sale_ratio": 3.18,
            "price_fair": 67.67,
            "eps_avg_yearly": 1.93,
            "eps_latest_yearly": 1.24,
            "eps_growth_yearly": 38.6
        },
        "20121": {
            "year_quarter": 20121,
            "year": 2012,
            "quarter": 1,
            "eps": -0.31,
            "eps_growth_year": -293.75,
            "eps_4q": -0.86,
            "eps_4q_growth_year": -230.13,
            "roe": -2.26,
            "roe_4q": -6.08,
            "gross_profit": 28111,
            "gross_margin": 4.52,
            "gross_margin_4q_avg": 3.69,
            "net_income": -34477,
            "net_income_4q": null,
            "revenue": 622330,
            "revenue_4q": null,
            "common_shares": 1109270,
            "book_valuer_per_share": 13.6,
            "book_valuer_per_share_4q_avg": 14.25,
            "equity": 1508712,
            "current_ratio": 173.77,
            "debt_ratio": 43.03,
            "inventory_turnover_ratio": 1.21,
            "account_receivable_turnover_ratio": 1.12,
            "reinvestment_rate": 699.59,
            "research_to_sale_ratio": 2.42,
            "price_fair": 67.67,
            "eps_avg_yearly": 1.93,
            "eps_latest_yearly": 1.24,
            "eps_growth_yearly": 38.6
        },
        "20122": {
            "year_quarter": 20122,
            "year": 2012,
            "quarter": 2,
            "eps": -0.45,
            "eps_growth_year": null,
            "eps_4q": -1.18,
            "eps_4q_growth_year": null,
            "roe": -3.37,
            "roe_4q": -8.579999999999998,
            "gross_profit": -7068,
            "gross_margin": -1.33,
            "gross_margin_4q_avg": 1.84,
            "net_income": -49890,
            "net_income_4q": null,
            "revenue": 530768,
            "revenue_4q": null,
            "common_shares": 1109270,
            "book_valuer_per_share": 13.11,
            "book_valuer_per_share_4q_avg": 13.77,
            "equity": 1454083,
            "current_ratio": 179.98,
            "debt_ratio": 40.47,
            "inventory_turnover_ratio": 1.01,
            "account_receivable_turnover_ratio": 0.93,
            "reinvestment_rate": 329.3,
            "research_to_sale_ratio": 3.3,
            "price_fair": 67.67,
            "eps_avg_yearly": 1.93,
            "eps_latest_yearly": 1.24,
            "eps_growth_yearly": 38.6
        },
        "20123": {
            "year_quarter": 20123,
            "year": 2012,
            "quarter": 3,
            "eps": -0.13,
            "eps_growth_year": null,
            "eps_4q": -1.25,
            "eps_4q_growth_year": null,
            "roe": -1.01,
            "roe_4q": -9.14,
            "gross_profit": 33320,
            "gross_margin": 5.17,
            "gross_margin_4q_avg": 2.95,
            "net_income": -14467,
            "net_income_4q": null,
            "revenue": 644014,
            "revenue_4q": null,
            "common_shares": 1109270,
            "book_valuer_per_share": 12.83,
            "book_valuer_per_share_4q_avg": 13.37,
            "equity": 1422968,
            "current_ratio": 178.23,
            "debt_ratio": 41.42,
            "inventory_turnover_ratio": 1.27,
            "account_receivable_turnover_ratio": 1.16,
            "reinvestment_rate": 214.63,
            "research_to_sale_ratio": 2.86,
            "price_fair": 67.67,
            "eps_avg_yearly": 1.93,
            "eps_latest_yearly": 1.24,
            "eps_growth_yearly": 38.6
        },
        "20124": {
            "year_quarter": 20124,
            "year": 2012,
            "quarter": 4,
            "eps": -0.23,
            "eps_growth_year": null,
            "eps_4q": -1.12,
            "eps_4q_growth_year": null,
            "roe": -1.77,
            "roe_4q": -8.41,
            "gross_profit": 25914,
            "gross_margin": 4,
            "gross_margin_4q_avg": 3.09,
            "net_income": -25021,
            "net_income_4q": null,
            "revenue": 648094,
            "revenue_4q": null,
            "common_shares": 1109270,
            "book_valuer_per_share": 12.7,
            "book_valuer_per_share_4q_avg": 13.06,
            "equity": 1408590,
            "current_ratio": 171.58,
            "debt_ratio": 43.26,
            "inventory_turnover_ratio": 1.29,
            "account_receivable_turnover_ratio": 1.21,
            "reinvestment_rate": 696.08,
            "research_to_sale_ratio": 3.13,
            "price_fair": 67.67,
            "eps_avg_yearly": 1.93,
            "eps_latest_yearly": 1.24,
            "eps_growth_yearly": 38.6
        },
        "20131": {
            "year_quarter": 20131,
            "year": 2013,
            "quarter": 1,
            "eps": -0.04,
            "eps_growth_year": null,
            "eps_4q": -0.84,
            "eps_4q_growth_year": null,
            "roe": -0.29,
            "roe_4q": -6.44,
            "gross_profit": 40446,
            "gross_margin": 7.21,
            "gross_margin_4q_avg": 3.76,
            "net_income": -4065,
            "net_income_4q": null,
            "revenue": 560771,
            "revenue_4q": null,
            "common_shares": 1109270,
            "book_valuer_per_share": 12.71,
            "book_valuer_per_share_4q_avg": 12.84,
            "equity": 1409856,
            "current_ratio": 181.35,
            "debt_ratio": 40.53,
            "inventory_turnover_ratio": 1.13,
            "account_receivable_turnover_ratio": 1.11,
            "reinvestment_rate": 317.1,
            "research_to_sale_ratio": null,
            "price_fair": 67.67,
            "eps_avg_yearly": 1.93,
            "eps_latest_yearly": 1.24,
            "eps_growth_yearly": 38.6
        },
        "20132": {
            "year_quarter": 20132,
            "year": 2013,
            "quarter": 2,
            "eps": 0.07,
            "eps_growth_year": null,
            "eps_4q": -0.33,
            "eps_4q_growth_year": null,
            "roe": 0.51,
            "roe_4q": -2.56,
            "gross_profit": 66295,
            "gross_margin": 12.58,
            "gross_margin_4q_avg": 7.24,
            "net_income": 7289,
            "net_income_4q": null,
            "revenue": 526815,
            "revenue_4q": null,
            "common_shares": 1109270,
            "book_valuer_per_share": 13.05,
            "book_valuer_per_share_4q_avg": 12.82,
            "equity": 1447466,
            "current_ratio": 198.52,
            "debt_ratio": 36.68,
            "inventory_turnover_ratio": 0.94,
            "account_receivable_turnover_ratio": 1,
            "reinvestment_rate": 911.76,
            "research_to_sale_ratio": 4.12,
            "price_fair": 40.54,
            "eps_avg_yearly": 1.93,
            "eps_latest_yearly": 1.24,
            "eps_growth_yearly": 11.03
        },
        "20133": {
            "year_quarter": 20133,
            "year": 2013,
            "quarter": 3,
            "eps": 0.27,
            "eps_growth_year": null,
            "eps_4q": 0.08,
            "eps_4q_growth_year": null,
            "roe": 2.08,
            "roe_4q": 0.5299999999999998,
            "gross_profit": 107912,
            "gross_margin": 14.21,
            "gross_margin_4q_avg": 9.5,
            "net_income": 30433,
            "net_income_4q": null,
            "revenue": 759309,
            "revenue_4q": null,
            "common_shares": 1109270,
            "book_valuer_per_share": 13.35,
            "book_valuer_per_share_4q_avg": 12.95,
            "equity": 1480518,
            "current_ratio": 184.27,
            "debt_ratio": 40.3,
            "inventory_turnover_ratio": 1.1,
            "account_receivable_turnover_ratio": 1.24,
            "reinvestment_rate": 2752.03,
            "research_to_sale_ratio": 2.02,
            "price_fair": 60.2,
            "eps_avg_yearly": 1.72,
            "eps_latest_yearly": 1.08,
            "eps_growth_yearly": 233.07
        },
        "20134": {
            "year_quarter": 20134,
            "year": 2013,
            "quarter": 4,
            "eps": 0.2,
            "eps_growth_year": null,
            "eps_4q": 0.5,
            "eps_4q_growth_year": null,
            "roe": 1.49,
            "roe_4q": 3.79,
            "gross_profit": 111980,
            "gross_margin": 15.44,
            "gross_margin_4q_avg": 12.36,
            "net_income": 22359,
            "net_income_4q": null,
            "revenue": 725484,
            "revenue_4q": null,
            "common_shares": 1109270,
            "book_valuer_per_share": 13.79,
            "book_valuer_per_share_4q_avg": 13.23,
            "equity": 1529546,
            "current_ratio": 182.21,
            "debt_ratio": 40.87,
            "inventory_turnover_ratio": 0.95,
            "account_receivable_turnover_ratio": 1.13,
            "reinvestment_rate": null,
            "research_to_sale_ratio": 2.21,
            "price_fair": 49.28,
            "eps_avg_yearly": 1.41,
            "eps_latest_yearly": 0.8,
            "eps_growth_yearly": 203.27
        },
        "20141": {
            "year_quarter": 20141,
            "year": 2014,
            "quarter": 1,
            "eps": 0.16,
            "eps_growth_year": null,
            "eps_4q": 0.7,
            "eps_4q_growth_year": null,
            "roe": 1.15,
            "roe_4q": 5.2299999999999995,
            "gross_profit": 95149,
            "gross_margin": 11.23,
            "gross_margin_4q_avg": 13.37,
            "net_income": 17687,
            "net_income_4q": null,
            "revenue": 847346,
            "revenue_4q": null,
            "common_shares": 1109270,
            "book_valuer_per_share": 13.94,
            "book_valuer_per_share_4q_avg": 13.53,
            "equity": 1546243,
            "current_ratio": 174.15,
            "debt_ratio": 43.41,
            "inventory_turnover_ratio": 1.06,
            "account_receivable_turnover_ratio": 1.25,
            "reinvestment_rate": null,
            "research_to_sale_ratio": 2.28,
            "price_fair": 44.24,
            "eps_avg_yearly": 1.26,
            "eps_latest_yearly": 0.64,
            "eps_growth_yearly": 221.17
        },
        "20142": {
            "year_quarter": 20142,
            "year": 2014,
            "quarter": 2,
            "eps": 0.31,
            "eps_growth_year": 342.86,
            "eps_4q": 0.94,
            "eps_4q_growth_year": null,
            "roe": 2.18,
            "roe_4q": 6.9,
            "gross_profit": 137668,
            "gross_margin": 13.76,
            "gross_margin_4q_avg": 13.66,
            "net_income": 34136,
            "net_income_4q": null,
            "revenue": 1000648,
            "revenue_4q": null,
            "common_shares": 1109270,
            "book_valuer_per_share": 14.24,
            "book_valuer_per_share_4q_avg": 13.83,
            "equity": 1579911,
            "current_ratio": 153.13,
            "debt_ratio": 50.07,
            "inventory_turnover_ratio": 0.9,
            "account_receivable_turnover_ratio": 1.24,
            "reinvestment_rate": null,
            "research_to_sale_ratio": 1.73,
            "price_fair": 35,
            "eps_avg_yearly": 1,
            "eps_latest_yearly": 1.24,
            "eps_growth_yearly": 225.58
        },
        "20143": {
            "year_quarter": 20143,
            "year": 2014,
            "quarter": 3,
            "eps": 0.74,
            "eps_growth_year": 174.07,
            "eps_4q": 1.41,
            "eps_4q_growth_year": 1712.56,
            "roe": 5.09,
            "roe_4q": 9.91,
            "gross_profit": 173685,
            "gross_margin": 13.74,
            "gross_margin_4q_avg": 13.54,
            "net_income": 82351,
            "net_income_4q": null,
            "revenue": 1264351,
            "revenue_4q": null,
            "common_shares": 1109270,
            "book_valuer_per_share": 14.93,
            "book_valuer_per_share_4q_avg": 14.23,
            "equity": 1655684,
            "current_ratio": 163.35,
            "debt_ratio": 47.24,
            "inventory_turnover_ratio": 1.05,
            "account_receivable_turnover_ratio": 1.29,
            "reinvestment_rate": null,
            "research_to_sale_ratio": 1.59,
            "price_fair": 47.04,
            "eps_avg_yearly": 1.34,
            "eps_latest_yearly": 2.96,
            "eps_growth_yearly": 377.8
        },
        "20144": {
            "year_quarter": 20144,
            "year": 2014,
            "quarter": 4,
            "eps": 0.07,
            "eps_growth_year": -63.41,
            "eps_4q": 1.28,
            "eps_4q_growth_year": 154.13,
            "roe": 0.49,
            "roe_4q": 8.91,
            "gross_profit": 129327,
            "gross_margin": 10.82,
            "gross_margin_4q_avg": 12.39,
            "net_income": 8182,
            "net_income_4q": null,
            "revenue": 1195572,
            "revenue_4q": null,
            "common_shares": 1109270,
            "book_valuer_per_share": 15.1,
            "book_valuer_per_share_4q_avg": 14.55,
            "equity": 1674490,
            "current_ratio": 156.8,
            "debt_ratio": 49.73,
            "inventory_turnover_ratio": 1.05,
            "account_receivable_turnover_ratio": 1.16,
            "reinvestment_rate": 356.47,
            "research_to_sale_ratio": 2.03,
            "price_fair": 40.83,
            "eps_avg_yearly": 1.17,
            "eps_latest_yearly": 0.28,
            "eps_growth_yearly": 254.47
        },
        "20151": {
            "year_quarter": 20151,
            "year": 2015,
            "quarter": 1,
            "eps": 0.3,
            "eps_growth_year": 87.5,
            "eps_4q": 1.43,
            "eps_4q_growth_year": 103.59,
            "roe": 1.99,
            "roe_4q": 9.75,
            "gross_profit": 146355,
            "gross_margin": 12.08,
            "gross_margin_4q_avg": 12.6,
            "net_income": 33658,
            "net_income_4q": null,
            "revenue": 1211695,
            "revenue_4q": null,
            "common_shares": 1109270,
            "book_valuer_per_share": 15.32,
            "book_valuer_per_share_4q_avg": 14.9,
            "equity": 1699937,
            "current_ratio": 164.07,
            "debt_ratio": 46.61,
            "inventory_turnover_ratio": 1.04,
            "account_receivable_turnover_ratio": 1.26,
            "reinvestment_rate": -78.7,
            "research_to_sale_ratio": 1.68,
            "price_fair": 41,
            "eps_avg_yearly": 1.17,
            "eps_latest_yearly": 1.2,
            "eps_growth_yearly": 405.87
        },
        "20152": {
            "year_quarter": 20152,
            "year": 2015,
            "quarter": 2,
            "eps": 0.03,
            "eps_growth_year": -90.32,
            "eps_4q": 1.15,
            "eps_4q_growth_year": 21.61,
            "roe": 0.18,
            "roe_4q": 7.75,
            "gross_profit": 92822,
            "gross_margin": 11.02,
            "gross_margin_4q_avg": 11.92,
            "net_income": 3030,
            "net_income_4q": null,
            "revenue": 842193,
            "revenue_4q": null,
            "common_shares": 1109270,
            "book_valuer_per_share": 14.81,
            "book_valuer_per_share_4q_avg": 15.04,
            "equity": 1642637,
            "current_ratio": 193.66,
            "debt_ratio": 38.26,
            "inventory_turnover_ratio": 0.9,
            "account_receivable_turnover_ratio": 0.98,
            "reinvestment_rate": -74.57,
            "research_to_sale_ratio": 2.49,
            "price_fair": 36.4,
            "eps_avg_yearly": 1.04,
            "eps_latest_yearly": 0.12,
            "eps_growth_yearly": 310.14
        },
        "20153": {
            "year_quarter": 20153,
            "year": 2015,
            "quarter": 3,
            "eps": 0.15,
            "eps_growth_year": -79.73,
            "eps_4q": 0.56,
            "eps_4q_growth_year": -60.46,
            "roe": 1.02,
            "roe_4q": 3.6799999999999997,
            "gross_profit": 71249,
            "gross_margin": 8.83,
            "gross_margin_4q_avg": 10.69,
            "net_income": 17023,
            "net_income_4q": null,
            "revenue": 806619,
            "revenue_4q": null,
            "common_shares": 1109270,
            "book_valuer_per_share": 15.24,
            "book_valuer_per_share_4q_avg": 15.12,
            "equity": 1690395,
            "current_ratio": 202.61,
            "debt_ratio": 36.67,
            "inventory_turnover_ratio": 1.11,
            "account_receivable_turnover_ratio": 1.09,
            "reinvestment_rate": -44.54,
            "research_to_sale_ratio": 2.7,
            "price_fair": 34.69,
            "eps_avg_yearly": 0.99,
            "eps_latest_yearly": 0.6,
            "eps_growth_yearly": 453.46
        },
        "20154": {
            "year_quarter": 20154,
            "year": 2015,
            "quarter": 4,
            "eps": -0.17,
            "eps_growth_year": -324.35,
            "eps_4q": 0.32,
            "eps_4q_growth_year": -75.16,
            "roe": -1.1,
            "roe_4q": 2.09,
            "gross_profit": 59740,
            "gross_margin": 7.7,
            "gross_margin_4q_avg": 9.91,
            "net_income": -18356,
            "net_income_4q": null,
            "revenue": 775542,
            "revenue_4q": null,
            "common_shares": 1109270,
            "book_valuer_per_share": 14.93,
            "book_valuer_per_share_4q_avg": 15.08,
            "equity": 1656300,
            "current_ratio": 192.27,
            "debt_ratio": 39.1,
            "inventory_turnover_ratio": 1.24,
            "account_receivable_turnover_ratio": 1.19,
            "reinvestment_rate": -648.25,
            "research_to_sale_ratio": 3.56,
            "price_fair": 34.69,
            "eps_avg_yearly": 0.99,
            "eps_latest_yearly": 0.6,
            "eps_growth_yearly": 453.46
        },
        "20161": {
            "year_quarter": 20161,
            "year": 2016,
            "quarter": 1,
            "eps": 0.09,
            "eps_growth_year": -70,
            "eps_4q": 0.11,
            "eps_4q_growth_year": -92.43,
            "roe": 0.62,
            "roe_4q": 0.72,
            "gross_profit": 109346,
            "gross_margin": 13.26,
            "gross_margin_4q_avg": 10.2,
            "net_income": 10286,
            "net_income_4q": null,
            "revenue": 824845,
            "revenue_4q": null,
            "common_shares": 1109270,
            "book_valuer_per_share": 15.03,
            "book_valuer_per_share_4q_avg": 15,
            "equity": 1666916,
            "current_ratio": 189.85,
            "debt_ratio": 39.98,
            "inventory_turnover_ratio": 1.33,
            "account_receivable_turnover_ratio": 1.37,
            "reinvestment_rate": -426.35,
            "research_to_sale_ratio": 2.88,
            "price_fair": 34.69,
            "eps_avg_yearly": 0.99,
            "eps_latest_yearly": 0.6,
            "eps_growth_yearly": 453.46
        },
        "20162": {
            "year_quarter": 20162,
            "year": 2016,
            "quarter": 2,
            "eps": 0.21,
            "eps_growth_year": 600,
            "eps_4q": 0.29,
            "eps_4q_growth_year": -74.84,
            "roe": 1.39,
            "roe_4q": 1.9299999999999997,
            "gross_profit": 86765,
            "gross_margin": 12.94,
            "gross_margin_4q_avg": 10.68,
            "net_income": 23061,
            "net_income_4q": null,
            "revenue": 670319,
            "revenue_4q": null,
            "common_shares": 1109270,
            "book_valuer_per_share": 14.83,
            "book_valuer_per_share_4q_avg": 15.01,
            "equity": 1645180,
            "current_ratio": 204.85,
            "debt_ratio": 36.42,
            "inventory_turnover_ratio": 1.19,
            "account_receivable_turnover_ratio": 1.1,
            "reinvestment_rate": -25.05,
            "research_to_sale_ratio": 3.45,
            "price_fair": 34.16,
            "eps_avg_yearly": 0.98,
            "eps_latest_yearly": 0.84,
            "eps_growth_yearly": 461.44
        },
        "20163": {
            "year_quarter": 20163,
            "year": 2016,
            "quarter": 3,
            "eps": 0.2,
            "eps_growth_year": 33.33,
            "eps_4q": 0.34,
            "eps_4q_growth_year": -39.15,
            "roe": 1.38,
            "roe_4q": 2.2899999999999996,
            "gross_profit": 103625,
            "gross_margin": 12.94,
            "gross_margin_4q_avg": 11.71,
            "net_income": 22670,
            "net_income_4q": null,
            "revenue": 800592,
            "revenue_4q": null,
            "common_shares": 1109270,
            "book_valuer_per_share": 14.8,
            "book_valuer_per_share_4q_avg": 14.9,
            "equity": 1641278,
            "current_ratio": 194.04,
            "debt_ratio": 39.2,
            "inventory_turnover_ratio": 1.58,
            "account_receivable_turnover_ratio": 1.24,
            "reinvestment_rate": -19.01,
            "research_to_sale_ratio": 2.6,
            "price_fair": 33.6,
            "eps_avg_yearly": 0.96,
            "eps_latest_yearly": 0.8,
            "eps_growth_yearly": 417.76
        },
        "20164": {
            "year_quarter": 20164,
            "year": 2016,
            "quarter": 4,
            "eps": 0.37,
            "eps_growth_year": null,
            "eps_4q": 0.88,
            "eps_4q_growth_year": 174.61,
            "roe": 2.47,
            "roe_4q": 5.86,
            "gross_profit": 97937,
            "gross_margin": 13.23,
            "gross_margin_4q_avg": 13.09,
            "net_income": 41071,
            "net_income_4q": null,
            "revenue": 740525,
            "revenue_4q": null,
            "common_shares": 1109270,
            "book_valuer_per_share": 15.18,
            "book_valuer_per_share_4q_avg": 14.96,
            "equity": 1683763,
            "current_ratio": 193.53,
            "debt_ratio": 40.62,
            "inventory_turnover_ratio": 1.4,
            "account_receivable_turnover_ratio": 1.1,
            "reinvestment_rate": -172.18,
            "research_to_sale_ratio": 3.34,
            "price_fair": 35.12,
            "eps_avg_yearly": 1,
            "eps_latest_yearly": 1.48,
            "eps_growth_yearly": 411.28
        },
        "20171": {
            "year_quarter": 20171,
            "year": 2017,
            "quarter": 1,
            "eps": 0.05,
            "eps_growth_year": -44.44,
            "eps_4q": 0.83,
            "eps_4q_growth_year": 671.32,
            "roe": 0.34,
            "roe_4q": 5.579999999999999,
            "gross_profit": 110924,
            "gross_margin": 15.57,
            "gross_margin_4q_avg": 13.67,
            "net_income": 5625,
            "net_income_4q": null,
            "revenue": 712489,
            "revenue_4q": null,
            "common_shares": 1109270,
            "book_valuer_per_share": 15.06,
            "book_valuer_per_share_4q_avg": 14.97,
            "equity": 1671069,
            "current_ratio": 202.99,
            "debt_ratio": 38.07,
            "inventory_turnover_ratio": 1.28,
            "account_receivable_turnover_ratio": 1.16,
            "reinvestment_rate": -11.69,
            "research_to_sale_ratio": 2.94,
            "price_fair": 32.95,
            "eps_avg_yearly": 0.94,
            "eps_latest_yearly": 0.2,
            "eps_growth_yearly": 353.04
        },
        "20172": {
            "year_quarter": 20172,
            "year": 2017,
            "quarter": 2,
            "eps": 0.06,
            "eps_growth_year": -71.43,
            "eps_4q": 0.69,
            "eps_4q_growth_year": 137.93,
            "roe": 0.42,
            "roe_4q": 4.61,
            "gross_profit": 79547,
            "gross_margin": 12.54,
            "gross_margin_4q_avg": 13.57,
            "net_income": 6806,
            "net_income_4q": null,
            "revenue": 634505,
            "revenue_4q": null,
            "common_shares": 1109270,
            "book_valuer_per_share": 14.42,
            "book_valuer_per_share_4q_avg": 14.87,
            "equity": 1599843,
            "current_ratio": 171.77,
            "debt_ratio": 46.16,
            "inventory_turnover_ratio": 1.35,
            "account_receivable_turnover_ratio": 1.11,
            "reinvestment_rate": -14.8,
            "research_to_sale_ratio": 3.66,
            "price_fair": 31.2,
            "eps_avg_yearly": 0.89,
            "eps_latest_yearly": 0.24,
            "eps_growth_yearly": 333.53
        },
        "20173": {
            "year_quarter": 20173,
            "year": 2017,
            "quarter": 3,
            "eps": 0.01,
            "eps_growth_year": -95,
            "eps_4q": 0.5,
            "eps_4q_growth_year": 46.08,
            "roe": 0.09,
            "roe_4q": 3.3200000000000003,
            "gross_profit": 48259,
            "gross_margin": 8.74,
            "gross_margin_4q_avg": 12.52,
            "net_income": 1515,
            "net_income_4q": null,
            "revenue": 552219,
            "revenue_4q": null,
            "common_shares": 1109270,
            "book_valuer_per_share": 14.48,
            "book_valuer_per_share_4q_avg": 14.79,
            "equity": 1605794,
            "current_ratio": 223.28,
            "debt_ratio": 33.95,
            "inventory_turnover_ratio": 1.45,
            "account_receivable_turnover_ratio": 1.07,
            "reinvestment_rate": -16.9,
            "research_to_sale_ratio": 3.91,
            "price_fair": 28.6,
            "eps_avg_yearly": 0.82,
            "eps_latest_yearly": 0.04,
            "eps_growth_yearly": 228.09
        },
        "20174": {
            "year_quarter": 20174,
            "year": 2017,
            "quarter": 4,
            "eps": -0.47,
            "eps_growth_year": -227.12,
            "eps_4q": -0.34,
            "eps_4q_growth_year": -139.41,
            "roe": -3.3,
            "roe_4q": -2.45,
            "gross_profit": 640,
            "gross_margin": 0.16,
            "gross_margin_4q_avg": 9.25,
            "net_income": -52208,
            "net_income_4q": null,
            "revenue": 404026,
            "revenue_4q": null,
            "common_shares": 1109270,
            "book_valuer_per_share": 14.04,
            "book_valuer_per_share_4q_avg": 14.5,
            "equity": 1557070,
            "current_ratio": 220.59,
            "debt_ratio": 34.3,
            "inventory_turnover_ratio": 1.14,
            "account_receivable_turnover_ratio": 0.92,
            "reinvestment_rate": -30.49,
            "research_to_sale_ratio": 4.36,
            "price_fair": 28.65,
            "eps_avg_yearly": 0.82,
            "eps_latest_yearly": 0.04,
            "eps_growth_yearly": 253.61
        },
        "20181": {
            "year_quarter": 20181,
            "year": 2018,
            "quarter": 1,
            "eps": -0.48,
            "eps_growth_year": -1060,
            "eps_4q": -0.88,
            "eps_4q_growth_year": -205.17,
            "roe": -3.49,
            "roe_4q": -6.28,
            "gross_profit": 17503,
            "gross_margin": 3.34,
            "gross_margin_4q_avg": 6.2,
            "net_income": -53321,
            "net_income_4q": null,
            "revenue": 523915,
            "revenue_4q": null,
            "common_shares": 1109270,
            "book_valuer_per_share": 13.53,
            "book_valuer_per_share_4q_avg": 14.12,
            "equity": 1500684,
            "current_ratio": 194.92,
            "debt_ratio": 39.27,
            "inventory_turnover_ratio": 1.14,
            "account_receivable_turnover_ratio": 1.21,
            "reinvestment_rate": -128.99,
            "research_to_sale_ratio": 3.72,
            "price_fair": 29.17,
            "eps_avg_yearly": 0.83,
            "eps_latest_yearly": 0.04,
            "eps_growth_yearly": 281.41
        },
        "20182": {
            "year_quarter": 20182,
            "year": 2018,
            "quarter": 2,
            "eps": -0.34,
            "eps_growth_year": -666.67,
            "eps_4q": -1.27,
            "eps_4q_growth_year": -285.55,
            "roe": -2.53,
            "roe_4q": -9.23,
            "gross_profit": 36685,
            "gross_margin": 5.91,
            "gross_margin_4q_avg": 4.54,
            "net_income": -37326,
            "net_income_4q": null,
            "revenue": 620899,
            "revenue_4q": null,
            "common_shares": 1109270,
            "book_valuer_per_share": 13.08,
            "book_valuer_per_share_4q_avg": 13.78,
            "equity": 1451225,
            "current_ratio": 192.58,
            "debt_ratio": 39.95,
            "inventory_turnover_ratio": 1.15,
            "account_receivable_turnover_ratio": 1.19,
            "reinvestment_rate": -287.26,
            "research_to_sale_ratio": 3.17,
            "price_fair": 27.87,
            "eps_avg_yearly": 0.8,
            "eps_latest_yearly": 0.04,
            "eps_growth_yearly": 272.91
        },
        "20183": {
            "year_quarter": 20183,
            "year": 2018,
            "quarter": 3,
            "eps": -0.01,
            "eps_growth_year": -200,
            "eps_4q": -1.29,
            "eps_4q_growth_year": -360.94,
            "roe": -0.05,
            "roe_4q": -9.370000000000001,
            "gross_profit": 55420,
            "gross_margin": 8.32,
            "gross_margin_4q_avg": 4.43,
            "net_income": -708,
            "net_income_4q": null,
            "revenue": 665955,
            "revenue_4q": null,
            "common_shares": 1109270,
            "book_valuer_per_share": 12.75,
            "book_valuer_per_share_4q_avg": 13.35,
            "equity": 1414765,
            "current_ratio": 196.8,
            "debt_ratio": 38.86,
            "inventory_turnover_ratio": 1.26,
            "account_receivable_turnover_ratio": 1.13,
            "reinvestment_rate": -2474.76,
            "research_to_sale_ratio": 2.99,
            "price_fair": 20.3,
            "eps_avg_yearly": 0.58,
            "eps_latest_yearly": 0.04,
            "eps_growth_yearly": 244.71
        },
        "20184": {
            "year_quarter": 20184,
            "year": 2018,
            "quarter": 4,
            "eps": -0.89,
            "eps_growth_year": null,
            "eps_4q": -1.71,
            "eps_4q_growth_year": null,
            "roe": -7.25,
            "roe_4q": -13.32,
            "gross_profit": 19253,
            "gross_margin": 3.12,
            "gross_margin_4q_avg": 5.17,
            "net_income": -98468,
            "net_income_4q": null,
            "revenue": 617662,
            "revenue_4q": null,
            "common_shares": 1109270,
            "book_valuer_per_share": 11.72,
            "book_valuer_per_share_4q_avg": 12.77,
            "equity": 1300082,
            "current_ratio": 177.56,
            "debt_ratio": 43.18,
            "inventory_turnover_ratio": 1.27,
            "account_receivable_turnover_ratio": 1.05,
            "reinvestment_rate": null,
            "research_to_sale_ratio": 3.04,
            "price_fair": 21.47,
            "eps_avg_yearly": 0.61,
            "eps_latest_yearly": 0.04,
            "eps_growth_yearly": 312.14
        },
        "20191": {
            "year_quarter": 20191,
            "year": 2019,
            "quarter": 1,
            "eps": -0.3,
            "eps_growth_year": null,
            "eps_4q": -1.53,
            "eps_4q_growth_year": null,
            "roe": -2.55,
            "roe_4q": -12.38,
            "gross_profit": 65241,
            "gross_margin": 9.17,
            "gross_margin_4q_avg": 6.63,
            "net_income": -33108,
            "net_income_4q": null,
            "revenue": 711189,
            "revenue_4q": null,
            "common_shares": 1109270,
            "book_valuer_per_share": 11.73,
            "book_valuer_per_share_4q_avg": 12.32,
            "equity": 1300834,
            "current_ratio": 168.91,
            "debt_ratio": 45.95,
            "inventory_turnover_ratio": 1.24,
            "account_receivable_turnover_ratio": 1.15,
            "reinvestment_rate": null,
            "research_to_sale_ratio": 2.59,
            "price_fair": 18.9,
            "eps_avg_yearly": 0.54,
            "eps_latest_yearly": 0.04,
            "eps_growth_yearly": 186.88
        },
        "20192": {
            "year_quarter": 20192,
            "year": 2019,
            "quarter": 2,
            "eps": -0.07,
            "eps_growth_year": null,
            "eps_4q": -1.26,
            "eps_4q_growth_year": null,
            "roe": -0.61,
            "roe_4q": -10.46,
            "gross_profit": 70222,
            "gross_margin": 10.01,
            "gross_margin_4q_avg": 7.66,
            "net_income": -7877,
            "net_income_4q": null,
            "revenue": 701290,
            "revenue_4q": null,
            "common_shares": 1109270,
            "book_valuer_per_share": 11.62,
            "book_valuer_per_share_4q_avg": 11.96,
            "equity": 1289057,
            "current_ratio": 166,
            "debt_ratio": 46.65,
            "inventory_turnover_ratio": 0.97,
            "account_receivable_turnover_ratio": 1.06,
            "reinvestment_rate": null,
            "research_to_sale_ratio": 2.47,
            "price_fair": 21,
            "eps_avg_yearly": 0.6,
            "eps_latest_yearly": 0.04,
            "eps_growth_yearly": 265
        },
        "20193": {
            "year_quarter": 20193,
            "year": 2019,
            "quarter": 3,
            "eps": 0.38,
            "eps_growth_year": null,
            "eps_4q": -0.88,
            "eps_4q_growth_year": null,
            "roe": 3.21,
            "roe_4q": -7.199999999999999,
            "gross_profit": 101941,
            "gross_margin": 12.03,
            "gross_margin_4q_avg": 8.58,
            "net_income": 41875,
            "net_income_4q": null,
            "revenue": 847658,
            "revenue_4q": null,
            "common_shares": 1109270,
            "book_valuer_per_share": 11.87,
            "book_valuer_per_share_4q_avg": 11.74,
            "equity": 1316785,
            "current_ratio": 174.73,
            "debt_ratio": 43.99,
            "inventory_turnover_ratio": 1.09,
            "account_receivable_turnover_ratio": 1.22,
            "reinvestment_rate": null,
            "research_to_sale_ratio": 1.76,
            "price_fair": 21,
            "eps_avg_yearly": 0.6,
            "eps_latest_yearly": 0.04,
            "eps_growth_yearly": 42.5
        },
        "20194": {
            "year_quarter": 20194,
            "year": 2019,
            "quarter": 4,
            "eps": 0.07,
            "eps_growth_year": null,
            "eps_4q": 0.08,
            "eps_4q_growth_year": null,
            "roe": 0.61,
            "roe_4q": 0.6600000000000001,
            "gross_profit": 73269,
            "gross_margin": 10.36,
            "gross_margin_4q_avg": 10.39,
            "net_income": 7982,
            "net_income_4q": null,
            "revenue": 707079,
            "revenue_4q": null,
            "common_shares": 1109270,
            "book_valuer_per_share": 11.87,
            "book_valuer_per_share_4q_avg": 11.77,
            "equity": 1316315,
            "current_ratio": 188.28,
            "debt_ratio": 40.43,
            "inventory_turnover_ratio": 1.11,
            "account_receivable_turnover_ratio": 1.07,
            "reinvestment_rate": null,
            "research_to_sale_ratio": 2.08,
            "price_fair": 1.66,
            "eps_avg_yearly": 0.55,
            "eps_latest_yearly": 0.28,
            "eps_growth_yearly": -10.19
        },
        "20201": {
            "year_quarter": 20201,
            "year": 2020,
            "quarter": 1,
            "eps": 0.15,
            "eps_growth_year": null,
            "eps_4q": 0.53,
            "eps_4q_growth_year": null,
            "roe": 1.26,
            "roe_4q": 4.47,
            "gross_profit": 73016,
            "gross_margin": 11.79,
            "gross_margin_4q_avg": 11.05,
            "net_income": 16582,
            "net_income_4q": null,
            "revenue": 619110,
            "revenue_4q": null,
            "common_shares": 1109270,
            "book_valuer_per_share": 11.87,
            "book_valuer_per_share_4q_avg": 11.81,
            "equity": 1317132,
            "current_ratio": 199.45,
            "debt_ratio": 38.27,
            "inventory_turnover_ratio": 1.14,
            "account_receivable_turnover_ratio": 1.09,
            "reinvestment_rate": null,
            "research_to_sale_ratio": 2.1,
            "price_fair": 19.6,
            "eps_avg_yearly": 0.56,
            "eps_latest_yearly": 0.6,
            "eps_growth_yearly": 48.23
        },
        "20202": {
            "year_quarter": 20202,
            "year": 2020,
            "quarter": 2,
            "eps": -0.08,
            "eps_growth_year": null,
            "eps_4q": 0.52,
            "eps_4q_growth_year": null,
            "roe": -0.7,
            "roe_4q": 4.38,
            "gross_profit": 48465,
            "gross_margin": 11.23,
            "gross_margin_4q_avg": 11.35,
            "net_income": -9179,
            "net_income_4q": null,
            "revenue": 431725,
            "revenue_4q": null,
            "common_shares": 1109270,
            "book_valuer_per_share": 11.76,
            "book_valuer_per_share_4q_avg": 11.84,
            "equity": 1304723,
            "current_ratio": 230.81,
            "debt_ratio": 32.03,
            "inventory_turnover_ratio": 0.92,
            "account_receivable_turnover_ratio": 0.89,
            "reinvestment_rate": null,
            "research_to_sale_ratio": 2.93,
            "price_fair": 1.56,
            "eps_avg_yearly": 0.52,
            "eps_latest_yearly": 0.6,
            "eps_growth_yearly": -21.07
        },
        "20203": {
            "year_quarter": 20203,
            "year": 2020,
            "quarter": 3,
            "eps": 0.33,
            "eps_growth_year": -13.16,
            "eps_4q": 0.47,
            "eps_4q_growth_year": null,
            "roe": 2.76,
            "roe_4q": 3.9299999999999993,
            "gross_profit": 99105,
            "gross_margin": 14.63,
            "gross_margin_4q_avg": 12,
            "net_income": 36818,
            "net_income_4q": null,
            "revenue": 677230,
            "revenue_4q": null,
            "common_shares": 1109270,
            "book_valuer_per_share": 12.32,
            "book_valuer_per_share_4q_avg": 11.96,
            "equity": 1366739,
            "current_ratio": 196.73,
            "debt_ratio": 38.98,
            "inventory_turnover_ratio": 1.41,
            "account_receivable_turnover_ratio": 1.35,
            "reinvestment_rate": null,
            "research_to_sale_ratio": 1.82,
            "price_fair": 1.42,
            "eps_avg_yearly": 0.47,
            "eps_latest_yearly": 0.6,
            "eps_growth_yearly": -21.41
        },
        "20204": {
            "year_quarter": 20204,
            "year": 2020,
            "quarter": 4,
            "eps": 0.02,
            "eps_growth_year": -68,
            "eps_4q": 0.42,
            "eps_4q_growth_year": 427.22,
            "roe": 0.19,
            "roe_4q": 3.51,
            "gross_profit": 70173,
            "gross_margin": 12.3,
            "gross_margin_4q_avg": 12.49,
            "net_income": 2554,
            "net_income_4q": null,
            "revenue": 570361,
            "revenue_4q": null,
            "common_shares": 1109270,
            "book_valuer_per_share": 12.41,
            "book_valuer_per_share_4q_avg": 12.09,
            "equity": 1376748,
            "current_ratio": 205.91,
            "debt_ratio": 40.08,
            "inventory_turnover_ratio": 1.12,
            "account_receivable_turnover_ratio": 1.02,
            "reinvestment_rate": null,
            "research_to_sale_ratio": 2.47,
            "price_fair": 0.72,
            "eps_avg_yearly": 0.24,
            "eps_latest_yearly": 0.08,
            "eps_growth_yearly": -140.7
        },
        "20211": {
            "year_quarter": 20211,
            "year": 2021,
            "quarter": 1,
            "eps": 1.62,
            "eps_growth_year": 980,
            "eps_4q": 1.89,
            "eps_4q_growth_year": 258.81,
            "roe": 12.23,
            "roe_4q": 14.48,
            "gross_profit": 46201,
            "gross_margin": 9.58,
            "gross_margin_4q_avg": 11.94,
            "net_income": 179933,
            "net_income_4q": null,
            "revenue": 482483,
            "revenue_4q": null,
            "common_shares": 1109270,
            "book_valuer_per_share": 14.11,
            "book_valuer_per_share_4q_avg": 12.65,
            "equity": 1565216,
            "current_ratio": 243.72,
            "debt_ratio": 36.95,
            "inventory_turnover_ratio": 0.95,
            "account_receivable_turnover_ratio": 0.97,
            "reinvestment_rate": -18912.51,
            "research_to_sale_ratio": 2.14,
            "price_fair": 45.03,
            "eps_avg_yearly": 1.29,
            "eps_latest_yearly": 6.48,
            "eps_growth_yearly": 5250.29
        },
        "20212": {
            "year_quarter": 20212,
            "year": 2021,
            "quarter": 2,
            "eps": -0.22,
            "eps_growth_year": null,
            "eps_4q": 1.75,
            "eps_4q_growth_year": 239.3,
            "roe": -1.61,
            "roe_4q": 13.57,
            "gross_profit": 27712,
            "gross_margin": 7.19,
            "gross_margin_4q_avg": 10.93,
            "net_income": -25020,
            "net_income_4q": null,
            "revenue": 385331,
            "revenue_4q": null,
            "common_shares": 1109270,
            "book_valuer_per_share": 13.84,
            "book_valuer_per_share_4q_avg": 13.17,
            "equity": 1535200,
            "current_ratio": 284.23,
            "debt_ratio": 32.03,
            "inventory_turnover_ratio": 0.83,
            "account_receivable_turnover_ratio": 0.93,
            "reinvestment_rate": null,
            "research_to_sale_ratio": 2.26,
            "price_fair": 52.36,
            "eps_avg_yearly": 1.5,
            "eps_latest_yearly": 6.48,
            "eps_growth_yearly": 6284.35
        },
        "20213": {
            "year_quarter": 20213,
            "year": 2021,
            "quarter": 3,
            "eps": -0.18,
            "eps_growth_year": -154.55,
            "eps_4q": 1.23,
            "eps_4q_growth_year": 162.31,
            "roe": -1.36,
            "roe_4q": 9.45,
            "gross_profit": 12911,
            "gross_margin": 4.01,
            "gross_margin_4q_avg": 8.27,
            "net_income": -20531,
            "net_income_4q": null,
            "revenue": 321868,
            "revenue_4q": null,
            "common_shares": 1109270,
            "book_valuer_per_share": 13.38,
            "book_valuer_per_share_4q_avg": 13.44,
            "equity": 1484485,
            "current_ratio": 332.2,
            "debt_ratio": 29.97,
            "inventory_turnover_ratio": 0.82,
            "account_receivable_turnover_ratio": 1.05,
            "reinvestment_rate": null,
            "research_to_sale_ratio": 2.6,
            "price_fair": 65.1,
            "eps_avg_yearly": 1.86,
            "eps_latest_yearly": 6.48,
            "eps_growth_yearly": 7938.77
        },
        "20214": {
            "year_quarter": 20214,
            "year": 2021,
            "quarter": 4,
            "eps": -0.18,
            "eps_growth_year": -869.43,
            "eps_4q": 1.03,
            "eps_4q_growth_year": 145.28,
            "roe": -1.33,
            "roe_4q": 7.93,
            "gross_profit": 2461,
            "gross_margin": 0.65,
            "gross_margin_4q_avg": 5.36,
            "net_income": -19651,
            "net_income_4q": null,
            "revenue": 377014,
            "revenue_4q": null,
            "common_shares": 1109270,
            "book_valuer_per_share": 13.28,
            "book_valuer_per_share_4q_avg": 13.65,
            "equity": 1473153,
            "current_ratio": 316.63,
            "debt_ratio": 28.88,
            "inventory_turnover_ratio": 1.16,
            "account_receivable_turnover_ratio": 1.33,
            "reinvestment_rate": null,
            "research_to_sale_ratio": 2.16,
            "price_fair": 65.1,
            "eps_avg_yearly": 1.86,
            "eps_latest_yearly": 6.48,
            "eps_growth_yearly": 7938.77
        },
        "20221": {
            "year_quarter": 20221,
            "year": 2022,
            "quarter": 1,
            "eps": -0.11,
            "eps_growth_year": -106.79,
            "eps_4q": -0.7,
            "eps_4q_growth_year": -137.09,
            "roe": -0.86,
            "roe_4q": -5.16,
            "gross_profit": 15508,
            "gross_margin": 6.22,
            "gross_margin_4q_avg": 4.52,
            "net_income": -12728,
            "net_income_4q": null,
            "revenue": 249320,
            "revenue_4q": null,
            "common_shares": 1109270,
            "book_valuer_per_share": 13.35,
            "book_valuer_per_share_4q_avg": 13.46,
            "equity": 1480773,
            "current_ratio": 334.71,
            "debt_ratio": 27.92,
            "inventory_turnover_ratio": 0.79,
            "account_receivable_turnover_ratio": 0.9,
            "reinvestment_rate": -942.24,
            "research_to_sale_ratio": 2.56,
            "price_fair": 65.1,
            "eps_avg_yearly": 1.86,
            "eps_latest_yearly": 6.48,
            "eps_growth_yearly": 7938.77
        },
        "20222": {
            "year_quarter": 20222,
            "year": 2022,
            "quarter": 2,
            "eps": 0.06,
            "eps_growth_year": null,
            "eps_4q": -0.42,
            "eps_4q_growth_year": -123.8,
            "roe": 0.46,
            "roe_4q": -3.09,
            "gross_profit": 18291,
            "gross_margin": 6.74,
            "gross_margin_4q_avg": 4.41,
            "net_income": 6665,
            "net_income_4q": null,
            "revenue": 271343,
            "revenue_4q": null,
            "common_shares": 1109270,
            "book_valuer_per_share": 12.85,
            "book_valuer_per_share_4q_avg": 13.22,
            "equity": 1425211,
            "current_ratio": 344.85,
            "debt_ratio": 28.13,
            "inventory_turnover_ratio": 0.86,
            "account_receivable_turnover_ratio": 1.09,
            "reinvestment_rate": -298.37,
            "research_to_sale_ratio": 2.28,
            "price_fair": 65.1,
            "eps_avg_yearly": 1.86,
            "eps_latest_yearly": 6.48,
            "eps_growth_yearly": 7938.77
        },
        "20223": {
            "year_quarter": 20223,
            "year": 2022,
            "quarter": 3,
            "eps": 0.01,
            "eps_growth_year": null,
            "eps_4q": -0.22,
            "eps_4q_growth_year": -117.78,
            "roe": 0.1,
            "roe_4q": -1.63,
            "gross_profit": 14590,
            "gross_margin": 4.88,
            "gross_margin_4q_avg": 4.62,
            "net_income": 1367,
            "net_income_4q": null,
            "revenue": 298914,
            "revenue_4q": null,
            "common_shares": 1109270,
            "book_valuer_per_share": 12.96,
            "book_valuer_per_share_4q_avg": 13.11,
            "equity": 1437079,
            "current_ratio": 375.2,
            "debt_ratio": 27.98,
            "inventory_turnover_ratio": 1.07,
            "account_receivable_turnover_ratio": 1.15,
            "reinvestment_rate": -264.31,
            "research_to_sale_ratio": 2.01,
            "price_fair": 52.36,
            "eps_avg_yearly": 1.5,
            "eps_latest_yearly": 0.04,
            "eps_growth_yearly": 6284.35
        },
        "20224": {
            "year_quarter": 20224,
            "year": 2022,
            "quarter": 4,
            "eps": 0.14,
            "eps_growth_year": null,
            "eps_4q": 0.09,
            "eps_4q_growth_year": -90.92,
            "roe": 1.05,
            "roe_4q": 0.7500000000000001,
            "gross_profit": 6070,
            "gross_margin": 3.35,
            "gross_margin_4q_avg": 5.3,
            "net_income": 15113,
            "net_income_4q": null,
            "revenue": 181057,
            "revenue_4q": null,
            "common_shares": 1109270,
            "book_valuer_per_share": 13.04,
            "book_valuer_per_share_4q_avg": 13.05,
            "equity": 1446558,
            "current_ratio": 399.1,
            "debt_ratio": 23.13,
            "inventory_turnover_ratio": 0.71,
            "account_receivable_turnover_ratio": 0.8,
            "reinvestment_rate": -97.83,
            "research_to_sale_ratio": 3.43,
            "price_fair": 46.9,
            "eps_avg_yearly": 1.34,
            "eps_latest_yearly": 0.56,
            "eps_growth_yearly": 6103.62
        },
        "20231": {
            "year_quarter": 20231,
            "year": 2023,
            "quarter": 1,
            "eps": -0.17,
            "eps_growth_year": null,
            "eps_4q": 0.04,
            "eps_4q_growth_year": null,
            "roe": -1.33,
            "roe_4q": 0.28,
            "gross_profit": -562,
            "gross_margin": -0.36,
            "gross_margin_4q_avg": 3.65,
            "net_income": -19105,
            "net_income_4q": null,
            "revenue": 157364,
            "revenue_4q": null,
            "common_shares": 1109270,
            "book_valuer_per_share": 12.94,
            "book_valuer_per_share_4q_avg": 12.95,
            "equity": 1435681,
            "current_ratio": 480.85,
            "debt_ratio": 19.81,
            "inventory_turnover_ratio": 0.64,
            "account_receivable_turnover_ratio": 0.94,
            "reinvestment_rate": -93.51,
            "research_to_sale_ratio": 3.81,
            "price_fair": 46.9,
            "eps_avg_yearly": 1.34,
            "eps_latest_yearly": 0.56,
            "eps_growth_yearly": 6103.62
        },
        "20232": {
            "year_quarter": 20232,
            "year": 2023,
            "quarter": 2,
            "eps": -0.15,
            "eps_growth_year": -350,
            "eps_4q": -0.17,
            "eps_4q_growth_year": null,
            "roe": -1.16,
            "roe_4q": -1.34,
            "gross_profit": -5032,
            "gross_margin": -3.72,
            "gross_margin_4q_avg": 1.04,
            "net_income": -16457,
            "net_income_4q": null,
            "revenue": 135450,
            "revenue_4q": null,
            "common_shares": 1109270,
            "book_valuer_per_share": 12.58,
            "book_valuer_per_share_4q_avg": 12.88,
            "equity": 1395267,
            "current_ratio": 474.76,
            "debt_ratio": 17.92,
            "inventory_turnover_ratio": 0.62,
            "account_receivable_turnover_ratio": 0.99,
            "reinvestment_rate": -97.56,
            "research_to_sale_ratio": 4.22,
            "price_fair": 46.9,
            "eps_avg_yearly": 1.34,
            "eps_latest_yearly": 0.56,
            "eps_growth_yearly": 6103.62
        }
    },
    "months": {
        "2001-06": {
            "month": "2001-06",
            "price": "21.24",
            "revenue": 136142
        },
        "2001-07": {
            "month": "2001-07",
            "price": "12.42",
            "revenue": 125686
        },
        "2001-08": {
            "month": "2001-08",
            "price": "12.20",
            "revenue": 175449
        },
        "2001-09": {
            "month": "2001-09",
            "price": "8.95",
            "revenue": 206230
        },
        "2001-10": {
            "month": "2001-10",
            "price": "8.49",
            "revenue": 184058
        },
        "2001-11": {
            "month": "2001-11",
            "price": "10.19",
            "revenue": 150419
        },
        "2001-12": {
            "month": "2001-12",
            "price": "12.41",
            "revenue": 139038
        },
        "2002-01": {
            "month": "2002-01",
            "price": "18.46",
            "revenue": 153384
        },
        "2002-02": {
            "month": "2002-02",
            "price": "23.75",
            "revenue": 128814
        },
        "2002-03": {
            "month": "2002-03",
            "price": "23.59",
            "revenue": 157642
        },
        "2002-04": {
            "month": "2002-04",
            "price": "23.53",
            "revenue": 145536
        },
        "2002-05": {
            "month": "2002-05",
            "price": "19.61",
            "revenue": 130030
        },
        "2002-06": {
            "month": "2002-06",
            "price": "18.28",
            "revenue": 120224
        },
        "2002-07": {
            "month": "2002-07",
            "price": "15.25",
            "revenue": 102345
        },
        "2002-08": {
            "month": "2002-08",
            "price": "14.67",
            "revenue": 134629
        },
        "2002-09": {
            "month": "2002-09",
            "price": "14.26",
            "revenue": 137424
        },
        "2002-10": {
            "month": "2002-10",
            "price": "13.10",
            "revenue": 150061
        },
        "2002-11": {
            "month": "2002-11",
            "price": "16.00",
            "revenue": 121139
        },
        "2002-12": {
            "month": "2002-12",
            "price": "15.95",
            "revenue": 95190
        },
        "2003-01": {
            "month": "2003-01",
            "price": "15.08",
            "revenue": 114547
        },
        "2003-02": {
            "month": "2003-02",
            "price": "13.48",
            "revenue": 87650
        },
        "2003-03": {
            "month": "2003-03",
            "price": "12.70",
            "revenue": 119934
        },
        "2003-04": {
            "month": "2003-04",
            "price": "12.93",
            "revenue": 153665
        },
        "2003-05": {
            "month": "2003-05",
            "price": "13.35",
            "revenue": 116501
        },
        "2003-06": {
            "month": "2003-06",
            "price": "14.68",
            "revenue": 106287
        },
        "2003-07": {
            "month": "2003-07",
            "price": "15.16",
            "revenue": 134398
        },
        "2003-08": {
            "month": "2003-08",
            "price": "13.33",
            "revenue": 157634
        },
        "2003-09": {
            "month": "2003-09",
            "price": "12.53",
            "revenue": 169422
        },
        "2003-10": {
            "month": "2003-10",
            "price": "12.74",
            "revenue": 161308
        },
        "2003-11": {
            "month": "2003-11",
            "price": "12.68",
            "revenue": 170656
        },
        "2003-12": {
            "month": "2003-12",
            "price": "12.80",
            "revenue": 150717
        },
        "2004-01": {
            "month": "2004-01",
            "price": "13.69",
            "revenue": 123861
        },
        "2004-02": {
            "month": "2004-02",
            "price": "14.36",
            "revenue": 162678
        },
        "2004-03": {
            "month": "2004-03",
            "price": "13.59",
            "revenue": 201636
        },
        "2004-04": {
            "month": "2004-04",
            "price": "13.43",
            "revenue": 208964
        },
        "2004-05": {
            "month": "2004-05",
            "price": "10.30",
            "revenue": 202703
        },
        "2004-06": {
            "month": "2004-06",
            "price": "10.10",
            "revenue": 199073
        },
        "2004-07": {
            "month": "2004-07",
            "price": "9.46",
            "revenue": 181671
        },
        "2004-08": {
            "month": "2004-08",
            "price": "8.28",
            "revenue": 198872
        },
        "2004-09": {
            "month": "2004-09",
            "price": "8.40",
            "revenue": 181880
        },
        "2004-10": {
            "month": "2004-10",
            "price": "8.10",
            "revenue": 236771
        },
        "2004-11": {
            "month": "2004-11",
            "price": "7.92",
            "revenue": 231666
        },
        "2004-12": {
            "month": "2004-12",
            "price": "7.75",
            "revenue": 226053
        },
        "2005-01": {
            "month": "2005-01",
            "price": "7.65",
            "revenue": 270368
        },
        "2005-02": {
            "month": "2005-02",
            "price": "9.33",
            "revenue": 251631
        },
        "2005-03": {
            "month": "2005-03",
            "price": "12.78",
            "revenue": 380645
        },
        "2005-04": {
            "month": "2005-04",
            "price": "13.88",
            "revenue": 333688
        },
        "2005-05": {
            "month": "2005-05",
            "price": "11.96",
            "revenue": 218128
        },
        "2005-06": {
            "month": "2005-06",
            "price": "11.98",
            "revenue": 191501
        },
        "2005-07": {
            "month": "2005-07",
            "price": "13.96",
            "revenue": 216414
        },
        "2005-08": {
            "month": "2005-08",
            "price": "12.26",
            "revenue": 227831
        },
        "2005-09": {
            "month": "2005-09",
            "price": "11.36",
            "revenue": 204324
        },
        "2005-10": {
            "month": "2005-10",
            "price": "9.58",
            "revenue": 242877
        },
        "2005-11": {
            "month": "2005-11",
            "price": "10.19",
            "revenue": 212130
        },
        "2005-12": {
            "month": "2005-12",
            "price": "11.68",
            "revenue": 166119
        },
        "2006-01": {
            "month": "2006-01",
            "price": "11.48",
            "revenue": 210605
        },
        "2006-02": {
            "month": "2006-02",
            "price": "11.37",
            "revenue": 232395
        },
        "2006-03": {
            "month": "2006-03",
            "price": "11.26",
            "revenue": 193917
        },
        "2006-04": {
            "month": "2006-04",
            "price": "11.47",
            "revenue": 200120
        },
        "2006-05": {
            "month": "2006-05",
            "price": "10.91",
            "revenue": 172803
        },
        "2006-06": {
            "month": "2006-06",
            "price": "9.38",
            "revenue": 157836
        },
        "2006-07": {
            "month": "2006-07",
            "price": "8.86",
            "revenue": 147570
        },
        "2006-08": {
            "month": "2006-08",
            "price": "8.30",
            "revenue": 193668
        },
        "2006-09": {
            "month": "2006-09",
            "price": "7.92",
            "revenue": 180741
        },
        "2006-10": {
            "month": "2006-10",
            "price": "9.18",
            "revenue": 161457
        },
        "2006-11": {
            "month": "2006-11",
            "price": "9.10",
            "revenue": 166871
        },
        "2006-12": {
            "month": "2006-12",
            "price": "9.99",
            "revenue": 106688
        },
        "2007-01": {
            "month": "2007-01",
            "price": "10.92",
            "revenue": 110710
        },
        "2007-02": {
            "month": "2007-02",
            "price": "11.18",
            "revenue": 98622
        },
        "2007-03": {
            "month": "2007-03",
            "price": "11.23",
            "revenue": 106964
        },
        "2007-04": {
            "month": "2007-04",
            "price": "11.52",
            "revenue": 133963
        },
        "2007-05": {
            "month": "2007-05",
            "price": "10.53",
            "revenue": 141371
        },
        "2007-06": {
            "month": "2007-06",
            "price": "11.73",
            "revenue": 140462
        },
        "2007-07": {
            "month": "2007-07",
            "price": "13.51",
            "revenue": 180754
        },
        "2007-08": {
            "month": "2007-08",
            "price": "12.88",
            "revenue": 150965
        },
        "2007-09": {
            "month": "2007-09",
            "price": "11.84",
            "revenue": 143733
        },
        "2007-10": {
            "month": "2007-10",
            "price": "12.56",
            "revenue": 165383
        },
        "2007-11": {
            "month": "2007-11",
            "price": "11.84",
            "revenue": 135868
        },
        "2007-12": {
            "month": "2007-12",
            "price": "10.81",
            "revenue": 127272
        },
        "2008-01": {
            "month": "2008-01",
            "price": "9.25",
            "revenue": 160948
        },
        "2008-02": {
            "month": "2008-02",
            "price": "8.88",
            "revenue": 141372
        },
        "2008-03": {
            "month": "2008-03",
            "price": "9.64",
            "revenue": 210371
        },
        "2008-04": {
            "month": "2008-04",
            "price": "10.18",
            "revenue": 243856
        },
        "2008-05": {
            "month": "2008-05",
            "price": "10.82",
            "revenue": 173831
        },
        "2008-06": {
            "month": "2008-06",
            "price": "9.89",
            "revenue": 212114
        },
        "2008-07": {
            "month": "2008-07",
            "price": "8.73",
            "revenue": 237543
        },
        "2008-08": {
            "month": "2008-08",
            "price": "8.63",
            "revenue": 237241
        },
        "2008-09": {
            "month": "2008-09",
            "price": "6.65",
            "revenue": 168233
        },
        "2008-10": {
            "month": "2008-10",
            "price": "4.34",
            "revenue": 211976
        },
        "2008-11": {
            "month": "2008-11",
            "price": "4.20",
            "revenue": 131537
        },
        "2008-12": {
            "month": "2008-12",
            "price": "4.45",
            "revenue": 153244
        },
        "2009-01": {
            "month": "2009-01",
            "price": "4.38",
            "revenue": 155957
        },
        "2009-02": {
            "month": "2009-02",
            "price": "4.20",
            "revenue": 253520
        },
        "2009-03": {
            "month": "2009-03",
            "price": "6.65",
            "revenue": 338979
        },
        "2009-04": {
            "month": "2009-04",
            "price": "11.08",
            "revenue": 393872
        },
        "2009-05": {
            "month": "2009-05",
            "price": "14.28",
            "revenue": 383097
        },
        "2009-06": {
            "month": "2009-06",
            "price": "13.42",
            "revenue": 295186
        },
        "2009-07": {
            "month": "2009-07",
            "price": "14.12",
            "revenue": 259078
        },
        "2009-08": {
            "month": "2009-08",
            "price": "14.10",
            "revenue": 221660
        },
        "2009-09": {
            "month": "2009-09",
            "price": "14.52",
            "revenue": 252965
        },
        "2009-10": {
            "month": "2009-10",
            "price": "14.81",
            "revenue": 318338
        },
        "2009-11": {
            "month": "2009-11",
            "price": "17.91",
            "revenue": 274228
        },
        "2009-12": {
            "month": "2009-12",
            "price": "22.08",
            "revenue": 208843
        },
        "2010-01": {
            "month": "2010-01",
            "price": "23.40",
            "revenue": 339036
        },
        "2010-02": {
            "month": "2010-02",
            "price": "20.15",
            "revenue": 222871
        },
        "2010-03": {
            "month": "2010-03",
            "price": "22.50",
            "revenue": 266787
        },
        "2010-04": {
            "month": "2010-04",
            "price": "22.21",
            "revenue": 365479
        },
        "2010-05": {
            "month": "2010-05",
            "price": "18.69",
            "revenue": 438348
        },
        "2010-06": {
            "month": "2010-06",
            "price": "19.08",
            "revenue": 294336
        },
        "2010-07": {
            "month": "2010-07",
            "price": "21.62",
            "revenue": 309528
        },
        "2010-08": {
            "month": "2010-08",
            "price": "21.59",
            "revenue": 333495
        },
        "2010-09": {
            "month": "2010-09",
            "price": "22.51",
            "revenue": 283088
        },
        "2010-10": {
            "month": "2010-10",
            "price": "20.16",
            "revenue": 298679
        },
        "2010-11": {
            "month": "2010-11",
            "price": "17.59",
            "revenue": 174403
        },
        "2010-12": {
            "month": "2010-12",
            "price": "18.00",
            "revenue": 215827
        },
        "2011-01": {
            "month": "2011-01",
            "price": "17.11",
            "revenue": 198981
        },
        "2011-02": {
            "month": "2011-02",
            "price": "16.18",
            "revenue": 153096
        },
        "2011-03": {
            "month": "2011-03",
            "price": "14.96",
            "revenue": 212078
        },
        "2011-04": {
            "month": "2011-04",
            "price": "14.61",
            "revenue": 153710
        },
        "2011-05": {
            "month": "2011-05",
            "price": "13.47",
            "revenue": 248959
        },
        "2011-06": {
            "month": "2011-06",
            "price": "12.85",
            "revenue": 168017
        },
        "2011-07": {
            "month": "2011-07",
            "price": "11.45",
            "revenue": 139704
        },
        "2011-08": {
            "month": "2011-08",
            "price": "9.14",
            "revenue": 185468
        },
        "2011-09": {
            "month": "2011-09",
            "price": "7.93",
            "revenue": 169954
        },
        "2011-10": {
            "month": "2011-10",
            "price": "8.10",
            "revenue": 225598
        },
        "2011-11": {
            "month": "2011-11",
            "price": "7.67",
            "revenue": 226311
        },
        "2011-12": {
            "month": "2011-12",
            "price": "6.86",
            "revenue": 133691
        },
        "2012-01": {
            "month": "2012-01",
            "price": "7.07",
            "revenue": 160447
        },
        "2012-02": {
            "month": "2012-02",
            "price": "8.58",
            "revenue": 194444
        },
        "2012-03": {
            "month": "2012-03",
            "price": "9.44",
            "revenue": 271623
        },
        "2012-04": {
            "month": "2012-04",
            "price": "8.60",
            "revenue": 201530
        },
        "2012-05": {
            "month": "2012-05",
            "price": "7.57",
            "revenue": 162202
        },
        "2012-06": {
            "month": "2012-06",
            "price": "7.00",
            "revenue": 176426
        },
        "2012-07": {
            "month": "2012-07",
            "price": "7.06",
            "revenue": 186167
        },
        "2012-08": {
            "month": "2012-08",
            "price": "7.16",
            "revenue": 316328
        },
        "2012-09": {
            "month": "2012-09",
            "price": "7.44",
            "revenue": 183695
        },
        "2012-10": {
            "month": "2012-10",
            "price": "7.02",
            "revenue": 252865
        },
        "2012-11": {
            "month": "2012-11",
            "price": "6.09",
            "revenue": 208552
        },
        "2012-12": {
            "month": "2012-12",
            "price": "6.61",
            "revenue": 135170
        },
        "2013-01": {
            "month": "2013-01",
            "price": "6.84",
            "revenue": 210492
        },
        "2013-02": {
            "month": "2013-02",
            "price": "6.93",
            "revenue": 144341
        },
        "2013-03": {
            "month": "2013-03",
            "price": "7.16",
            "revenue": 200649
        },
        "2013-04": {
            "month": "2013-04",
            "price": "7.34",
            "revenue": 182991
        },
        "2013-05": {
            "month": "2013-05",
            "price": "7.95",
            "revenue": 185859
        },
        "2013-06": {
            "month": "2013-06",
            "price": "9.49",
            "revenue": 161198
        },
        "2013-07": {
            "month": "2013-07",
            "price": "9.06",
            "revenue": 202707
        },
        "2013-08": {
            "month": "2013-08",
            "price": "9.05",
            "revenue": 281648
        },
        "2013-09": {
            "month": "2013-09",
            "price": "8.90",
            "revenue": 275676
        },
        "2013-10": {
            "month": "2013-10",
            "price": "10.32",
            "revenue": 271633
        },
        "2013-11": {
            "month": "2013-11",
            "price": "13.87",
            "revenue": 234882
        },
        "2013-12": {
            "month": "2013-12",
            "price": "15.33",
            "revenue": 216844
        },
        "2014-01": {
            "month": "2014-01",
            "price": "23.40",
            "revenue": 251713
        },
        "2014-02": {
            "month": "2014-02",
            "price": "26.17",
            "revenue": 260183
        },
        "2014-03": {
            "month": "2014-03",
            "price": "24.19",
            "revenue": 336115
        },
        "2014-04": {
            "month": "2014-04",
            "price": "26.54",
            "revenue": 341784
        },
        "2014-05": {
            "month": "2014-05",
            "price": "25.27",
            "revenue": 357351
        },
        "2014-06": {
            "month": "2014-06",
            "price": "25.62",
            "revenue": 301335
        },
        "2014-07": {
            "month": "2014-07",
            "price": "24.84",
            "revenue": 438682
        },
        "2014-08": {
            "month": "2014-08",
            "price": "24.73",
            "revenue": 389523
        },
        "2014-09": {
            "month": "2014-09",
            "price": "23.55",
            "revenue": 436134
        },
        "2014-10": {
            "month": "2014-10",
            "price": "18.85",
            "revenue": 466727
        },
        "2014-11": {
            "month": "2014-11",
            "price": "22.00",
            "revenue": 385122
        },
        "2014-12": {
            "month": "2014-12",
            "price": "23.61",
            "revenue": 344474
        },
        "2015-01": {
            "month": "2015-01",
            "price": "24.35",
            "revenue": 457863
        },
        "2015-02": {
            "month": "2015-02",
            "price": "24.32",
            "revenue": 351822
        },
        "2015-03": {
            "month": "2015-03",
            "price": "28.10",
            "revenue": 401916
        },
        "2015-04": {
            "month": "2015-04",
            "price": "23.94",
            "revenue": 332215
        },
        "2015-05": {
            "month": "2015-05",
            "price": "20.88",
            "revenue": 266515
        },
        "2015-06": {
            "month": "2015-06",
            "price": "19.14",
            "revenue": 243572
        },
        "2015-07": {
            "month": "2015-07",
            "price": "18.11",
            "revenue": 264176
        },
        "2015-08": {
            "month": "2015-08",
            "price": "12.90",
            "revenue": 231253
        },
        "2015-09": {
            "month": "2015-09",
            "price": "12.63",
            "revenue": 310988
        },
        "2015-10": {
            "month": "2015-10",
            "price": "14.15",
            "revenue": 301453
        },
        "2015-11": {
            "month": "2015-11",
            "price": "15.33",
            "revenue": 263959
        },
        "2015-12": {
            "month": "2015-12",
            "price": "14.86",
            "revenue": 209841
        },
        "2016-01": {
            "month": "2016-01",
            "price": "13.99",
            "revenue": 277005
        },
        "2016-02": {
            "month": "2016-02",
            "price": "14.80",
            "revenue": 235935
        },
        "2016-03": {
            "month": "2016-03",
            "price": "14.93",
            "revenue": 311858
        },
        "2016-04": {
            "month": "2016-04",
            "price": "14.31",
            "revenue": 227053
        },
        "2016-05": {
            "month": "2016-05",
            "price": "13.06",
            "revenue": 225527
        },
        "2016-06": {
            "month": "2016-06",
            "price": "12.97",
            "revenue": 217732
        },
        "2016-07": {
            "month": "2016-07",
            "price": "13.03",
            "revenue": 227388
        },
        "2016-08": {
            "month": "2016-08",
            "price": "13.43",
            "revenue": 285583
        },
        "2016-09": {
            "month": "2016-09",
            "price": "14.06",
            "revenue": 287738
        },
        "2016-10": {
            "month": "2016-10",
            "price": "14.54",
            "revenue": 260963
        },
        "2016-11": {
            "month": "2016-11",
            "price": "13.08",
            "revenue": 276815
        },
        "2016-12": {
            "month": "2016-12",
            "price": "14.18",
            "revenue": 202027
        },
        "2017-01": {
            "month": "2017-01",
            "price": "13.98",
            "revenue": 222650
        },
        "2017-02": {
            "month": "2017-02",
            "price": "15.78",
            "revenue": 210235
        },
        "2017-03": {
            "month": "2017-03",
            "price": "15.29",
            "revenue": 279311
        },
        "2017-04": {
            "month": "2017-04",
            "price": "15.09",
            "revenue": 229609
        },
        "2017-05": {
            "month": "2017-05",
            "price": "15.34",
            "revenue": 217602
        },
        "2017-06": {
            "month": "2017-06",
            "price": "15.43",
            "revenue": 187421
        },
        "2017-07": {
            "month": "2017-07",
            "price": "14.91",
            "revenue": 169207
        },
        "2017-08": {
            "month": "2017-08",
            "price": "14.90",
            "revenue": 208402
        },
        "2017-09": {
            "month": "2017-09",
            "price": "17.24",
            "revenue": 174059
        },
        "2017-10": {
            "month": "2017-10",
            "price": "17.48",
            "revenue": 131753
        },
        "2017-11": {
            "month": "2017-11",
            "price": "16.95",
            "revenue": 157038
        },
        "2017-12": {
            "month": "2017-12",
            "price": "15.55",
            "revenue": 115033
        },
        "2018-01": {
            "month": "2018-01",
            "price": "15.39",
            "revenue": 181386
        },
        "2018-02": {
            "month": "2018-02",
            "price": "13.40",
            "revenue": 142456
        },
        "2018-03": {
            "month": "2018-03",
            "price": "15.07",
            "revenue": 200097
        },
        "2018-04": {
            "month": "2018-04",
            "price": "13.73",
            "revenue": 225474
        },
        "2018-05": {
            "month": "2018-05",
            "price": "13.52",
            "revenue": 193786
        },
        "2018-06": {
            "month": "2018-06",
            "price": "14.14",
            "revenue": 201775
        },
        "2018-07": {
            "month": "2018-07",
            "price": "13.08",
            "revenue": 218275
        },
        "2018-08": {
            "month": "2018-08",
            "price": "11.12",
            "revenue": 205192
        },
        "2018-09": {
            "month": "2018-09",
            "price": "10.51",
            "revenue": 242824
        },
        "2018-10": {
            "month": "2018-10",
            "price": "8.92",
            "revenue": 236541
        },
        "2018-11": {
            "month": "2018-11",
            "price": "8.65",
            "revenue": 220108
        },
        "2018-12": {
            "month": "2018-12",
            "price": "9.12",
            "revenue": 161309
        },
        "2019-01": {
            "month": "2019-01",
            "price": "8.88",
            "revenue": 255881
        },
        "2019-02": {
            "month": "2019-02",
            "price": "10.02",
            "revenue": 224174
        },
        "2019-03": {
            "month": "2019-03",
            "price": "12.23",
            "revenue": 231265
        },
        "2019-04": {
            "month": "2019-04",
            "price": "11.47",
            "revenue": 259254
        },
        "2019-05": {
            "month": "2019-05",
            "price": "10.18",
            "revenue": 206009
        },
        "2019-06": {
            "month": "2019-06",
            "price": "10.00",
            "revenue": 235987
        },
        "2019-07": {
            "month": "2019-07",
            "price": "10.61",
            "revenue": 242962
        },
        "2019-08": {
            "month": "2019-08",
            "price": "10.18",
            "revenue": 244779
        },
        "2019-09": {
            "month": "2019-09",
            "price": "11.40",
            "revenue": 360051
        },
        "2019-10": {
            "month": "2019-10",
            "price": "11.93",
            "revenue": 280219
        },
        "2019-11": {
            "month": "2019-11",
            "price": "11.69",
            "revenue": 222820
        },
        "2019-12": {
            "month": "2019-12",
            "price": "11.52",
            "revenue": 203841
        },
        "2020-01": {
            "month": "2020-01",
            "price": "10.77",
            "revenue": 225786
        },
        "2020-02": {
            "month": "2020-02",
            "price": "9.39",
            "revenue": 188703
        },
        "2020-03": {
            "month": "2020-03",
            "price": "7.41",
            "revenue": 204597
        },
        "2020-04": {
            "month": "2020-04",
            "price": "7.40",
            "revenue": 129336
        },
        "2020-05": {
            "month": "2020-05",
            "price": "8.41",
            "revenue": 124007
        },
        "2020-06": {
            "month": "2020-06",
            "price": "8.47",
            "revenue": 178495
        },
        "2020-07": {
            "month": "2020-07",
            "price": "9.21",
            "revenue": 257379
        },
        "2020-08": {
            "month": "2020-08",
            "price": "9.66",
            "revenue": 204661
        },
        "2020-09": {
            "month": "2020-09",
            "price": "10.56",
            "revenue": 215020
        },
        "2020-10": {
            "month": "2020-10",
            "price": "10.77",
            "revenue": 184153
        },
        "2020-11": {
            "month": "2020-11",
            "price": "11.24",
            "revenue": 207836
        },
        "2020-12": {
            "month": "2020-12",
            "price": "12.43",
            "revenue": 177535
        },
        "2021-01": {
            "month": "2021-01",
            "price": "11.60",
            "revenue": 167366
        },
        "2021-02": {
            "month": "2021-02",
            "price": "10.78",
            "revenue": 158731
        },
        "2021-03": {
            "month": "2021-03",
            "price": "11.42",
            "revenue": 156444
        },
        "2021-04": {
            "month": "2021-04",
            "price": "14.30",
            "revenue": 158564
        },
        "2021-05": {
            "month": "2021-05",
            "price": "13.16",
            "revenue": 113012
        },
        "2021-06": {
            "month": "2021-06",
            "price": "14.18",
            "revenue": 113479
        },
        "2021-07": {
            "month": "2021-07",
            "price": "14.07",
            "revenue": 103085
        },
        "2021-08": {
            "month": "2021-08",
            "price": "12.28",
            "revenue": 113768
        },
        "2021-09": {
            "month": "2021-09",
            "price": "11.61",
            "revenue": 104581
        },
        "2021-10": {
            "month": "2021-10",
            "price": "10.77",
            "revenue": 129433
        },
        "2021-11": {
            "month": "2021-11",
            "price": "12.19",
            "revenue": 150366
        },
        "2021-12": {
            "month": "2021-12",
            "price": "13.33",
            "revenue": 97367
        },
        "2022-01": {
            "month": "2022-01",
            "price": "12.70",
            "revenue": 70306
        },
        "2022-02": {
            "month": "2022-02",
            "price": "11.96",
            "revenue": 75947
        },
        "2022-03": {
            "month": "2022-03",
            "price": "11.57",
            "revenue": 103051
        },
        "2022-04": {
            "month": "2022-04",
            "price": "11.75",
            "revenue": 92014
        },
        "2022-05": {
            "month": "2022-05",
            "price": "11.09",
            "revenue": 82431
        },
        "2022-06": {
            "month": "2022-06",
            "price": "10.80",
            "revenue": 97560
        },
        "2022-07": {
            "month": "2022-07",
            "price": "10.27",
            "revenue": 120867
        },
        "2022-08": {
            "month": "2022-08",
            "price": "10.91",
            "revenue": 91302
        },
        "2022-09": {
            "month": "2022-09",
            "price": "11.14",
            "revenue": 84390
        },
        "2022-10": {
            "month": "2022-10",
            "price": "10.30",
            "revenue": 73089
        },
        "2022-11": {
            "month": "2022-11",
            "price": "10.36",
            "revenue": 66127
        },
        "2022-12": {
            "month": "2022-12",
            "price": "10.19",
            "revenue": 45225
        },
        "2023-01": {
            "month": "2023-01",
            "price": "9.89",
            "revenue": 38103
        },
        "2023-02": {
            "month": "2023-02",
            "price": "10.08",
            "revenue": 67990
        },
        "2023-03": {
            "month": "2023-03",
            "price": "10.37",
            "revenue": 51322
        },
        "2023-04": {
            "month": "2023-04",
            "price": "11.38",
            "revenue": 54646
        },
        "2023-05": {
            "month": "2023-05",
            "price": "11.09",
            "revenue": 39150
        },
        "2023-06": {
            "month": "2023-06",
            "price": "12.16",
            "revenue": 40761
        },
        "2023-07": {
            "month": "2023-07",
            "price": "11.68",
            "revenue": 58044
        },
        "2023-08": {
            "month": "2023-08",
            "price": "10.73",
            "revenue": 59277
        },
        "2023-09": {
            "month": "2023-09",
            "price": "11.15",
            "revenue": 50269
        }
    }
}
