{
    "summary": {
        "stock_name": "倚天酷碁-創",
        "stock_id": "2432",
        "category": "電腦及週邊設備",
        "main_business": "電信加值網路業務、電腦軟硬體應用系統之設計、銷售、出租<br>電腦創新週邊商品與生活智慧產品之銷售",
        "website_url": "http://www.acergadget.com",
        "ceo": "鍾逸鈞",
        "pe_ratio": 0,
        "report_year_from": 2022,
        "report_year_to": 2023,
        "age": 2,
        "eps_negative_percentage": 11,
        "eps_growth_avg": {
            "last_all": -14.84,
            "last_2y": null,
            "last_4y": null,
            "last_8y": null,
            "last_12y": null,
            "last_16y": null,
            "last_20y": null,
            "at_2006_last_3y": 16.12,
            "at_2007_last_3y": 23.27,
            "at_2008_last_3y": 9.03,
            "at_2009_last_3y": 9.03,
            "at_2010_last_3y": 9.03,
            "at_2011_last_3y": 9.03,
            "at_2012_last_3y": 9.03,
            "at_2013_last_3y": 9.03,
            "at_2014_last_3y": 9.03,
            "at_2015_last_3y": 9.03,
            "at_2016_last_3y": 9.03,
            "at_2017_last_3y": 9.03,
            "at_2018_last_3y": 9.03,
            "at_2019_last_3y": 9.03,
            "at_2020_last_3y": 9.03,
            "at_2021_last_3y": 9.03,
            "at_2022_last_3y": 9.03,
            "at_2023_last_3y": null,
            "at_2024_last_3y": null,
            "at_2006_last_all": -12.91,
            "at_2007_last_all": -1.38,
            "at_2008_last_all": -11.09,
            "at_2009_last_all": -11.09,
            "at_2010_last_all": -11.09,
            "at_2011_last_all": -11.09,
            "at_2012_last_all": -11.09,
            "at_2013_last_all": -11.09,
            "at_2014_last_all": -11.09,
            "at_2015_last_all": -11.09,
            "at_2016_last_all": -11.09,
            "at_2017_last_all": -11.09,
            "at_2018_last_all": -11.09,
            "at_2019_last_all": -11.09,
            "at_2020_last_all": -11.09,
            "at_2021_last_all": -11.09,
            "at_2022_last_all": -11.09,
            "at_2023_last_all": -14.84,
            "at_2024_last_all": -14.84
        },
        "latest_eps": 0,
        "latest_price": 38.85,
        "latest_roe": 0,
        "latest_gross_margin": 13.31,
        "latest_equity": 1142215,
        "latest_revenue": 570893,
        "latest_gross_profit": 75984,
        "latest_net_income": 25307,
        "latest_debt_ratio": 36.33,
        "latest_current_ratio": 236.56,
        "latest_account_receivable_turnover_ratio": 1.57,
        "latest_inventory_turnover_ratio": 5.13,
        "latest_reinvestment_rate": null,
        "latest_research_to_sale_ratio": 3.48
    },
    "eps_dividends": {
        "2001": {
            "cash": 0,
            "stock": 0,
            "eps": 0.15
        },
        "2002": {
            "cash": 0,
            "stock": 0,
            "eps": -0.41
        },
        "2003": {
            "cash": 0,
            "stock": 0,
            "eps": 1.51
        },
        "2004": {
            "cash": 0,
            "stock": 0,
            "eps": 1.47
        },
        "2005": {
            "cash": 0,
            "stock": 0,
            "eps": 0.75
        },
        "2006": {
            "cash": 0,
            "stock": 0,
            "eps": 2.84
        },
        "2007": {
            "cash": 0,
            "stock": 0,
            "eps": 4.11
        },
        "2008": {
            "cash": 0,
            "stock": 0,
            "eps": 1.66
        },
        "2009": {
            "cash": 0,
            "stock": 0,
            "eps": 0
        },
        "2010": {
            "cash": 0,
            "stock": 0,
            "eps": 0
        },
        "2011": {
            "cash": 0,
            "stock": 0,
            "eps": 0
        },
        "2012": {
            "cash": 0,
            "stock": 0,
            "eps": 0
        },
        "2013": {
            "cash": 0,
            "stock": 0,
            "eps": 0
        },
        "2014": {
            "cash": 0,
            "stock": 0,
            "eps": 0
        },
        "2015": {
            "cash": 0,
            "stock": 0,
            "eps": 0
        },
        "2016": {
            "cash": 0,
            "stock": 0,
            "eps": 0
        },
        "2017": {
            "cash": 0,
            "stock": 0,
            "eps": 0
        },
        "2018": {
            "cash": 0,
            "stock": 0,
            "eps": 0
        },
        "2019": {
            "cash": 0,
            "stock": 0,
            "eps": 0
        },
        "2020": {
            "cash": 0,
            "stock": 0,
            "eps": 0
        },
        "2021": {
            "cash": 0,
            "stock": 0,
            "eps": 0
        },
        "2022": {
            "cash": 0,
            "stock": 0,
            "eps": 0
        },
        "2023": {
            "cash": 1.65,
            "stock": 0,
            "eps": 1.04
        }
    },
    "dividends": {
        "2023-02-22": {
            "cash": 1.65,
            "stock": 0
        }
    },
    "prices": {
        "200101": "43.21",
        "200102": "47.77",
        "200103": "46.10",
        "200104": "40.96",
        "200105": "30.97",
        "200106": "27.94",
        "200107": "18.63",
        "200108": "17.61",
        "200109": "12.16",
        "200110": "11.10",
        "200111": "13.34",
        "200112": "19.80",
        "200201": "23.85",
        "200202": "26.44",
        "200203": "26.57",
        "200204": "24.92",
        "200205": "18.57",
        "200206": "17.36",
        "200207": "14.50",
        "200208": "14.52",
        "200209": "13.54",
        "200210": "12.14",
        "200211": "13.22",
        "200212": "12.26",
        "200301": "12.36",
        "200302": "11.82",
        "200303": "10.55",
        "200304": "10.01",
        "200305": "9.79",
        "200306": "13.16",
        "200307": "19.14",
        "200308": "21.42",
        "200309": "18.55",
        "200310": "17.88",
        "200311": "18.66",
        "200312": "18.77",
        "200401": "20.18",
        "200402": "22.42",
        "200403": "22.44",
        "200404": "24.49",
        "200405": "20.42",
        "200406": "19.00",
        "200407": "16.67",
        "200408": "16.12",
        "200409": "16.85",
        "200410": "16.31",
        "200411": "15.56",
        "200412": "15.19",
        "200501": "15.25",
        "200502": "19.01",
        "200503": "22.16",
        "200504": "21.57",
        "200505": "21.33",
        "200506": "21.34",
        "200507": "24.70",
        "200508": "24.46",
        "200509": "19.59",
        "200510": "18.40",
        "200511": "18.75",
        "200512": "22.72",
        "200601": "25.20",
        "200602": "22.87",
        "200603": "22.32",
        "200604": "32.06",
        "200605": "36.68",
        "200606": "29.28",
        "200607": "27.49",
        "200608": "26.73",
        "200609": "25.45",
        "200610": "28.22",
        "200611": "32.00",
        "200612": "35.06",
        "200701": "35.22",
        "200702": "34.96",
        "200703": "34.68",
        "200704": "46.04",
        "200705": "52.81",
        "200706": "54.34",
        "200707": "59.87",
        "200708": "50.88",
        "200709": "48.73",
        "200710": "54.01",
        "200711": "50.79",
        "200712": "44.94",
        "200801": "38.43",
        "200802": "37.59",
        "200803": "47.28",
        "200804": "53.03",
        "200805": "57.40",
        "200806": "54.57",
        "200807": "53.35",
        "200808": "58.41",
        "200809": "無",
        "200810": "無",
        "200811": "無",
        "200812": "無",
        "200901": "無",
        "200902": "無",
        "200903": "無",
        "200904": "無",
        "200905": "無",
        "200906": "無",
        "200907": "無",
        "200908": "無",
        "200909": "無",
        "200910": "無",
        "200911": "無",
        "200912": "無",
        "201001": "無",
        "201002": "無",
        "201003": "無",
        "201004": "無",
        "201005": "無",
        "201006": "無",
        "201007": "無",
        "201008": "無",
        "201009": "無",
        "201010": "無",
        "201011": "無",
        "201012": "無",
        "201101": "無",
        "201102": "無",
        "201103": "無",
        "201104": "無",
        "201105": "無",
        "201106": "無",
        "201107": "無",
        "201108": "無",
        "201109": "無",
        "201110": "無",
        "201111": "無",
        "201112": "無",
        "201201": "無",
        "201202": "無",
        "201203": "無",
        "201204": "無",
        "201205": "無",
        "201206": "無",
        "201207": "無",
        "201208": "無",
        "201209": "無",
        "201210": "無",
        "201211": "無",
        "201212": "無",
        "201301": "無",
        "201302": "無",
        "201303": "無",
        "201304": "無",
        "201305": "無",
        "201306": "無",
        "201307": "無",
        "201308": "無",
        "201309": "無",
        "201310": "無",
        "201311": "無",
        "201312": "無",
        "201401": "無",
        "201402": "無",
        "201403": "無",
        "201404": "無",
        "201405": "無",
        "201406": "無",
        "201407": "無",
        "201408": "無",
        "201409": "無",
        "201410": "無",
        "201411": "無",
        "201412": "無",
        "201501": "無",
        "201502": "無",
        "201503": "無",
        "201504": "無",
        "201505": "無",
        "201506": "無",
        "201507": "無",
        "201508": "無",
        "201509": "無",
        "201510": "無",
        "201511": "無",
        "201512": "無",
        "201601": "無",
        "201602": "無",
        "201603": "無",
        "201604": "無",
        "201605": "無",
        "201606": "無",
        "201607": "無",
        "201608": "無",
        "201609": "無",
        "201610": "無",
        "201611": "無",
        "201612": "無",
        "201701": "無",
        "201702": "無",
        "201703": "無",
        "201704": "無",
        "201705": "無",
        "201706": "無",
        "201707": "無",
        "201708": "無",
        "201709": "無",
        "201710": "無",
        "201711": "無",
        "201712": "無",
        "201801": "無",
        "201802": "無",
        "201803": "無",
        "201804": "無",
        "201805": "無",
        "201806": "無",
        "201807": "無",
        "201808": "無",
        "201809": "無",
        "201810": "無",
        "201811": "無",
        "201812": "無",
        "201901": "無",
        "201902": "無",
        "201903": "無",
        "201904": "無",
        "201905": "無",
        "201906": "無",
        "201907": "無",
        "201908": "無",
        "201909": "無",
        "201910": "無",
        "201911": "無",
        "201912": "無",
        "202001": "無",
        "202002": "無",
        "202003": "無",
        "202004": "無",
        "202005": "無",
        "202006": "無",
        "202007": "無",
        "202008": "無",
        "202009": "無",
        "202010": "無",
        "202011": "無",
        "202012": "無",
        "202101": "無",
        "202102": "無",
        "202103": "無",
        "202104": "無",
        "202105": "無",
        "202106": "無",
        "202107": "無",
        "202108": "無",
        "202109": "無",
        "202110": "無",
        "202111": "無",
        "202112": "無",
        "202201": "無",
        "202202": "無",
        "202203": "無",
        "202204": "無",
        "202205": "無",
        "202206": "無",
        "202207": "無",
        "202208": "無",
        "202209": "無",
        "202210": "無",
        "202211": "無",
        "202212": "無",
        "202301": "無",
        "202302": "無",
        "202303": "無",
        "202304": "無",
        "202305": "28.60",
        "202306": "48.44",
        "202307": "47.00",
        "202308": "44.03",
        "202309": "39.19",
        "202310": "40.81",
        "202311": "42.18",
        "202312": "40.00"
    },
    "quarters": {
        "20011": {
            "year_quarter": 20011,
            "year": 2001,
            "quarter": 1,
            "eps": 0.27,
            "eps_growth_year": -59.7,
            "eps_4q": 2.37,
            "eps_4q_growth_year": -8.76,
            "roe": 1.23,
            "roe_4q": 1.23,
            "gross_profit": 142314,
            "gross_margin": 55.43,
            "gross_margin_4q_avg": 55.43,
            "net_income": 34760,
            "net_income_4q": null,
            "revenue": 256768,
            "revenue_4q": null,
            "common_shares": 1282000,
            "book_valuer_per_share": 22.39,
            "book_valuer_per_share_4q_avg": 22.39,
            "equity": 2869851,
            "current_ratio": 180.78,
            "debt_ratio": 15.45,
            "inventory_turnover_ratio": 0.57,
            "account_receivable_turnover_ratio": null,
            "reinvestment_rate": null,
            "research_to_sale_ratio": null,
            "price_fair": 0,
            "eps_avg_yearly": 0,
            "eps_latest_yearly": 0,
            "eps_growth_yearly": 0
        },
        "20012": {
            "year_quarter": 20012,
            "year": 2001,
            "quarter": 2,
            "eps": 0.13,
            "eps_growth_year": -87.13,
            "eps_4q": 1.42,
            "eps_4q_growth_year": -48.29,
            "roe": 0.7,
            "roe_4q": 1.93,
            "gross_profit": 159521,
            "gross_margin": 55.32,
            "gross_margin_4q_avg": 55.38,
            "net_income": 19718,
            "net_income_4q": null,
            "revenue": 288364,
            "revenue_4q": null,
            "common_shares": 1498000,
            "book_valuer_per_share": 18.55,
            "book_valuer_per_share_4q_avg": 20.47,
            "equity": 2778470,
            "current_ratio": 156.42,
            "debt_ratio": 16.75,
            "inventory_turnover_ratio": 0.81,
            "account_receivable_turnover_ratio": null,
            "reinvestment_rate": null,
            "research_to_sale_ratio": null,
            "price_fair": 0,
            "eps_avg_yearly": 0,
            "eps_latest_yearly": 0,
            "eps_growth_yearly": 0
        },
        "20013": {
            "year_quarter": 20013,
            "year": 2001,
            "quarter": 3,
            "eps": -0.29,
            "eps_growth_year": -134.52,
            "eps_4q": 0.53,
            "eps_4q_growth_year": -82.35,
            "roe": -1.57,
            "roe_4q": 0.3599999999999999,
            "gross_profit": 127472,
            "gross_margin": 69.53,
            "gross_margin_4q_avg": 60.09,
            "net_income": -42949,
            "net_income_4q": null,
            "revenue": 183341,
            "revenue_4q": null,
            "common_shares": 1498000,
            "book_valuer_per_share": 18.02,
            "book_valuer_per_share_4q_avg": 19.65,
            "equity": 2699987,
            "current_ratio": 168.58,
            "debt_ratio": 13.39,
            "inventory_turnover_ratio": 0.39,
            "account_receivable_turnover_ratio": null,
            "reinvestment_rate": null,
            "research_to_sale_ratio": null,
            "price_fair": 0,
            "eps_avg_yearly": 0,
            "eps_latest_yearly": 0,
            "eps_growth_yearly": 0
        },
        "20014": {
            "year_quarter": 20014,
            "year": 2001,
            "quarter": 4,
            "eps": 0.04,
            "eps_growth_year": -93.22,
            "eps_4q": 0.13,
            "eps_4q_growth_year": -95.57,
            "roe": 0.2,
            "roe_4q": 0.5599999999999998,
            "gross_profit": 113452,
            "gross_margin": 68.22,
            "gross_margin_4q_avg": 62.13,
            "net_income": 5281,
            "net_income_4q": null,
            "revenue": 166295,
            "revenue_4q": null,
            "common_shares": 1498000,
            "book_valuer_per_share": 17.54,
            "book_valuer_per_share_4q_avg": 19.13,
            "equity": 2628120,
            "current_ratio": 143.28,
            "debt_ratio": 20.6,
            "inventory_turnover_ratio": 0.26,
            "account_receivable_turnover_ratio": null,
            "reinvestment_rate": null,
            "research_to_sale_ratio": null,
            "price_fair": 0,
            "eps_avg_yearly": 0,
            "eps_latest_yearly": 0,
            "eps_growth_yearly": 0
        },
        "20021": {
            "year_quarter": 20021,
            "year": 2002,
            "quarter": 1,
            "eps": 0.22,
            "eps_growth_year": -18.52,
            "eps_4q": 0.09,
            "eps_4q_growth_year": -96.11,
            "roe": 1.18,
            "roe_4q": 0.5099999999999998,
            "gross_profit": 136676,
            "gross_margin": 56.83,
            "gross_margin_4q_avg": 62.48,
            "net_income": 30861,
            "net_income_4q": null,
            "revenue": 240516,
            "revenue_4q": null,
            "common_shares": 1498000,
            "book_valuer_per_share": 17.52,
            "book_valuer_per_share_4q_avg": 17.91,
            "equity": 2624203,
            "current_ratio": 126.2,
            "debt_ratio": 17.81,
            "inventory_turnover_ratio": 0.55,
            "account_receivable_turnover_ratio": null,
            "reinvestment_rate": null,
            "research_to_sale_ratio": null,
            "price_fair": 30.8,
            "eps_avg_yearly": 0.88,
            "eps_latest_yearly": 0.88,
            "eps_growth_yearly": 1800
        },
        "20022": {
            "year_quarter": 20022,
            "year": 2002,
            "quarter": 2,
            "eps": -0.22,
            "eps_growth_year": -269.23,
            "eps_4q": -0.25,
            "eps_4q_growth_year": -117.61,
            "roe": -1.17,
            "roe_4q": -1.36,
            "gross_profit": 132289,
            "gross_margin": 60.88,
            "gross_margin_4q_avg": 63.87,
            "net_income": -30537,
            "net_income_4q": null,
            "revenue": 217295,
            "revenue_4q": null,
            "common_shares": 1498000,
            "book_valuer_per_share": 17.3,
            "book_valuer_per_share_4q_avg": 17.6,
            "equity": 2592053,
            "current_ratio": 120.79,
            "debt_ratio": 17.88,
            "inventory_turnover_ratio": 0.75,
            "account_receivable_turnover_ratio": null,
            "reinvestment_rate": null,
            "research_to_sale_ratio": null,
            "price_fair": 30.8,
            "eps_avg_yearly": 0.88,
            "eps_latest_yearly": 0.88,
            "eps_growth_yearly": 1800
        },
        "20023": {
            "year_quarter": 20023,
            "year": 2002,
            "quarter": 3,
            "eps": -0.62,
            "eps_growth_year": null,
            "eps_4q": -0.54,
            "eps_4q_growth_year": -201.69,
            "roe": -3.4,
            "roe_4q": -3.1900000000000004,
            "gross_profit": 132847,
            "gross_margin": 61.41,
            "gross_margin_4q_avg": 61.84,
            "net_income": -85960,
            "net_income_4q": null,
            "revenue": 216316,
            "revenue_4q": null,
            "common_shares": 1498000,
            "book_valuer_per_share": 16.45,
            "book_valuer_per_share_4q_avg": 17.2,
            "equity": 2464305,
            "current_ratio": 82.08,
            "debt_ratio": 19.58,
            "inventory_turnover_ratio": 0.65,
            "account_receivable_turnover_ratio": null,
            "reinvestment_rate": null,
            "research_to_sale_ratio": null,
            "price_fair": 30.8,
            "eps_avg_yearly": 0.88,
            "eps_latest_yearly": 0.88,
            "eps_growth_yearly": 1800
        },
        "20024": {
            "year_quarter": 20024,
            "year": 2002,
            "quarter": 4,
            "eps": 0.21,
            "eps_growth_year": 425,
            "eps_4q": -0.41,
            "eps_4q_growth_year": -425.92,
            "roe": 1.16,
            "roe_4q": -2.2300000000000004,
            "gross_profit": 135424,
            "gross_margin": 57.83,
            "gross_margin_4q_avg": 59.24,
            "net_income": 28775,
            "net_income_4q": null,
            "revenue": 234173,
            "revenue_4q": null,
            "common_shares": 1498000,
            "book_valuer_per_share": 16.57,
            "book_valuer_per_share_4q_avg": 16.96,
            "equity": 2482476,
            "current_ratio": 79.58,
            "debt_ratio": 18.3,
            "inventory_turnover_ratio": 0.74,
            "account_receivable_turnover_ratio": null,
            "reinvestment_rate": 164.96,
            "research_to_sale_ratio": null,
            "price_fair": 30.8,
            "eps_avg_yearly": 0.88,
            "eps_latest_yearly": 0.88,
            "eps_growth_yearly": 1800
        },
        "20031": {
            "year_quarter": 20031,
            "year": 2003,
            "quarter": 1,
            "eps": 0.32,
            "eps_growth_year": 45.45,
            "eps_4q": -0.31,
            "eps_4q_growth_year": -437.79,
            "roe": 1.78,
            "roe_4q": -1.63,
            "gross_profit": 124944,
            "gross_margin": 63.96,
            "gross_margin_4q_avg": 61.02,
            "net_income": 44494,
            "net_income_4q": null,
            "revenue": 195349,
            "revenue_4q": null,
            "common_shares": 1498000,
            "book_valuer_per_share": 16.8,
            "book_valuer_per_share_4q_avg": 16.78,
            "equity": 2517219,
            "current_ratio": 109.26,
            "debt_ratio": 17.91,
            "inventory_turnover_ratio": 0.63,
            "account_receivable_turnover_ratio": null,
            "reinvestment_rate": 47.1,
            "research_to_sale_ratio": null,
            "price_fair": 37.8,
            "eps_avg_yearly": 1.08,
            "eps_latest_yearly": 1.28,
            "eps_growth_yearly": 1004.76
        },
        "20032": {
            "year_quarter": 20032,
            "year": 2003,
            "quarter": 2,
            "eps": 0.18,
            "eps_growth_year": null,
            "eps_4q": 0.09,
            "eps_4q_growth_year": null,
            "roe": 0.96,
            "roe_4q": 0.5000000000000004,
            "gross_profit": 124243,
            "gross_margin": 53.86,
            "gross_margin_4q_avg": 59.27,
            "net_income": 24199,
            "net_income_4q": null,
            "revenue": 230699,
            "revenue_4q": null,
            "common_shares": 1498000,
            "book_valuer_per_share": 16.97,
            "book_valuer_per_share_4q_avg": 16.7,
            "equity": 2542340,
            "current_ratio": 109.92,
            "debt_ratio": 19.16,
            "inventory_turnover_ratio": 1.06,
            "account_receivable_turnover_ratio": null,
            "reinvestment_rate": 52.18,
            "research_to_sale_ratio": null,
            "price_fair": 33.6,
            "eps_avg_yearly": 0.96,
            "eps_latest_yearly": 0.72,
            "eps_growth_yearly": 611.51
        },
        "20033": {
            "year_quarter": 20033,
            "year": 2003,
            "quarter": 3,
            "eps": 0.37,
            "eps_growth_year": null,
            "eps_4q": 1.09,
            "eps_4q_growth_year": null,
            "roe": 1.96,
            "roe_4q": 5.86,
            "gross_profit": 150489,
            "gross_margin": 53.63,
            "gross_margin_4q_avg": 57.32,
            "net_income": 50285,
            "net_income_4q": null,
            "revenue": 280586,
            "revenue_4q": null,
            "common_shares": 1498000,
            "book_valuer_per_share": 17.25,
            "book_valuer_per_share_4q_avg": 16.9,
            "equity": 2583949,
            "current_ratio": 117.56,
            "debt_ratio": 19.38,
            "inventory_turnover_ratio": 1.42,
            "account_receivable_turnover_ratio": null,
            "reinvestment_rate": 54.56,
            "research_to_sale_ratio": null,
            "price_fair": 38.15,
            "eps_avg_yearly": 1.09,
            "eps_latest_yearly": 1.48,
            "eps_growth_yearly": 564.19
        },
        "20034": {
            "year_quarter": 20034,
            "year": 2003,
            "quarter": 4,
            "eps": 0.64,
            "eps_growth_year": 204.76,
            "eps_4q": 1.5,
            "eps_4q_growth_year": null,
            "roe": 3.42,
            "roe_4q": 8.12,
            "gross_profit": 150006,
            "gross_margin": 51.47,
            "gross_margin_4q_avg": 55.73,
            "net_income": 88246,
            "net_income_4q": null,
            "revenue": 291456,
            "revenue_4q": null,
            "common_shares": 1498000,
            "book_valuer_per_share": 17.24,
            "book_valuer_per_share_4q_avg": 17.07,
            "equity": 2582171,
            "current_ratio": 98.42,
            "debt_ratio": 18.97,
            "inventory_turnover_ratio": 1.31,
            "account_receivable_turnover_ratio": null,
            "reinvestment_rate": 64.3,
            "research_to_sale_ratio": null,
            "price_fair": 48.44,
            "eps_avg_yearly": 1.38,
            "eps_latest_yearly": 2.56,
            "eps_growth_yearly": 509.73
        },
        "20041": {
            "year_quarter": 20041,
            "year": 2004,
            "quarter": 1,
            "eps": 0.56,
            "eps_growth_year": 75,
            "eps_4q": 1.79,
            "eps_4q_growth_year": null,
            "roe": 2.83,
            "roe_4q": 9.170000000000002,
            "gross_profit": 176916,
            "gross_margin": 45.53,
            "gross_margin_4q_avg": 51.12,
            "net_income": 73873,
            "net_income_4q": null,
            "revenue": 388537,
            "revenue_4q": null,
            "common_shares": 1498000,
            "book_valuer_per_share": 17.56,
            "book_valuer_per_share_4q_avg": 17.26,
            "equity": 2630995,
            "current_ratio": 129.34,
            "debt_ratio": 14.81,
            "inventory_turnover_ratio": 1.65,
            "account_receivable_turnover_ratio": null,
            "reinvestment_rate": 64.8,
            "research_to_sale_ratio": null,
            "price_fair": 53.43,
            "eps_avg_yearly": 1.53,
            "eps_latest_yearly": 2.24,
            "eps_growth_yearly": 416.44
        },
        "20042": {
            "year_quarter": 20042,
            "year": 2004,
            "quarter": 2,
            "eps": 0.62,
            "eps_growth_year": 244.44,
            "eps_4q": 2.24,
            "eps_4q_growth_year": 2512.37,
            "roe": 3.15,
            "roe_4q": 11.36,
            "gross_profit": 186450,
            "gross_margin": 53.82,
            "gross_margin_4q_avg": 51.11,
            "net_income": 81482,
            "net_income_4q": null,
            "revenue": 346439,
            "revenue_4q": null,
            "common_shares": 1498000,
            "book_valuer_per_share": 16.93,
            "book_valuer_per_share_4q_avg": 17.25,
            "equity": 2536292,
            "current_ratio": 110.91,
            "debt_ratio": 20.55,
            "inventory_turnover_ratio": 1.05,
            "account_receivable_turnover_ratio": null,
            "reinvestment_rate": -48.52,
            "research_to_sale_ratio": null,
            "price_fair": 58.2,
            "eps_avg_yearly": 1.66,
            "eps_latest_yearly": 2.48,
            "eps_growth_yearly": 363.07
        },
        "20043": {
            "year_quarter": 20043,
            "year": 2004,
            "quarter": 3,
            "eps": 0.5,
            "eps_growth_year": 35.14,
            "eps_4q": 2.34,
            "eps_4q_growth_year": 115.48,
            "roe": 2.58,
            "roe_4q": 11.98,
            "gross_profit": 169159,
            "gross_margin": 57.85,
            "gross_margin_4q_avg": 52.17,
            "net_income": 66101,
            "net_income_4q": null,
            "revenue": 292393,
            "revenue_4q": null,
            "common_shares": 1498000,
            "book_valuer_per_share": 17.31,
            "book_valuer_per_share_4q_avg": 17.26,
            "equity": 2593729,
            "current_ratio": 127.69,
            "debt_ratio": 17.23,
            "inventory_turnover_ratio": 0.75,
            "account_receivable_turnover_ratio": null,
            "reinvestment_rate": -51.41,
            "research_to_sale_ratio": null,
            "price_fair": 59.68,
            "eps_avg_yearly": 1.71,
            "eps_latest_yearly": 2,
            "eps_growth_yearly": 308.01
        },
        "20044": {
            "year_quarter": 20044,
            "year": 2004,
            "quarter": 4,
            "eps": -0.21,
            "eps_growth_year": -132.81,
            "eps_4q": 1.46,
            "eps_4q_growth_year": -2.85,
            "roe": -1.04,
            "roe_4q": 7.52,
            "gross_profit": 160794,
            "gross_margin": 56.68,
            "gross_margin_4q_avg": 53.47,
            "net_income": -27916,
            "net_income_4q": null,
            "revenue": 283694,
            "revenue_4q": null,
            "common_shares": 1499600,
            "book_valuer_per_share": 18.36,
            "book_valuer_per_share_4q_avg": 17.54,
            "equity": 2753375,
            "current_ratio": 151.71,
            "debt_ratio": 18.87,
            "inventory_turnover_ratio": 0.79,
            "account_receivable_turnover_ratio": null,
            "reinvestment_rate": -14.82,
            "research_to_sale_ratio": null,
            "price_fair": 59.68,
            "eps_avg_yearly": 1.71,
            "eps_latest_yearly": 2,
            "eps_growth_yearly": 308.01
        },
        "20051": {
            "year_quarter": 20051,
            "year": 2005,
            "quarter": 1,
            "eps": 0.13,
            "eps_growth_year": -76.79,
            "eps_4q": 0.98,
            "eps_4q_growth_year": -45.28,
            "roe": 0.67,
            "roe_4q": 5.359999999999999,
            "gross_profit": 165244,
            "gross_margin": 50.99,
            "gross_margin_4q_avg": 54.84,
            "net_income": 18272,
            "net_income_4q": null,
            "revenue": 324086,
            "revenue_4q": null,
            "common_shares": 1510280,
            "book_valuer_per_share": 17.71,
            "book_valuer_per_share_4q_avg": 17.58,
            "equity": 2674602,
            "current_ratio": 147.18,
            "debt_ratio": 18.52,
            "inventory_turnover_ratio": 1,
            "account_receivable_turnover_ratio": null,
            "reinvestment_rate": -18.9,
            "research_to_sale_ratio": null,
            "price_fair": 59.68,
            "eps_avg_yearly": 1.71,
            "eps_latest_yearly": 2,
            "eps_growth_yearly": 308.01
        },
        "20052": {
            "year_quarter": 20052,
            "year": 2005,
            "quarter": 2,
            "eps": -0.55,
            "eps_growth_year": -188.71,
            "eps_4q": -0.12,
            "eps_4q_growth_year": -105.45,
            "roe": -2.97,
            "roe_4q": -0.7600000000000002,
            "gross_profit": 202078,
            "gross_margin": 42.29,
            "gross_margin_4q_avg": 51.95,
            "net_income": -74891,
            "net_income_4q": null,
            "revenue": 477807,
            "revenue_4q": null,
            "common_shares": 1512490,
            "book_valuer_per_share": 15.63,
            "book_valuer_per_share_4q_avg": 17.25,
            "equity": 2364285,
            "current_ratio": 114.54,
            "debt_ratio": 24.08,
            "inventory_turnover_ratio": 1.56,
            "account_receivable_turnover_ratio": null,
            "reinvestment_rate": -35.8,
            "research_to_sale_ratio": null,
            "price_fair": 59.68,
            "eps_avg_yearly": 1.71,
            "eps_latest_yearly": 2,
            "eps_growth_yearly": 308.01
        },
        "20053": {
            "year_quarter": 20053,
            "year": 2005,
            "quarter": 3,
            "eps": 0.61,
            "eps_growth_year": 22,
            "eps_4q": -0.01,
            "eps_4q_growth_year": -100.61,
            "roe": 3.43,
            "roe_4q": 0.08999999999999986,
            "gross_profit": 172583,
            "gross_margin": 42.01,
            "gross_margin_4q_avg": 47.99,
            "net_income": 82590,
            "net_income_4q": null,
            "revenue": 410847,
            "revenue_4q": null,
            "common_shares": 1520030,
            "book_valuer_per_share": 16.1,
            "book_valuer_per_share_4q_avg": 16.95,
            "equity": 2447196,
            "current_ratio": 131.42,
            "debt_ratio": 20.08,
            "inventory_turnover_ratio": 1.33,
            "account_receivable_turnover_ratio": null,
            "reinvestment_rate": -40.17,
            "research_to_sale_ratio": null,
            "price_fair": 59.68,
            "eps_avg_yearly": 1.71,
            "eps_latest_yearly": 2,
            "eps_growth_yearly": 308.01
        },
        "20054": {
            "year_quarter": 20054,
            "year": 2005,
            "quarter": 4,
            "eps": 0.56,
            "eps_growth_year": null,
            "eps_4q": 0.75,
            "eps_4q_growth_year": -48.45,
            "roe": 2.78,
            "roe_4q": 3.9099999999999997,
            "gross_profit": 193110,
            "gross_margin": 45.01,
            "gross_margin_4q_avg": 45.08,
            "net_income": 75505,
            "net_income_4q": null,
            "revenue": 429014,
            "revenue_4q": null,
            "common_shares": 1524220,
            "book_valuer_per_share": 16.63,
            "book_valuer_per_share_4q_avg": 16.52,
            "equity": 2978988,
            "current_ratio": 194.34,
            "debt_ratio": 22.9,
            "inventory_turnover_ratio": 0.75,
            "account_receivable_turnover_ratio": null,
            "reinvestment_rate": -47.81,
            "research_to_sale_ratio": null,
            "price_fair": 61.76,
            "eps_avg_yearly": 1.76,
            "eps_latest_yearly": 2.24,
            "eps_growth_yearly": 270.14
        },
        "20061": {
            "year_quarter": 20061,
            "year": 2006,
            "quarter": 1,
            "eps": 0.59,
            "eps_growth_year": 353.85,
            "eps_4q": 1.2,
            "eps_4q_growth_year": 22.72,
            "roe": 2.84,
            "roe_4q": 6.079999999999998,
            "gross_profit": 202408,
            "gross_margin": 41.32,
            "gross_margin_4q_avg": 42.66,
            "net_income": 79909,
            "net_income_4q": null,
            "revenue": 489912,
            "revenue_4q": null,
            "common_shares": 1532520,
            "book_valuer_per_share": 17.26,
            "book_valuer_per_share_4q_avg": 16.41,
            "equity": 2644644,
            "current_ratio": 158.16,
            "debt_ratio": 19.41,
            "inventory_turnover_ratio": 0.81,
            "account_receivable_turnover_ratio": null,
            "reinvestment_rate": -50.95,
            "research_to_sale_ratio": null,
            "price_fair": 67.51,
            "eps_avg_yearly": 1.93,
            "eps_latest_yearly": 2.36,
            "eps_growth_yearly": 72.52
        },
        "20062": {
            "year_quarter": 20062,
            "year": 2006,
            "quarter": 2,
            "eps": 0.48,
            "eps_growth_year": null,
            "eps_4q": 2.25,
            "eps_4q_growth_year": null,
            "roe": 2.4,
            "roe_4q": 11.45,
            "gross_profit": 208573,
            "gross_margin": 35.86,
            "gross_margin_4q_avg": 41.05,
            "net_income": 64368,
            "net_income_4q": null,
            "revenue": 581571,
            "revenue_4q": null,
            "common_shares": 1539730,
            "book_valuer_per_share": 17.69,
            "book_valuer_per_share_4q_avg": 16.92,
            "equity": 2723673,
            "current_ratio": 154.96,
            "debt_ratio": 21.64,
            "inventory_turnover_ratio": 1.6,
            "account_receivable_turnover_ratio": null,
            "reinvestment_rate": -54.63,
            "research_to_sale_ratio": null,
            "price_fair": 67.48,
            "eps_avg_yearly": 1.93,
            "eps_latest_yearly": 1.92,
            "eps_growth_yearly": 57.81
        },
        "20063": {
            "year_quarter": 20063,
            "year": 2006,
            "quarter": 3,
            "eps": 1.3,
            "eps_growth_year": 113.11,
            "eps_4q": 2.81,
            "eps_4q_growth_year": null,
            "roe": 6.46,
            "roe_4q": 14.479999999999999,
            "gross_profit": 207503,
            "gross_margin": 39.75,
            "gross_margin_4q_avg": 40.49,
            "net_income": 188635,
            "net_income_4q": null,
            "revenue": 522006,
            "revenue_4q": null,
            "common_shares": 1645350,
            "book_valuer_per_share": 18.93,
            "book_valuer_per_share_4q_avg": 17.63,
            "equity": 3115028,
            "current_ratio": 189.61,
            "debt_ratio": 17.17,
            "inventory_turnover_ratio": 1.49,
            "account_receivable_turnover_ratio": null,
            "reinvestment_rate": -53.93,
            "research_to_sale_ratio": null,
            "price_fair": 77.89,
            "eps_avg_yearly": 2.23,
            "eps_latest_yearly": 5.2,
            "eps_growth_yearly": 114.68
        },
        "20064": {
            "year_quarter": 20064,
            "year": 2006,
            "quarter": 4,
            "eps": 0.47,
            "eps_growth_year": -16.07,
            "eps_4q": 2.76,
            "eps_4q_growth_year": 266.68,
            "roe": 2.06,
            "roe_4q": 13.76,
            "gross_profit": 259258,
            "gross_margin": 32.91,
            "gross_margin_4q_avg": 37.46,
            "net_income": 68336,
            "net_income_4q": null,
            "revenue": 787801,
            "revenue_4q": null,
            "common_shares": 1652070,
            "book_valuer_per_share": 21.3,
            "book_valuer_per_share_4q_avg": 18.8,
            "equity": 3519570,
            "current_ratio": 188.43,
            "debt_ratio": 21.52,
            "inventory_turnover_ratio": 1.7,
            "account_receivable_turnover_ratio": null,
            "reinvestment_rate": -57.57,
            "research_to_sale_ratio": null,
            "price_fair": 76.88,
            "eps_avg_yearly": 2.2,
            "eps_latest_yearly": 1.88,
            "eps_growth_yearly": 83.84
        },
        "20071": {
            "year_quarter": 20071,
            "year": 2007,
            "quarter": 1,
            "eps": 1.06,
            "eps_growth_year": 79.66,
            "eps_4q": 3.15,
            "eps_4q_growth_year": 161.84,
            "roe": 4.47,
            "roe_4q": 15.389999999999999,
            "gross_profit": 336229,
            "gross_margin": 35.36,
            "gross_margin_4q_avg": 35.97,
            "net_income": 162708,
            "net_income_4q": null,
            "revenue": 950776,
            "revenue_4q": null,
            "common_shares": 1659530,
            "book_valuer_per_share": 22.62,
            "book_valuer_per_share_4q_avg": 20.14,
            "equity": 3753216,
            "current_ratio": 227.08,
            "debt_ratio": 16.54,
            "inventory_turnover_ratio": 1.78,
            "account_receivable_turnover_ratio": null,
            "reinvestment_rate": 5.1,
            "research_to_sale_ratio": null,
            "price_fair": 85.52,
            "eps_avg_yearly": 2.44,
            "eps_latest_yearly": 4.24,
            "eps_growth_yearly": 108.22
        },
        "20072": {
            "year_quarter": 20072,
            "year": 2007,
            "quarter": 2,
            "eps": 0.57,
            "eps_growth_year": 18.75,
            "eps_4q": 3.31,
            "eps_4q_growth_year": 46.85,
            "roe": 2.36,
            "roe_4q": 15.350000000000001,
            "gross_profit": 287530,
            "gross_margin": 34.38,
            "gross_margin_4q_avg": 35.6,
            "net_income": 87266,
            "net_income_4q": null,
            "revenue": 836413,
            "revenue_4q": null,
            "common_shares": 1666250,
            "book_valuer_per_share": 21.91,
            "book_valuer_per_share_4q_avg": 21.19,
            "equity": 3650032,
            "current_ratio": 180.38,
            "debt_ratio": 22.99,
            "inventory_turnover_ratio": 1.83,
            "account_receivable_turnover_ratio": null,
            "reinvestment_rate": 5.38,
            "research_to_sale_ratio": null,
            "price_fair": 90.07,
            "eps_avg_yearly": 2.57,
            "eps_latest_yearly": 2.28,
            "eps_growth_yearly": 107.4
        },
        "20073": {
            "year_quarter": 20073,
            "year": 2007,
            "quarter": 3,
            "eps": 1.08,
            "eps_growth_year": -16.92,
            "eps_4q": 3.08,
            "eps_4q_growth_year": 9.42,
            "roe": 4.73,
            "roe_4q": 13.62,
            "gross_profit": 314896,
            "gross_margin": 37.28,
            "gross_margin_4q_avg": 34.98,
            "net_income": 171905,
            "net_income_4q": null,
            "revenue": 844707,
            "revenue_4q": null,
            "common_shares": 1713640,
            "book_valuer_per_share": 21.11,
            "book_valuer_per_share_4q_avg": 21.74,
            "equity": 3617085,
            "current_ratio": 218.05,
            "debt_ratio": 20.06,
            "inventory_turnover_ratio": 1.76,
            "account_receivable_turnover_ratio": null,
            "reinvestment_rate": 9.75,
            "research_to_sale_ratio": null,
            "price_fair": 98.35,
            "eps_avg_yearly": 2.81,
            "eps_latest_yearly": 4.32,
            "eps_growth_yearly": 102.04
        },
        "20074": {
            "year_quarter": 20074,
            "year": 2007,
            "quarter": 4,
            "eps": 1.4,
            "eps_growth_year": 197.87,
            "eps_4q": 4.04,
            "eps_4q_growth_year": 46.29,
            "roe": 6.03,
            "roe_4q": 17.59,
            "gross_profit": 392372,
            "gross_margin": 36.16,
            "gross_margin_4q_avg": 35.8,
            "net_income": 223976,
            "net_income_4q": null,
            "revenue": 1085184,
            "revenue_4q": null,
            "common_shares": 1715980,
            "book_valuer_per_share": 22.25,
            "book_valuer_per_share_4q_avg": 21.97,
            "equity": 3817416,
            "current_ratio": 225.61,
            "debt_ratio": 24.89,
            "inventory_turnover_ratio": 2.22,
            "account_receivable_turnover_ratio": null,
            "reinvestment_rate": 4.76,
            "research_to_sale_ratio": null,
            "price_fair": 107.22,
            "eps_avg_yearly": 3.06,
            "eps_latest_yearly": 5.6,
            "eps_growth_yearly": 87.59
        },
        "20081": {
            "year_quarter": 20081,
            "year": 2008,
            "quarter": 1,
            "eps": 1.22,
            "eps_growth_year": 15.09,
            "eps_4q": 4.11,
            "eps_4q_growth_year": 30.44,
            "roe": 5.24,
            "roe_4q": 18.36,
            "gross_profit": 467175,
            "gross_margin": 34.75,
            "gross_margin_4q_avg": 35.64,
            "net_income": 203727,
            "net_income_4q": null,
            "revenue": 1344305,
            "revenue_4q": null,
            "common_shares": 1726780,
            "book_valuer_per_share": 22.97,
            "book_valuer_per_share_4q_avg": 22.06,
            "equity": 3965738,
            "current_ratio": 214.9,
            "debt_ratio": 28.61,
            "inventory_turnover_ratio": 2.05,
            "account_receivable_turnover_ratio": null,
            "reinvestment_rate": 7.69,
            "research_to_sale_ratio": null,
            "price_fair": 114.92,
            "eps_avg_yearly": 3.28,
            "eps_latest_yearly": 4.88,
            "eps_growth_yearly": 87.47
        },
        "20082": {
            "year_quarter": 20082,
            "year": 2008,
            "quarter": 2,
            "eps": 0.44,
            "eps_growth_year": -22.81,
            "eps_4q": 4.02,
            "eps_4q_growth_year": 21.41,
            "roe": 1.99,
            "roe_4q": 17.990000000000002,
            "gross_profit": 248072,
            "gross_margin": 37.37,
            "gross_margin_4q_avg": 36.39,
            "net_income": 73688,
            "net_income_4q": null,
            "revenue": 663808,
            "revenue_4q": null,
            "common_shares": 1729230,
            "book_valuer_per_share": 19.99,
            "book_valuer_per_share_4q_avg": 21.58,
            "equity": 3457017,
            "current_ratio": 178.84,
            "debt_ratio": 32.96,
            "inventory_turnover_ratio": 0.72,
            "account_receivable_turnover_ratio": null,
            "reinvestment_rate": 11.57,
            "research_to_sale_ratio": null,
            "price_fair": 112.82,
            "eps_avg_yearly": 3.22,
            "eps_latest_yearly": 1.76,
            "eps_growth_yearly": 62.59
        },
        "20083": {
            "year_quarter": 20083,
            "year": 2008,
            "quarter": 3,
            "eps": null,
            "eps_growth_year": null,
            "eps_4q": null,
            "eps_4q_growth_year": null,
            "roe": null,
            "roe_4q": 13.260000000000002,
            "gross_profit": null,
            "gross_margin": null,
            "gross_margin_4q_avg": 27.07,
            "net_income": null,
            "net_income_4q": null,
            "revenue": null,
            "revenue_4q": null,
            "common_shares": null,
            "book_valuer_per_share": null,
            "book_valuer_per_share_4q_avg": 16.3,
            "equity": null,
            "current_ratio": null,
            "debt_ratio": null,
            "inventory_turnover_ratio": null,
            "account_receivable_turnover_ratio": null,
            "reinvestment_rate": null,
            "research_to_sale_ratio": null,
            "price_fair": 116.71,
            "eps_avg_yearly": 3.33,
            "eps_latest_yearly": 1.76,
            "eps_growth_yearly": 75.32
        },
        "20084": {
            "year_quarter": 20084,
            "year": 2008,
            "quarter": 4,
            "eps": null,
            "eps_growth_year": null,
            "eps_4q": null,
            "eps_4q_growth_year": null,
            "roe": null,
            "roe_4q": 7.23,
            "gross_profit": null,
            "gross_margin": null,
            "gross_margin_4q_avg": 18.03,
            "net_income": null,
            "net_income_4q": null,
            "revenue": null,
            "revenue_4q": null,
            "common_shares": null,
            "book_valuer_per_share": null,
            "book_valuer_per_share_4q_avg": 10.74,
            "equity": null,
            "current_ratio": null,
            "debt_ratio": null,
            "inventory_turnover_ratio": null,
            "account_receivable_turnover_ratio": null,
            "reinvestment_rate": null,
            "research_to_sale_ratio": null,
            "price_fair": 116.71,
            "eps_avg_yearly": 3.33,
            "eps_latest_yearly": 1.76,
            "eps_growth_yearly": 75.32
        },
        "20091": {
            "year_quarter": 20091,
            "year": 2009,
            "quarter": 1,
            "eps": null,
            "eps_growth_year": null,
            "eps_4q": null,
            "eps_4q_growth_year": null,
            "roe": null,
            "roe_4q": 1.99,
            "gross_profit": null,
            "gross_margin": null,
            "gross_margin_4q_avg": 9.34,
            "net_income": null,
            "net_income_4q": null,
            "revenue": null,
            "revenue_4q": null,
            "common_shares": null,
            "book_valuer_per_share": null,
            "book_valuer_per_share_4q_avg": 5,
            "equity": null,
            "current_ratio": null,
            "debt_ratio": null,
            "inventory_turnover_ratio": null,
            "account_receivable_turnover_ratio": null,
            "reinvestment_rate": null,
            "research_to_sale_ratio": null,
            "price_fair": 116.71,
            "eps_avg_yearly": 3.33,
            "eps_latest_yearly": 1.76,
            "eps_growth_yearly": 75.32
        },
        "20092": {
            "year_quarter": 20092,
            "year": 2009,
            "quarter": 2,
            "eps": null,
            "eps_growth_year": null,
            "eps_4q": null,
            "eps_4q_growth_year": null,
            "roe": null,
            "roe_4q": 0,
            "gross_profit": null,
            "gross_margin": null,
            "gross_margin_4q_avg": 0,
            "net_income": null,
            "net_income_4q": null,
            "revenue": null,
            "revenue_4q": null,
            "common_shares": null,
            "book_valuer_per_share": null,
            "book_valuer_per_share_4q_avg": 0,
            "equity": null,
            "current_ratio": null,
            "debt_ratio": null,
            "inventory_turnover_ratio": null,
            "account_receivable_turnover_ratio": null,
            "reinvestment_rate": null,
            "research_to_sale_ratio": null,
            "price_fair": 116.71,
            "eps_avg_yearly": 3.33,
            "eps_latest_yearly": 1.76,
            "eps_growth_yearly": 75.32
        },
        "20093": {
            "year_quarter": 20093,
            "year": 2009,
            "quarter": 3,
            "eps": null,
            "eps_growth_year": null,
            "eps_4q": null,
            "eps_4q_growth_year": null,
            "roe": null,
            "roe_4q": 0,
            "gross_profit": null,
            "gross_margin": null,
            "gross_margin_4q_avg": 0,
            "net_income": null,
            "net_income_4q": null,
            "revenue": null,
            "revenue_4q": null,
            "common_shares": null,
            "book_valuer_per_share": null,
            "book_valuer_per_share_4q_avg": 0,
            "equity": null,
            "current_ratio": null,
            "debt_ratio": null,
            "inventory_turnover_ratio": null,
            "account_receivable_turnover_ratio": null,
            "reinvestment_rate": null,
            "research_to_sale_ratio": null,
            "price_fair": 116.71,
            "eps_avg_yearly": 3.33,
            "eps_latest_yearly": 1.76,
            "eps_growth_yearly": 75.32
        },
        "20094": {
            "year_quarter": 20094,
            "year": 2009,
            "quarter": 4,
            "eps": null,
            "eps_growth_year": null,
            "eps_4q": null,
            "eps_4q_growth_year": null,
            "roe": null,
            "roe_4q": 0,
            "gross_profit": null,
            "gross_margin": null,
            "gross_margin_4q_avg": 0,
            "net_income": null,
            "net_income_4q": null,
            "revenue": null,
            "revenue_4q": null,
            "common_shares": null,
            "book_valuer_per_share": null,
            "book_valuer_per_share_4q_avg": 0,
            "equity": null,
            "current_ratio": null,
            "debt_ratio": null,
            "inventory_turnover_ratio": null,
            "account_receivable_turnover_ratio": null,
            "reinvestment_rate": null,
            "research_to_sale_ratio": null,
            "price_fair": 120.54,
            "eps_avg_yearly": 3.44,
            "eps_latest_yearly": 1.76,
            "eps_growth_yearly": 86.13
        },
        "20101": {
            "year_quarter": 20101,
            "year": 2010,
            "quarter": 1,
            "eps": null,
            "eps_growth_year": null,
            "eps_4q": null,
            "eps_4q_growth_year": null,
            "roe": null,
            "roe_4q": 0,
            "gross_profit": null,
            "gross_margin": null,
            "gross_margin_4q_avg": 0,
            "net_income": null,
            "net_income_4q": null,
            "revenue": null,
            "revenue_4q": null,
            "common_shares": null,
            "book_valuer_per_share": null,
            "book_valuer_per_share_4q_avg": 0,
            "equity": null,
            "current_ratio": null,
            "debt_ratio": null,
            "inventory_turnover_ratio": null,
            "account_receivable_turnover_ratio": null,
            "reinvestment_rate": null,
            "research_to_sale_ratio": null,
            "price_fair": 124.76,
            "eps_avg_yearly": 3.56,
            "eps_latest_yearly": 1.76,
            "eps_growth_yearly": 93.32
        },
        "20102": {
            "year_quarter": 20102,
            "year": 2010,
            "quarter": 2,
            "eps": null,
            "eps_growth_year": null,
            "eps_4q": null,
            "eps_4q_growth_year": null,
            "roe": null,
            "roe_4q": 0,
            "gross_profit": null,
            "gross_margin": null,
            "gross_margin_4q_avg": 0,
            "net_income": null,
            "net_income_4q": null,
            "revenue": null,
            "revenue_4q": null,
            "common_shares": null,
            "book_valuer_per_share": null,
            "book_valuer_per_share_4q_avg": 0,
            "equity": null,
            "current_ratio": null,
            "debt_ratio": null,
            "inventory_turnover_ratio": null,
            "account_receivable_turnover_ratio": null,
            "reinvestment_rate": null,
            "research_to_sale_ratio": null,
            "price_fair": 131.95,
            "eps_avg_yearly": 3.77,
            "eps_latest_yearly": 1.76,
            "eps_growth_yearly": 114.3
        },
        "20103": {
            "year_quarter": 20103,
            "year": 2010,
            "quarter": 3,
            "eps": null,
            "eps_growth_year": null,
            "eps_4q": null,
            "eps_4q_growth_year": null,
            "roe": null,
            "roe_4q": 0,
            "gross_profit": null,
            "gross_margin": null,
            "gross_margin_4q_avg": 0,
            "net_income": null,
            "net_income_4q": null,
            "revenue": null,
            "revenue_4q": null,
            "common_shares": null,
            "book_valuer_per_share": null,
            "book_valuer_per_share_4q_avg": 0,
            "equity": null,
            "current_ratio": null,
            "debt_ratio": null,
            "inventory_turnover_ratio": null,
            "account_receivable_turnover_ratio": null,
            "reinvestment_rate": null,
            "research_to_sale_ratio": null,
            "price_fair": 124.8,
            "eps_avg_yearly": 3.57,
            "eps_latest_yearly": 1.76,
            "eps_growth_yearly": 33.01
        },
        "20104": {
            "year_quarter": 20104,
            "year": 2010,
            "quarter": 4,
            "eps": null,
            "eps_growth_year": null,
            "eps_4q": null,
            "eps_4q_growth_year": null,
            "roe": null,
            "roe_4q": 0,
            "gross_profit": null,
            "gross_margin": null,
            "gross_margin_4q_avg": 0,
            "net_income": null,
            "net_income_4q": null,
            "revenue": null,
            "revenue_4q": null,
            "common_shares": null,
            "book_valuer_per_share": null,
            "book_valuer_per_share_4q_avg": 0,
            "equity": null,
            "current_ratio": null,
            "debt_ratio": null,
            "inventory_turnover_ratio": null,
            "account_receivable_turnover_ratio": null,
            "reinvestment_rate": null,
            "research_to_sale_ratio": null,
            "price_fair": 134.63,
            "eps_avg_yearly": 3.85,
            "eps_latest_yearly": 1.76,
            "eps_growth_yearly": 81.08
        },
        "20111": {
            "year_quarter": 20111,
            "year": 2011,
            "quarter": 1,
            "eps": null,
            "eps_growth_year": null,
            "eps_4q": null,
            "eps_4q_growth_year": null,
            "roe": null,
            "roe_4q": 0,
            "gross_profit": null,
            "gross_margin": null,
            "gross_margin_4q_avg": 0,
            "net_income": null,
            "net_income_4q": null,
            "revenue": null,
            "revenue_4q": null,
            "common_shares": null,
            "book_valuer_per_share": null,
            "book_valuer_per_share_4q_avg": 0,
            "equity": null,
            "current_ratio": null,
            "debt_ratio": null,
            "inventory_turnover_ratio": null,
            "account_receivable_turnover_ratio": null,
            "reinvestment_rate": null,
            "research_to_sale_ratio": null,
            "price_fair": 11.3,
            "eps_avg_yearly": 3.77,
            "eps_latest_yearly": 1.76,
            "eps_growth_yearly": -3.13
        },
        "20112": {
            "year_quarter": 20112,
            "year": 2011,
            "quarter": 2,
            "eps": null,
            "eps_growth_year": null,
            "eps_4q": null,
            "eps_4q_growth_year": null,
            "roe": null,
            "roe_4q": 0,
            "gross_profit": null,
            "gross_margin": null,
            "gross_margin_4q_avg": 0,
            "net_income": null,
            "net_income_4q": null,
            "revenue": null,
            "revenue_4q": null,
            "common_shares": null,
            "book_valuer_per_share": null,
            "book_valuer_per_share_4q_avg": 0,
            "equity": null,
            "current_ratio": null,
            "debt_ratio": null,
            "inventory_turnover_ratio": null,
            "account_receivable_turnover_ratio": null,
            "reinvestment_rate": null,
            "research_to_sale_ratio": null,
            "price_fair": 144.9,
            "eps_avg_yearly": 4.14,
            "eps_latest_yearly": 1.76,
            "eps_growth_yearly": 42.31
        },
        "20113": {
            "year_quarter": 20113,
            "year": 2011,
            "quarter": 3,
            "eps": null,
            "eps_growth_year": null,
            "eps_4q": null,
            "eps_4q_growth_year": null,
            "roe": null,
            "roe_4q": 0,
            "gross_profit": null,
            "gross_margin": null,
            "gross_margin_4q_avg": 0,
            "net_income": null,
            "net_income_4q": null,
            "revenue": null,
            "revenue_4q": null,
            "common_shares": null,
            "book_valuer_per_share": null,
            "book_valuer_per_share_4q_avg": 0,
            "equity": null,
            "current_ratio": null,
            "debt_ratio": null,
            "inventory_turnover_ratio": null,
            "account_receivable_turnover_ratio": null,
            "reinvestment_rate": null,
            "research_to_sale_ratio": null,
            "price_fair": 12.24,
            "eps_avg_yearly": 4.08,
            "eps_latest_yearly": 1.76,
            "eps_growth_yearly": -62.88
        },
        "20114": {
            "year_quarter": 20114,
            "year": 2011,
            "quarter": 4,
            "eps": null,
            "eps_growth_year": null,
            "eps_4q": null,
            "eps_4q_growth_year": null,
            "roe": null,
            "roe_4q": 0,
            "gross_profit": null,
            "gross_margin": null,
            "gross_margin_4q_avg": 0,
            "net_income": null,
            "net_income_4q": null,
            "revenue": null,
            "revenue_4q": null,
            "common_shares": null,
            "book_valuer_per_share": null,
            "book_valuer_per_share_4q_avg": 0,
            "equity": null,
            "current_ratio": null,
            "debt_ratio": null,
            "inventory_turnover_ratio": null,
            "account_receivable_turnover_ratio": null,
            "reinvestment_rate": null,
            "research_to_sale_ratio": null,
            "price_fair": 9.96,
            "eps_avg_yearly": 3.32,
            "eps_latest_yearly": 1.76,
            "eps_growth_yearly": -153.58
        },
        "20121": {
            "year_quarter": 20121,
            "year": 2012,
            "quarter": 1,
            "eps": null,
            "eps_growth_year": null,
            "eps_4q": null,
            "eps_4q_growth_year": null,
            "roe": null,
            "roe_4q": 0,
            "gross_profit": null,
            "gross_margin": null,
            "gross_margin_4q_avg": 0,
            "net_income": null,
            "net_income_4q": null,
            "revenue": null,
            "revenue_4q": null,
            "common_shares": null,
            "book_valuer_per_share": null,
            "book_valuer_per_share_4q_avg": 0,
            "equity": null,
            "current_ratio": null,
            "debt_ratio": null,
            "inventory_turnover_ratio": null,
            "account_receivable_turnover_ratio": null,
            "reinvestment_rate": null,
            "research_to_sale_ratio": null,
            "price_fair": 5.28,
            "eps_avg_yearly": 1.76,
            "eps_latest_yearly": 1.76,
            "eps_growth_yearly": -255.74
        },
        "20122": {
            "year_quarter": 20122,
            "year": 2012,
            "quarter": 2,
            "eps": null,
            "eps_growth_year": null,
            "eps_4q": null,
            "eps_4q_growth_year": null,
            "roe": null,
            "roe_4q": 0,
            "gross_profit": null,
            "gross_margin": null,
            "gross_margin_4q_avg": 0,
            "net_income": null,
            "net_income_4q": null,
            "revenue": null,
            "revenue_4q": null,
            "common_shares": null,
            "book_valuer_per_share": null,
            "book_valuer_per_share_4q_avg": 0,
            "equity": null,
            "current_ratio": null,
            "debt_ratio": null,
            "inventory_turnover_ratio": null,
            "account_receivable_turnover_ratio": null,
            "reinvestment_rate": null,
            "research_to_sale_ratio": null,
            "price_fair": 0,
            "eps_avg_yearly": 0,
            "eps_latest_yearly": 0,
            "eps_growth_yearly": 0
        },
        "20123": {
            "year_quarter": 20123,
            "year": 2012,
            "quarter": 3,
            "eps": null,
            "eps_growth_year": null,
            "eps_4q": null,
            "eps_4q_growth_year": null,
            "roe": null,
            "roe_4q": 0,
            "gross_profit": null,
            "gross_margin": null,
            "gross_margin_4q_avg": 0,
            "net_income": null,
            "net_income_4q": null,
            "revenue": null,
            "revenue_4q": null,
            "common_shares": null,
            "book_valuer_per_share": null,
            "book_valuer_per_share_4q_avg": 0,
            "equity": null,
            "current_ratio": null,
            "debt_ratio": null,
            "inventory_turnover_ratio": null,
            "account_receivable_turnover_ratio": null,
            "reinvestment_rate": null,
            "research_to_sale_ratio": null,
            "price_fair": 0,
            "eps_avg_yearly": 0,
            "eps_latest_yearly": 0,
            "eps_growth_yearly": 0
        },
        "20124": {
            "year_quarter": 20124,
            "year": 2012,
            "quarter": 4,
            "eps": null,
            "eps_growth_year": null,
            "eps_4q": null,
            "eps_4q_growth_year": null,
            "roe": null,
            "roe_4q": 0,
            "gross_profit": null,
            "gross_margin": null,
            "gross_margin_4q_avg": 0,
            "net_income": null,
            "net_income_4q": null,
            "revenue": null,
            "revenue_4q": null,
            "common_shares": null,
            "book_valuer_per_share": null,
            "book_valuer_per_share_4q_avg": 0,
            "equity": null,
            "current_ratio": null,
            "debt_ratio": null,
            "inventory_turnover_ratio": null,
            "account_receivable_turnover_ratio": null,
            "reinvestment_rate": null,
            "research_to_sale_ratio": null,
            "price_fair": 0,
            "eps_avg_yearly": 0,
            "eps_latest_yearly": 0,
            "eps_growth_yearly": 0
        },
        "20131": {
            "year_quarter": 20131,
            "year": 2013,
            "quarter": 1,
            "eps": null,
            "eps_growth_year": null,
            "eps_4q": null,
            "eps_4q_growth_year": null,
            "roe": null,
            "roe_4q": 0,
            "gross_profit": null,
            "gross_margin": null,
            "gross_margin_4q_avg": 0,
            "net_income": null,
            "net_income_4q": null,
            "revenue": null,
            "revenue_4q": null,
            "common_shares": null,
            "book_valuer_per_share": null,
            "book_valuer_per_share_4q_avg": 0,
            "equity": null,
            "current_ratio": null,
            "debt_ratio": null,
            "inventory_turnover_ratio": null,
            "account_receivable_turnover_ratio": null,
            "reinvestment_rate": null,
            "research_to_sale_ratio": null,
            "price_fair": 0,
            "eps_avg_yearly": 0,
            "eps_latest_yearly": 0,
            "eps_growth_yearly": 0
        },
        "20132": {
            "year_quarter": 20132,
            "year": 2013,
            "quarter": 2,
            "eps": null,
            "eps_growth_year": null,
            "eps_4q": null,
            "eps_4q_growth_year": null,
            "roe": null,
            "roe_4q": 0,
            "gross_profit": null,
            "gross_margin": null,
            "gross_margin_4q_avg": 0,
            "net_income": null,
            "net_income_4q": null,
            "revenue": null,
            "revenue_4q": null,
            "common_shares": null,
            "book_valuer_per_share": null,
            "book_valuer_per_share_4q_avg": 0,
            "equity": null,
            "current_ratio": null,
            "debt_ratio": null,
            "inventory_turnover_ratio": null,
            "account_receivable_turnover_ratio": null,
            "reinvestment_rate": null,
            "research_to_sale_ratio": null,
            "price_fair": 0,
            "eps_avg_yearly": 0,
            "eps_latest_yearly": 0,
            "eps_growth_yearly": 0
        },
        "20133": {
            "year_quarter": 20133,
            "year": 2013,
            "quarter": 3,
            "eps": null,
            "eps_growth_year": null,
            "eps_4q": null,
            "eps_4q_growth_year": null,
            "roe": null,
            "roe_4q": 0,
            "gross_profit": null,
            "gross_margin": null,
            "gross_margin_4q_avg": 0,
            "net_income": null,
            "net_income_4q": null,
            "revenue": null,
            "revenue_4q": null,
            "common_shares": null,
            "book_valuer_per_share": null,
            "book_valuer_per_share_4q_avg": 0,
            "equity": null,
            "current_ratio": null,
            "debt_ratio": null,
            "inventory_turnover_ratio": null,
            "account_receivable_turnover_ratio": null,
            "reinvestment_rate": null,
            "research_to_sale_ratio": null,
            "price_fair": 0,
            "eps_avg_yearly": 0,
            "eps_latest_yearly": 0,
            "eps_growth_yearly": 0
        },
        "20134": {
            "year_quarter": 20134,
            "year": 2013,
            "quarter": 4,
            "eps": null,
            "eps_growth_year": null,
            "eps_4q": null,
            "eps_4q_growth_year": null,
            "roe": null,
            "roe_4q": 0,
            "gross_profit": null,
            "gross_margin": null,
            "gross_margin_4q_avg": 0,
            "net_income": null,
            "net_income_4q": null,
            "revenue": null,
            "revenue_4q": null,
            "common_shares": null,
            "book_valuer_per_share": null,
            "book_valuer_per_share_4q_avg": 0,
            "equity": null,
            "current_ratio": null,
            "debt_ratio": null,
            "inventory_turnover_ratio": null,
            "account_receivable_turnover_ratio": null,
            "reinvestment_rate": null,
            "research_to_sale_ratio": null,
            "price_fair": 0,
            "eps_avg_yearly": 0,
            "eps_latest_yearly": 0,
            "eps_growth_yearly": 0
        },
        "20141": {
            "year_quarter": 20141,
            "year": 2014,
            "quarter": 1,
            "eps": null,
            "eps_growth_year": null,
            "eps_4q": null,
            "eps_4q_growth_year": null,
            "roe": null,
            "roe_4q": 0,
            "gross_profit": null,
            "gross_margin": null,
            "gross_margin_4q_avg": 0,
            "net_income": null,
            "net_income_4q": null,
            "revenue": null,
            "revenue_4q": null,
            "common_shares": null,
            "book_valuer_per_share": null,
            "book_valuer_per_share_4q_avg": 0,
            "equity": null,
            "current_ratio": null,
            "debt_ratio": null,
            "inventory_turnover_ratio": null,
            "account_receivable_turnover_ratio": null,
            "reinvestment_rate": null,
            "research_to_sale_ratio": null,
            "price_fair": 0,
            "eps_avg_yearly": 0,
            "eps_latest_yearly": 0,
            "eps_growth_yearly": 0
        },
        "20142": {
            "year_quarter": 20142,
            "year": 2014,
            "quarter": 2,
            "eps": null,
            "eps_growth_year": null,
            "eps_4q": null,
            "eps_4q_growth_year": null,
            "roe": null,
            "roe_4q": 0,
            "gross_profit": null,
            "gross_margin": null,
            "gross_margin_4q_avg": 0,
            "net_income": null,
            "net_income_4q": null,
            "revenue": null,
            "revenue_4q": null,
            "common_shares": null,
            "book_valuer_per_share": null,
            "book_valuer_per_share_4q_avg": 0,
            "equity": null,
            "current_ratio": null,
            "debt_ratio": null,
            "inventory_turnover_ratio": null,
            "account_receivable_turnover_ratio": null,
            "reinvestment_rate": null,
            "research_to_sale_ratio": null,
            "price_fair": 0,
            "eps_avg_yearly": 0,
            "eps_latest_yearly": 0,
            "eps_growth_yearly": 0
        },
        "20143": {
            "year_quarter": 20143,
            "year": 2014,
            "quarter": 3,
            "eps": null,
            "eps_growth_year": null,
            "eps_4q": null,
            "eps_4q_growth_year": null,
            "roe": null,
            "roe_4q": 0,
            "gross_profit": null,
            "gross_margin": null,
            "gross_margin_4q_avg": 0,
            "net_income": null,
            "net_income_4q": null,
            "revenue": null,
            "revenue_4q": null,
            "common_shares": null,
            "book_valuer_per_share": null,
            "book_valuer_per_share_4q_avg": 0,
            "equity": null,
            "current_ratio": null,
            "debt_ratio": null,
            "inventory_turnover_ratio": null,
            "account_receivable_turnover_ratio": null,
            "reinvestment_rate": null,
            "research_to_sale_ratio": null,
            "price_fair": 0,
            "eps_avg_yearly": 0,
            "eps_latest_yearly": 0,
            "eps_growth_yearly": 0
        },
        "20144": {
            "year_quarter": 20144,
            "year": 2014,
            "quarter": 4,
            "eps": null,
            "eps_growth_year": null,
            "eps_4q": null,
            "eps_4q_growth_year": null,
            "roe": null,
            "roe_4q": 0,
            "gross_profit": null,
            "gross_margin": null,
            "gross_margin_4q_avg": 0,
            "net_income": null,
            "net_income_4q": null,
            "revenue": null,
            "revenue_4q": null,
            "common_shares": null,
            "book_valuer_per_share": null,
            "book_valuer_per_share_4q_avg": 0,
            "equity": null,
            "current_ratio": null,
            "debt_ratio": null,
            "inventory_turnover_ratio": null,
            "account_receivable_turnover_ratio": null,
            "reinvestment_rate": null,
            "research_to_sale_ratio": null,
            "price_fair": 0,
            "eps_avg_yearly": 0,
            "eps_latest_yearly": 0,
            "eps_growth_yearly": 0
        },
        "20151": {
            "year_quarter": 20151,
            "year": 2015,
            "quarter": 1,
            "eps": null,
            "eps_growth_year": null,
            "eps_4q": null,
            "eps_4q_growth_year": null,
            "roe": null,
            "roe_4q": 0,
            "gross_profit": null,
            "gross_margin": null,
            "gross_margin_4q_avg": 0,
            "net_income": null,
            "net_income_4q": null,
            "revenue": null,
            "revenue_4q": null,
            "common_shares": null,
            "book_valuer_per_share": null,
            "book_valuer_per_share_4q_avg": 0,
            "equity": null,
            "current_ratio": null,
            "debt_ratio": null,
            "inventory_turnover_ratio": null,
            "account_receivable_turnover_ratio": null,
            "reinvestment_rate": null,
            "research_to_sale_ratio": null,
            "price_fair": 0,
            "eps_avg_yearly": 0,
            "eps_latest_yearly": 0,
            "eps_growth_yearly": 0
        },
        "20152": {
            "year_quarter": 20152,
            "year": 2015,
            "quarter": 2,
            "eps": null,
            "eps_growth_year": null,
            "eps_4q": null,
            "eps_4q_growth_year": null,
            "roe": null,
            "roe_4q": 0,
            "gross_profit": null,
            "gross_margin": null,
            "gross_margin_4q_avg": 0,
            "net_income": null,
            "net_income_4q": null,
            "revenue": null,
            "revenue_4q": null,
            "common_shares": null,
            "book_valuer_per_share": null,
            "book_valuer_per_share_4q_avg": 0,
            "equity": null,
            "current_ratio": null,
            "debt_ratio": null,
            "inventory_turnover_ratio": null,
            "account_receivable_turnover_ratio": null,
            "reinvestment_rate": null,
            "research_to_sale_ratio": null,
            "price_fair": 0,
            "eps_avg_yearly": 0,
            "eps_latest_yearly": 0,
            "eps_growth_yearly": 0
        },
        "20153": {
            "year_quarter": 20153,
            "year": 2015,
            "quarter": 3,
            "eps": null,
            "eps_growth_year": null,
            "eps_4q": null,
            "eps_4q_growth_year": null,
            "roe": null,
            "roe_4q": 0,
            "gross_profit": null,
            "gross_margin": null,
            "gross_margin_4q_avg": 0,
            "net_income": null,
            "net_income_4q": null,
            "revenue": null,
            "revenue_4q": null,
            "common_shares": null,
            "book_valuer_per_share": null,
            "book_valuer_per_share_4q_avg": 0,
            "equity": null,
            "current_ratio": null,
            "debt_ratio": null,
            "inventory_turnover_ratio": null,
            "account_receivable_turnover_ratio": null,
            "reinvestment_rate": null,
            "research_to_sale_ratio": null,
            "price_fair": 0,
            "eps_avg_yearly": 0,
            "eps_latest_yearly": 0,
            "eps_growth_yearly": 0
        },
        "20154": {
            "year_quarter": 20154,
            "year": 2015,
            "quarter": 4,
            "eps": null,
            "eps_growth_year": null,
            "eps_4q": null,
            "eps_4q_growth_year": null,
            "roe": null,
            "roe_4q": 0,
            "gross_profit": null,
            "gross_margin": null,
            "gross_margin_4q_avg": 0,
            "net_income": null,
            "net_income_4q": null,
            "revenue": null,
            "revenue_4q": null,
            "common_shares": null,
            "book_valuer_per_share": null,
            "book_valuer_per_share_4q_avg": 0,
            "equity": null,
            "current_ratio": null,
            "debt_ratio": null,
            "inventory_turnover_ratio": null,
            "account_receivable_turnover_ratio": null,
            "reinvestment_rate": null,
            "research_to_sale_ratio": null,
            "price_fair": 0,
            "eps_avg_yearly": 0,
            "eps_latest_yearly": 0,
            "eps_growth_yearly": 0
        },
        "20161": {
            "year_quarter": 20161,
            "year": 2016,
            "quarter": 1,
            "eps": null,
            "eps_growth_year": null,
            "eps_4q": null,
            "eps_4q_growth_year": null,
            "roe": null,
            "roe_4q": 0,
            "gross_profit": null,
            "gross_margin": null,
            "gross_margin_4q_avg": 0,
            "net_income": null,
            "net_income_4q": null,
            "revenue": null,
            "revenue_4q": null,
            "common_shares": null,
            "book_valuer_per_share": null,
            "book_valuer_per_share_4q_avg": 0,
            "equity": null,
            "current_ratio": null,
            "debt_ratio": null,
            "inventory_turnover_ratio": null,
            "account_receivable_turnover_ratio": null,
            "reinvestment_rate": null,
            "research_to_sale_ratio": null,
            "price_fair": 0,
            "eps_avg_yearly": 0,
            "eps_latest_yearly": 0,
            "eps_growth_yearly": 0
        },
        "20162": {
            "year_quarter": 20162,
            "year": 2016,
            "quarter": 2,
            "eps": null,
            "eps_growth_year": null,
            "eps_4q": null,
            "eps_4q_growth_year": null,
            "roe": null,
            "roe_4q": 0,
            "gross_profit": null,
            "gross_margin": null,
            "gross_margin_4q_avg": 0,
            "net_income": null,
            "net_income_4q": null,
            "revenue": null,
            "revenue_4q": null,
            "common_shares": null,
            "book_valuer_per_share": null,
            "book_valuer_per_share_4q_avg": 0,
            "equity": null,
            "current_ratio": null,
            "debt_ratio": null,
            "inventory_turnover_ratio": null,
            "account_receivable_turnover_ratio": null,
            "reinvestment_rate": null,
            "research_to_sale_ratio": null,
            "price_fair": 0,
            "eps_avg_yearly": 0,
            "eps_latest_yearly": 0,
            "eps_growth_yearly": 0
        },
        "20163": {
            "year_quarter": 20163,
            "year": 2016,
            "quarter": 3,
            "eps": null,
            "eps_growth_year": null,
            "eps_4q": null,
            "eps_4q_growth_year": null,
            "roe": null,
            "roe_4q": 0,
            "gross_profit": null,
            "gross_margin": null,
            "gross_margin_4q_avg": 0,
            "net_income": null,
            "net_income_4q": null,
            "revenue": null,
            "revenue_4q": null,
            "common_shares": null,
            "book_valuer_per_share": null,
            "book_valuer_per_share_4q_avg": 0,
            "equity": null,
            "current_ratio": null,
            "debt_ratio": null,
            "inventory_turnover_ratio": null,
            "account_receivable_turnover_ratio": null,
            "reinvestment_rate": null,
            "research_to_sale_ratio": null,
            "price_fair": 0,
            "eps_avg_yearly": 0,
            "eps_latest_yearly": 0,
            "eps_growth_yearly": 0
        },
        "20164": {
            "year_quarter": 20164,
            "year": 2016,
            "quarter": 4,
            "eps": null,
            "eps_growth_year": null,
            "eps_4q": null,
            "eps_4q_growth_year": null,
            "roe": null,
            "roe_4q": 0,
            "gross_profit": null,
            "gross_margin": null,
            "gross_margin_4q_avg": 0,
            "net_income": null,
            "net_income_4q": null,
            "revenue": null,
            "revenue_4q": null,
            "common_shares": null,
            "book_valuer_per_share": null,
            "book_valuer_per_share_4q_avg": 0,
            "equity": null,
            "current_ratio": null,
            "debt_ratio": null,
            "inventory_turnover_ratio": null,
            "account_receivable_turnover_ratio": null,
            "reinvestment_rate": null,
            "research_to_sale_ratio": null,
            "price_fair": 0,
            "eps_avg_yearly": 0,
            "eps_latest_yearly": 0,
            "eps_growth_yearly": 0
        },
        "20171": {
            "year_quarter": 20171,
            "year": 2017,
            "quarter": 1,
            "eps": null,
            "eps_growth_year": null,
            "eps_4q": null,
            "eps_4q_growth_year": null,
            "roe": null,
            "roe_4q": 0,
            "gross_profit": null,
            "gross_margin": null,
            "gross_margin_4q_avg": 0,
            "net_income": null,
            "net_income_4q": null,
            "revenue": null,
            "revenue_4q": null,
            "common_shares": null,
            "book_valuer_per_share": null,
            "book_valuer_per_share_4q_avg": 0,
            "equity": null,
            "current_ratio": null,
            "debt_ratio": null,
            "inventory_turnover_ratio": null,
            "account_receivable_turnover_ratio": null,
            "reinvestment_rate": null,
            "research_to_sale_ratio": null,
            "price_fair": 0,
            "eps_avg_yearly": 0,
            "eps_latest_yearly": 0,
            "eps_growth_yearly": 0
        },
        "20172": {
            "year_quarter": 20172,
            "year": 2017,
            "quarter": 2,
            "eps": null,
            "eps_growth_year": null,
            "eps_4q": null,
            "eps_4q_growth_year": null,
            "roe": null,
            "roe_4q": 0,
            "gross_profit": null,
            "gross_margin": null,
            "gross_margin_4q_avg": 0,
            "net_income": null,
            "net_income_4q": null,
            "revenue": null,
            "revenue_4q": null,
            "common_shares": null,
            "book_valuer_per_share": null,
            "book_valuer_per_share_4q_avg": 0,
            "equity": null,
            "current_ratio": null,
            "debt_ratio": null,
            "inventory_turnover_ratio": null,
            "account_receivable_turnover_ratio": null,
            "reinvestment_rate": null,
            "research_to_sale_ratio": null,
            "price_fair": 0,
            "eps_avg_yearly": 0,
            "eps_latest_yearly": 0,
            "eps_growth_yearly": 0
        },
        "20173": {
            "year_quarter": 20173,
            "year": 2017,
            "quarter": 3,
            "eps": null,
            "eps_growth_year": null,
            "eps_4q": null,
            "eps_4q_growth_year": null,
            "roe": null,
            "roe_4q": 0,
            "gross_profit": null,
            "gross_margin": null,
            "gross_margin_4q_avg": 0,
            "net_income": null,
            "net_income_4q": null,
            "revenue": null,
            "revenue_4q": null,
            "common_shares": null,
            "book_valuer_per_share": null,
            "book_valuer_per_share_4q_avg": 0,
            "equity": null,
            "current_ratio": null,
            "debt_ratio": null,
            "inventory_turnover_ratio": null,
            "account_receivable_turnover_ratio": null,
            "reinvestment_rate": null,
            "research_to_sale_ratio": null,
            "price_fair": 0,
            "eps_avg_yearly": 0,
            "eps_latest_yearly": 0,
            "eps_growth_yearly": 0
        },
        "20174": {
            "year_quarter": 20174,
            "year": 2017,
            "quarter": 4,
            "eps": null,
            "eps_growth_year": null,
            "eps_4q": null,
            "eps_4q_growth_year": null,
            "roe": null,
            "roe_4q": 0,
            "gross_profit": null,
            "gross_margin": null,
            "gross_margin_4q_avg": 0,
            "net_income": null,
            "net_income_4q": null,
            "revenue": null,
            "revenue_4q": null,
            "common_shares": null,
            "book_valuer_per_share": null,
            "book_valuer_per_share_4q_avg": 0,
            "equity": null,
            "current_ratio": null,
            "debt_ratio": null,
            "inventory_turnover_ratio": null,
            "account_receivable_turnover_ratio": null,
            "reinvestment_rate": null,
            "research_to_sale_ratio": null,
            "price_fair": 0,
            "eps_avg_yearly": 0,
            "eps_latest_yearly": 0,
            "eps_growth_yearly": 0
        },
        "20181": {
            "year_quarter": 20181,
            "year": 2018,
            "quarter": 1,
            "eps": null,
            "eps_growth_year": null,
            "eps_4q": null,
            "eps_4q_growth_year": null,
            "roe": null,
            "roe_4q": 0,
            "gross_profit": null,
            "gross_margin": null,
            "gross_margin_4q_avg": 0,
            "net_income": null,
            "net_income_4q": null,
            "revenue": null,
            "revenue_4q": null,
            "common_shares": null,
            "book_valuer_per_share": null,
            "book_valuer_per_share_4q_avg": 0,
            "equity": null,
            "current_ratio": null,
            "debt_ratio": null,
            "inventory_turnover_ratio": null,
            "account_receivable_turnover_ratio": null,
            "reinvestment_rate": null,
            "research_to_sale_ratio": null,
            "price_fair": 0,
            "eps_avg_yearly": 0,
            "eps_latest_yearly": 0,
            "eps_growth_yearly": 0
        },
        "20182": {
            "year_quarter": 20182,
            "year": 2018,
            "quarter": 2,
            "eps": null,
            "eps_growth_year": null,
            "eps_4q": null,
            "eps_4q_growth_year": null,
            "roe": null,
            "roe_4q": 0,
            "gross_profit": null,
            "gross_margin": null,
            "gross_margin_4q_avg": 0,
            "net_income": null,
            "net_income_4q": null,
            "revenue": null,
            "revenue_4q": null,
            "common_shares": null,
            "book_valuer_per_share": null,
            "book_valuer_per_share_4q_avg": 0,
            "equity": null,
            "current_ratio": null,
            "debt_ratio": null,
            "inventory_turnover_ratio": null,
            "account_receivable_turnover_ratio": null,
            "reinvestment_rate": null,
            "research_to_sale_ratio": null,
            "price_fair": 0,
            "eps_avg_yearly": 0,
            "eps_latest_yearly": 0,
            "eps_growth_yearly": 0
        },
        "20183": {
            "year_quarter": 20183,
            "year": 2018,
            "quarter": 3,
            "eps": null,
            "eps_growth_year": null,
            "eps_4q": null,
            "eps_4q_growth_year": null,
            "roe": null,
            "roe_4q": 0,
            "gross_profit": null,
            "gross_margin": null,
            "gross_margin_4q_avg": 0,
            "net_income": null,
            "net_income_4q": null,
            "revenue": null,
            "revenue_4q": null,
            "common_shares": null,
            "book_valuer_per_share": null,
            "book_valuer_per_share_4q_avg": 0,
            "equity": null,
            "current_ratio": null,
            "debt_ratio": null,
            "inventory_turnover_ratio": null,
            "account_receivable_turnover_ratio": null,
            "reinvestment_rate": null,
            "research_to_sale_ratio": null,
            "price_fair": 0,
            "eps_avg_yearly": 0,
            "eps_latest_yearly": 0,
            "eps_growth_yearly": 0
        },
        "20184": {
            "year_quarter": 20184,
            "year": 2018,
            "quarter": 4,
            "eps": null,
            "eps_growth_year": null,
            "eps_4q": null,
            "eps_4q_growth_year": null,
            "roe": null,
            "roe_4q": 0,
            "gross_profit": null,
            "gross_margin": null,
            "gross_margin_4q_avg": 0,
            "net_income": null,
            "net_income_4q": null,
            "revenue": null,
            "revenue_4q": null,
            "common_shares": null,
            "book_valuer_per_share": null,
            "book_valuer_per_share_4q_avg": 0,
            "equity": null,
            "current_ratio": null,
            "debt_ratio": null,
            "inventory_turnover_ratio": null,
            "account_receivable_turnover_ratio": null,
            "reinvestment_rate": null,
            "research_to_sale_ratio": null,
            "price_fair": 0,
            "eps_avg_yearly": 0,
            "eps_latest_yearly": 0,
            "eps_growth_yearly": 0
        },
        "20191": {
            "year_quarter": 20191,
            "year": 2019,
            "quarter": 1,
            "eps": null,
            "eps_growth_year": null,
            "eps_4q": null,
            "eps_4q_growth_year": null,
            "roe": null,
            "roe_4q": 0,
            "gross_profit": null,
            "gross_margin": null,
            "gross_margin_4q_avg": 0,
            "net_income": null,
            "net_income_4q": null,
            "revenue": null,
            "revenue_4q": null,
            "common_shares": null,
            "book_valuer_per_share": null,
            "book_valuer_per_share_4q_avg": 0,
            "equity": null,
            "current_ratio": null,
            "debt_ratio": null,
            "inventory_turnover_ratio": null,
            "account_receivable_turnover_ratio": null,
            "reinvestment_rate": null,
            "research_to_sale_ratio": null,
            "price_fair": 0,
            "eps_avg_yearly": 0,
            "eps_latest_yearly": 0,
            "eps_growth_yearly": 0
        },
        "20192": {
            "year_quarter": 20192,
            "year": 2019,
            "quarter": 2,
            "eps": null,
            "eps_growth_year": null,
            "eps_4q": null,
            "eps_4q_growth_year": null,
            "roe": null,
            "roe_4q": 0,
            "gross_profit": null,
            "gross_margin": null,
            "gross_margin_4q_avg": 0,
            "net_income": null,
            "net_income_4q": null,
            "revenue": null,
            "revenue_4q": null,
            "common_shares": null,
            "book_valuer_per_share": null,
            "book_valuer_per_share_4q_avg": 0,
            "equity": null,
            "current_ratio": null,
            "debt_ratio": null,
            "inventory_turnover_ratio": null,
            "account_receivable_turnover_ratio": null,
            "reinvestment_rate": null,
            "research_to_sale_ratio": null,
            "price_fair": 0,
            "eps_avg_yearly": 0,
            "eps_latest_yearly": 0,
            "eps_growth_yearly": 0
        },
        "20193": {
            "year_quarter": 20193,
            "year": 2019,
            "quarter": 3,
            "eps": null,
            "eps_growth_year": null,
            "eps_4q": null,
            "eps_4q_growth_year": null,
            "roe": null,
            "roe_4q": 0,
            "gross_profit": null,
            "gross_margin": null,
            "gross_margin_4q_avg": 0,
            "net_income": null,
            "net_income_4q": null,
            "revenue": null,
            "revenue_4q": null,
            "common_shares": null,
            "book_valuer_per_share": null,
            "book_valuer_per_share_4q_avg": 0,
            "equity": null,
            "current_ratio": null,
            "debt_ratio": null,
            "inventory_turnover_ratio": null,
            "account_receivable_turnover_ratio": null,
            "reinvestment_rate": null,
            "research_to_sale_ratio": null,
            "price_fair": 0,
            "eps_avg_yearly": 0,
            "eps_latest_yearly": 0,
            "eps_growth_yearly": 0
        },
        "20194": {
            "year_quarter": 20194,
            "year": 2019,
            "quarter": 4,
            "eps": null,
            "eps_growth_year": null,
            "eps_4q": null,
            "eps_4q_growth_year": null,
            "roe": null,
            "roe_4q": 0,
            "gross_profit": null,
            "gross_margin": null,
            "gross_margin_4q_avg": 0,
            "net_income": null,
            "net_income_4q": null,
            "revenue": null,
            "revenue_4q": null,
            "common_shares": null,
            "book_valuer_per_share": null,
            "book_valuer_per_share_4q_avg": 0,
            "equity": null,
            "current_ratio": null,
            "debt_ratio": null,
            "inventory_turnover_ratio": null,
            "account_receivable_turnover_ratio": null,
            "reinvestment_rate": null,
            "research_to_sale_ratio": null,
            "price_fair": 0,
            "eps_avg_yearly": 0,
            "eps_latest_yearly": 0,
            "eps_growth_yearly": 0
        },
        "20201": {
            "year_quarter": 20201,
            "year": 2020,
            "quarter": 1,
            "eps": null,
            "eps_growth_year": null,
            "eps_4q": null,
            "eps_4q_growth_year": null,
            "roe": null,
            "roe_4q": 0,
            "gross_profit": null,
            "gross_margin": null,
            "gross_margin_4q_avg": 0,
            "net_income": null,
            "net_income_4q": null,
            "revenue": null,
            "revenue_4q": null,
            "common_shares": null,
            "book_valuer_per_share": null,
            "book_valuer_per_share_4q_avg": 0,
            "equity": null,
            "current_ratio": null,
            "debt_ratio": null,
            "inventory_turnover_ratio": null,
            "account_receivable_turnover_ratio": null,
            "reinvestment_rate": null,
            "research_to_sale_ratio": null,
            "price_fair": 0,
            "eps_avg_yearly": 0,
            "eps_latest_yearly": 0,
            "eps_growth_yearly": 0
        },
        "20202": {
            "year_quarter": 20202,
            "year": 2020,
            "quarter": 2,
            "eps": null,
            "eps_growth_year": null,
            "eps_4q": null,
            "eps_4q_growth_year": null,
            "roe": null,
            "roe_4q": 0,
            "gross_profit": null,
            "gross_margin": null,
            "gross_margin_4q_avg": 0,
            "net_income": null,
            "net_income_4q": null,
            "revenue": null,
            "revenue_4q": null,
            "common_shares": null,
            "book_valuer_per_share": null,
            "book_valuer_per_share_4q_avg": 0,
            "equity": null,
            "current_ratio": null,
            "debt_ratio": null,
            "inventory_turnover_ratio": null,
            "account_receivable_turnover_ratio": null,
            "reinvestment_rate": null,
            "research_to_sale_ratio": null,
            "price_fair": 0,
            "eps_avg_yearly": 0,
            "eps_latest_yearly": 0,
            "eps_growth_yearly": 0
        },
        "20203": {
            "year_quarter": 20203,
            "year": 2020,
            "quarter": 3,
            "eps": null,
            "eps_growth_year": null,
            "eps_4q": null,
            "eps_4q_growth_year": null,
            "roe": null,
            "roe_4q": 0,
            "gross_profit": null,
            "gross_margin": null,
            "gross_margin_4q_avg": 0,
            "net_income": null,
            "net_income_4q": null,
            "revenue": null,
            "revenue_4q": null,
            "common_shares": null,
            "book_valuer_per_share": null,
            "book_valuer_per_share_4q_avg": 0,
            "equity": null,
            "current_ratio": null,
            "debt_ratio": null,
            "inventory_turnover_ratio": null,
            "account_receivable_turnover_ratio": null,
            "reinvestment_rate": null,
            "research_to_sale_ratio": null,
            "price_fair": 0,
            "eps_avg_yearly": 0,
            "eps_latest_yearly": 0,
            "eps_growth_yearly": 0
        },
        "20204": {
            "year_quarter": 20204,
            "year": 2020,
            "quarter": 4,
            "eps": null,
            "eps_growth_year": null,
            "eps_4q": null,
            "eps_4q_growth_year": null,
            "roe": null,
            "roe_4q": 0,
            "gross_profit": null,
            "gross_margin": null,
            "gross_margin_4q_avg": 0,
            "net_income": null,
            "net_income_4q": null,
            "revenue": null,
            "revenue_4q": null,
            "common_shares": null,
            "book_valuer_per_share": null,
            "book_valuer_per_share_4q_avg": 0,
            "equity": null,
            "current_ratio": null,
            "debt_ratio": null,
            "inventory_turnover_ratio": null,
            "account_receivable_turnover_ratio": null,
            "reinvestment_rate": null,
            "research_to_sale_ratio": null,
            "price_fair": 0,
            "eps_avg_yearly": 0,
            "eps_latest_yearly": 0,
            "eps_growth_yearly": 0
        },
        "20211": {
            "year_quarter": 20211,
            "year": 2021,
            "quarter": 1,
            "eps": null,
            "eps_growth_year": null,
            "eps_4q": null,
            "eps_4q_growth_year": null,
            "roe": null,
            "roe_4q": 0,
            "gross_profit": null,
            "gross_margin": null,
            "gross_margin_4q_avg": 0,
            "net_income": null,
            "net_income_4q": null,
            "revenue": null,
            "revenue_4q": null,
            "common_shares": null,
            "book_valuer_per_share": null,
            "book_valuer_per_share_4q_avg": 0,
            "equity": null,
            "current_ratio": null,
            "debt_ratio": null,
            "inventory_turnover_ratio": null,
            "account_receivable_turnover_ratio": null,
            "reinvestment_rate": null,
            "research_to_sale_ratio": null,
            "price_fair": 0,
            "eps_avg_yearly": 0,
            "eps_latest_yearly": 0,
            "eps_growth_yearly": 0
        },
        "20212": {
            "year_quarter": 20212,
            "year": 2021,
            "quarter": 2,
            "eps": null,
            "eps_growth_year": null,
            "eps_4q": null,
            "eps_4q_growth_year": null,
            "roe": null,
            "roe_4q": 0,
            "gross_profit": null,
            "gross_margin": null,
            "gross_margin_4q_avg": 0,
            "net_income": null,
            "net_income_4q": null,
            "revenue": null,
            "revenue_4q": null,
            "common_shares": null,
            "book_valuer_per_share": null,
            "book_valuer_per_share_4q_avg": 0,
            "equity": null,
            "current_ratio": null,
            "debt_ratio": null,
            "inventory_turnover_ratio": null,
            "account_receivable_turnover_ratio": null,
            "reinvestment_rate": null,
            "research_to_sale_ratio": null,
            "price_fair": 0,
            "eps_avg_yearly": 0,
            "eps_latest_yearly": 0,
            "eps_growth_yearly": 0
        },
        "20213": {
            "year_quarter": 20213,
            "year": 2021,
            "quarter": 3,
            "eps": null,
            "eps_growth_year": null,
            "eps_4q": null,
            "eps_4q_growth_year": null,
            "roe": null,
            "roe_4q": 0,
            "gross_profit": null,
            "gross_margin": null,
            "gross_margin_4q_avg": 0,
            "net_income": null,
            "net_income_4q": null,
            "revenue": null,
            "revenue_4q": null,
            "common_shares": null,
            "book_valuer_per_share": null,
            "book_valuer_per_share_4q_avg": 0,
            "equity": null,
            "current_ratio": null,
            "debt_ratio": null,
            "inventory_turnover_ratio": null,
            "account_receivable_turnover_ratio": null,
            "reinvestment_rate": null,
            "research_to_sale_ratio": null,
            "price_fair": 0,
            "eps_avg_yearly": 0,
            "eps_latest_yearly": 0,
            "eps_growth_yearly": 0
        },
        "20214": {
            "year_quarter": 20214,
            "year": 2021,
            "quarter": 4,
            "eps": null,
            "eps_growth_year": null,
            "eps_4q": null,
            "eps_4q_growth_year": null,
            "roe": null,
            "roe_4q": 0,
            "gross_profit": null,
            "gross_margin": null,
            "gross_margin_4q_avg": 0,
            "net_income": null,
            "net_income_4q": null,
            "revenue": null,
            "revenue_4q": null,
            "common_shares": null,
            "book_valuer_per_share": null,
            "book_valuer_per_share_4q_avg": 0,
            "equity": null,
            "current_ratio": null,
            "debt_ratio": null,
            "inventory_turnover_ratio": null,
            "account_receivable_turnover_ratio": null,
            "reinvestment_rate": null,
            "research_to_sale_ratio": null,
            "price_fair": 0,
            "eps_avg_yearly": 0,
            "eps_latest_yearly": 0,
            "eps_growth_yearly": 0
        },
        "20221": {
            "year_quarter": 20221,
            "year": 2022,
            "quarter": 1,
            "eps": null,
            "eps_growth_year": null,
            "eps_4q": null,
            "eps_4q_growth_year": null,
            "roe": null,
            "roe_4q": 0,
            "gross_profit": null,
            "gross_margin": null,
            "gross_margin_4q_avg": 0,
            "net_income": null,
            "net_income_4q": null,
            "revenue": null,
            "revenue_4q": null,
            "common_shares": null,
            "book_valuer_per_share": null,
            "book_valuer_per_share_4q_avg": 0,
            "equity": null,
            "current_ratio": null,
            "debt_ratio": null,
            "inventory_turnover_ratio": null,
            "account_receivable_turnover_ratio": null,
            "reinvestment_rate": null,
            "research_to_sale_ratio": null,
            "price_fair": 0,
            "eps_avg_yearly": 0,
            "eps_latest_yearly": 0,
            "eps_growth_yearly": 0
        },
        "20222": {
            "year_quarter": 20222,
            "year": 2022,
            "quarter": 2,
            "eps": null,
            "eps_growth_year": null,
            "eps_4q": null,
            "eps_4q_growth_year": null,
            "roe": null,
            "roe_4q": 0,
            "gross_profit": null,
            "gross_margin": null,
            "gross_margin_4q_avg": 0,
            "net_income": null,
            "net_income_4q": null,
            "revenue": null,
            "revenue_4q": null,
            "common_shares": null,
            "book_valuer_per_share": null,
            "book_valuer_per_share_4q_avg": 0,
            "equity": null,
            "current_ratio": null,
            "debt_ratio": null,
            "inventory_turnover_ratio": null,
            "account_receivable_turnover_ratio": null,
            "reinvestment_rate": null,
            "research_to_sale_ratio": null,
            "price_fair": 0,
            "eps_avg_yearly": 0,
            "eps_latest_yearly": 0,
            "eps_growth_yearly": 0
        },
        "20223": {
            "year_quarter": 20223,
            "year": 2022,
            "quarter": 3,
            "eps": null,
            "eps_growth_year": null,
            "eps_4q": null,
            "eps_4q_growth_year": null,
            "roe": null,
            "roe_4q": 0,
            "gross_profit": null,
            "gross_margin": null,
            "gross_margin_4q_avg": 0,
            "net_income": null,
            "net_income_4q": null,
            "revenue": null,
            "revenue_4q": null,
            "common_shares": null,
            "book_valuer_per_share": null,
            "book_valuer_per_share_4q_avg": 0,
            "equity": null,
            "current_ratio": null,
            "debt_ratio": null,
            "inventory_turnover_ratio": null,
            "account_receivable_turnover_ratio": null,
            "reinvestment_rate": null,
            "research_to_sale_ratio": null,
            "price_fair": 0,
            "eps_avg_yearly": 0,
            "eps_latest_yearly": 0,
            "eps_growth_yearly": 0
        },
        "20224": {
            "year_quarter": 20224,
            "year": 2022,
            "quarter": 4,
            "eps": null,
            "eps_growth_year": null,
            "eps_4q": null,
            "eps_4q_growth_year": null,
            "roe": null,
            "roe_4q": 0,
            "gross_profit": null,
            "gross_margin": null,
            "gross_margin_4q_avg": 0,
            "net_income": null,
            "net_income_4q": null,
            "revenue": null,
            "revenue_4q": null,
            "common_shares": 600000,
            "book_valuer_per_share": 17.5,
            "book_valuer_per_share_4q_avg": 4.38,
            "equity": 1050026,
            "current_ratio": 285.02,
            "debt_ratio": 31.4,
            "inventory_turnover_ratio": null,
            "account_receivable_turnover_ratio": null,
            "reinvestment_rate": null,
            "research_to_sale_ratio": null,
            "price_fair": 0,
            "eps_avg_yearly": 0,
            "eps_latest_yearly": 0,
            "eps_growth_yearly": 0
        },
        "20231": {
            "year_quarter": 20231,
            "year": 2023,
            "quarter": 1,
            "eps": 0.2,
            "eps_growth_year": null,
            "eps_4q": null,
            "eps_4q_growth_year": null,
            "roe": 1.12,
            "roe_4q": 1.12,
            "gross_profit": 61959,
            "gross_margin": 14.92,
            "gross_margin_4q_avg": 3.73,
            "net_income": 11954,
            "net_income_4q": null,
            "revenue": 415234,
            "revenue_4q": null,
            "common_shares": 600000,
            "book_valuer_per_share": 18.09,
            "book_valuer_per_share_4q_avg": 8.9,
            "equity": 1085638,
            "current_ratio": 356.09,
            "debt_ratio": 24.74,
            "inventory_turnover_ratio": 3.52,
            "account_receivable_turnover_ratio": 1.27,
            "reinvestment_rate": null,
            "research_to_sale_ratio": 2.62,
            "price_fair": 0,
            "eps_avg_yearly": 0,
            "eps_latest_yearly": 0,
            "eps_growth_yearly": 0
        },
        "20232": {
            "year_quarter": 20232,
            "year": 2023,
            "quarter": 2,
            "eps": 0.43,
            "eps_growth_year": null,
            "eps_4q": null,
            "eps_4q_growth_year": null,
            "roe": 2.42,
            "roe_4q": 3.54,
            "gross_profit": 75510,
            "gross_margin": 15,
            "gross_margin_4q_avg": 7.48,
            "net_income": 26249,
            "net_income_4q": null,
            "revenue": 503398,
            "revenue_4q": null,
            "common_shares": 618600,
            "book_valuer_per_share": 17.47,
            "book_valuer_per_share_4q_avg": 13.27,
            "equity": 1080519,
            "current_ratio": 295.95,
            "debt_ratio": 29.22,
            "inventory_turnover_ratio": 4.38,
            "account_receivable_turnover_ratio": 1.53,
            "reinvestment_rate": null,
            "research_to_sale_ratio": 2.9,
            "price_fair": 60.2,
            "eps_avg_yearly": 1.72,
            "eps_latest_yearly": 1.72,
            "eps_growth_yearly": 460
        },
        "20233": {
            "year_quarter": 20233,
            "year": 2023,
            "quarter": 3,
            "eps": 0.41,
            "eps_growth_year": null,
            "eps_4q": null,
            "eps_4q_growth_year": null,
            "roe": 2.28,
            "roe_4q": 5.819999999999999,
            "gross_profit": 75984,
            "gross_margin": 13.31,
            "gross_margin_4q_avg": 10.81,
            "net_income": 25307,
            "net_income_4q": null,
            "revenue": 570893,
            "revenue_4q": null,
            "common_shares": 618600,
            "book_valuer_per_share": 18.46,
            "book_valuer_per_share_4q_avg": 17.88,
            "equity": 1142215,
            "current_ratio": 236.56,
            "debt_ratio": 36.33,
            "inventory_turnover_ratio": 5.13,
            "account_receivable_turnover_ratio": 1.57,
            "reinvestment_rate": null,
            "research_to_sale_ratio": 3.48,
            "price_fair": 58.8,
            "eps_avg_yearly": 1.68,
            "eps_latest_yearly": 1.64,
            "eps_growth_yearly": 220.7
        }
    },
    "months": {
        "2001-06": {
            "month": "2001-06",
            "price": "27.94",
            "revenue": 96302
        },
        "2001-07": {
            "month": "2001-07",
            "price": "18.63",
            "revenue": 62727
        },
        "2001-08": {
            "month": "2001-08",
            "price": "17.61",
            "revenue": 68436
        },
        "2001-09": {
            "month": "2001-09",
            "price": "12.16",
            "revenue": 52178
        },
        "2001-10": {
            "month": "2001-10",
            "price": "11.10",
            "revenue": 47810
        },
        "2001-11": {
            "month": "2001-11",
            "price": "13.34",
            "revenue": 55127
        },
        "2001-12": {
            "month": "2001-12",
            "price": "19.80",
            "revenue": 63357
        },
        "2002-01": {
            "month": "2002-01",
            "price": "23.85",
            "revenue": 89145
        },
        "2002-02": {
            "month": "2002-02",
            "price": "26.44",
            "revenue": 69467
        },
        "2002-03": {
            "month": "2002-03",
            "price": "26.57",
            "revenue": 81904
        },
        "2002-04": {
            "month": "2002-04",
            "price": "24.92",
            "revenue": 79714
        },
        "2002-05": {
            "month": "2002-05",
            "price": "18.57",
            "revenue": 73316
        },
        "2002-06": {
            "month": "2002-06",
            "price": "17.36",
            "revenue": 64264
        },
        "2002-07": {
            "month": "2002-07",
            "price": "14.50",
            "revenue": 67682
        },
        "2002-08": {
            "month": "2002-08",
            "price": "14.52",
            "revenue": 81409
        },
        "2002-09": {
            "month": "2002-09",
            "price": "13.54",
            "revenue": 67225
        },
        "2002-10": {
            "month": "2002-10",
            "price": "12.14",
            "revenue": 78428
        },
        "2002-11": {
            "month": "2002-11",
            "price": "13.22",
            "revenue": 79004
        },
        "2002-12": {
            "month": "2002-12",
            "price": "12.26",
            "revenue": 76741
        },
        "2003-01": {
            "month": "2003-01",
            "price": "12.36",
            "revenue": 78909
        },
        "2003-02": {
            "month": "2003-02",
            "price": "11.82",
            "revenue": 59809
        },
        "2003-03": {
            "month": "2003-03",
            "price": "10.55",
            "revenue": 56632
        },
        "2003-04": {
            "month": "2003-04",
            "price": "10.01",
            "revenue": 72725
        },
        "2003-05": {
            "month": "2003-05",
            "price": "9.79",
            "revenue": 70706
        },
        "2003-06": {
            "month": "2003-06",
            "price": "13.16",
            "revenue": 87268
        },
        "2003-07": {
            "month": "2003-07",
            "price": "19.14",
            "revenue": 100059
        },
        "2003-08": {
            "month": "2003-08",
            "price": "21.42",
            "revenue": 91209
        },
        "2003-09": {
            "month": "2003-09",
            "price": "18.55",
            "revenue": 89319
        },
        "2003-10": {
            "month": "2003-10",
            "price": "17.88",
            "revenue": 84556
        },
        "2003-11": {
            "month": "2003-11",
            "price": "18.66",
            "revenue": 82770
        },
        "2003-12": {
            "month": "2003-12",
            "price": "18.77",
            "revenue": 124130
        },
        "2004-01": {
            "month": "2004-01",
            "price": "20.18",
            "revenue": 92260
        },
        "2004-02": {
            "month": "2004-02",
            "price": "22.42",
            "revenue": 138221
        },
        "2004-03": {
            "month": "2004-03",
            "price": "22.44",
            "revenue": 158056
        },
        "2004-04": {
            "month": "2004-04",
            "price": "24.49",
            "revenue": 125869
        },
        "2004-05": {
            "month": "2004-05",
            "price": "20.42",
            "revenue": 112030
        },
        "2004-06": {
            "month": "2004-06",
            "price": "19.00",
            "revenue": 108541
        },
        "2004-07": {
            "month": "2004-07",
            "price": "16.67",
            "revenue": 102613
        },
        "2004-08": {
            "month": "2004-08",
            "price": "16.12",
            "revenue": 91507
        },
        "2004-09": {
            "month": "2004-09",
            "price": "16.85",
            "revenue": 98273
        },
        "2004-10": {
            "month": "2004-10",
            "price": "16.31",
            "revenue": 91183
        },
        "2004-11": {
            "month": "2004-11",
            "price": "15.56",
            "revenue": 97070
        },
        "2004-12": {
            "month": "2004-12",
            "price": "15.19",
            "revenue": 95441
        },
        "2005-01": {
            "month": "2005-01",
            "price": "15.25",
            "revenue": 94943
        },
        "2005-02": {
            "month": "2005-02",
            "price": "19.01",
            "revenue": 98352
        },
        "2005-03": {
            "month": "2005-03",
            "price": "22.16",
            "revenue": 130791
        },
        "2005-04": {
            "month": "2005-04",
            "price": "21.57",
            "revenue": 165194
        },
        "2005-05": {
            "month": "2005-05",
            "price": "21.33",
            "revenue": 159741
        },
        "2005-06": {
            "month": "2005-06",
            "price": "21.34",
            "revenue": 152872
        },
        "2005-07": {
            "month": "2005-07",
            "price": "24.70",
            "revenue": 135872
        },
        "2005-08": {
            "month": "2005-08",
            "price": "24.46",
            "revenue": 144220
        },
        "2005-09": {
            "month": "2005-09",
            "price": "19.59",
            "revenue": 130754
        },
        "2005-10": {
            "month": "2005-10",
            "price": "18.40",
            "revenue": 139284
        },
        "2005-11": {
            "month": "2005-11",
            "price": "18.75",
            "revenue": 142229
        },
        "2005-12": {
            "month": "2005-12",
            "price": "22.72",
            "revenue": 147502
        },
        "2006-01": {
            "month": "2006-01",
            "price": "25.20",
            "revenue": 154112
        },
        "2006-02": {
            "month": "2006-02",
            "price": "22.87",
            "revenue": 154351
        },
        "2006-03": {
            "month": "2006-03",
            "price": "22.32",
            "revenue": 181449
        },
        "2006-04": {
            "month": "2006-04",
            "price": "32.06",
            "revenue": 185430
        },
        "2006-05": {
            "month": "2006-05",
            "price": "36.68",
            "revenue": 200285
        },
        "2006-06": {
            "month": "2006-06",
            "price": "29.28",
            "revenue": 195855
        },
        "2006-07": {
            "month": "2006-07",
            "price": "27.49",
            "revenue": 178919
        },
        "2006-08": {
            "month": "2006-08",
            "price": "26.73",
            "revenue": 154462
        },
        "2006-09": {
            "month": "2006-09",
            "price": "25.45",
            "revenue": 188625
        },
        "2006-10": {
            "month": "2006-10",
            "price": "28.22",
            "revenue": 171237
        },
        "2006-11": {
            "month": "2006-11",
            "price": "32.00",
            "revenue": 284998
        },
        "2006-12": {
            "month": "2006-12",
            "price": "35.06",
            "revenue": 331567
        },
        "2007-01": {
            "month": "2007-01",
            "price": "35.22",
            "revenue": 365668
        },
        "2007-02": {
            "month": "2007-02",
            "price": "34.96",
            "revenue": 253470
        },
        "2007-03": {
            "month": "2007-03",
            "price": "34.68",
            "revenue": 331638
        },
        "2007-04": {
            "month": "2007-04",
            "price": "46.04",
            "revenue": 276464
        },
        "2007-05": {
            "month": "2007-05",
            "price": "52.81",
            "revenue": 312002
        },
        "2007-06": {
            "month": "2007-06",
            "price": "54.34",
            "revenue": 247947
        },
        "2007-07": {
            "month": "2007-07",
            "price": "59.87",
            "revenue": 302104
        },
        "2023-05": {
            "month": "2023-05",
            "price": "28.60",
            "revenue": 152557
        },
        "2023-06": {
            "month": "2023-06",
            "price": "48.44",
            "revenue": 214497
        },
        "2023-07": {
            "month": "2023-07",
            "price": "47.00",
            "revenue": 187144
        },
        "2023-08": {
            "month": "2023-08",
            "price": "44.03",
            "revenue": 189849
        },
        "2023-09": {
            "month": "2023-09",
            "price": "39.19",
            "revenue": 193900
        },
        "2023-10": {
            "month": "2023-10",
            "price": "40.81",
            "revenue": 146674
        },
        "2023-11": {
            "month": "2023-11",
            "price": "42.18",
            "revenue": 189414
        },
        "2023-12": {
            "month": "2023-12",
            "price": "40.00",
            "revenue": 260253
        }
    }
}
