{
    "summary": {
        "stock_name": "互盛電",
        "stock_id": "2433",
        "category": "其他電子",
        "main_business": "事務機器電腦傳真機之買賣進出口修理及出租業務<br>電子及機械零組件買賣業務<br>有(無)線通信傳輸設備之買賣及工程承包、裝設",
        "website_url": "http://www.eosasc.com.tw",
        "ceo": "翁國華",
        "pe_ratio": 14,
        "report_year_from": 2001,
        "report_year_to": 2023,
        "age": 22,
        "eps_negative_percentage": 4,
        "eps_growth_avg": {
            "last_all": 15.95,
            "last_2y": -2.67,
            "last_4y": 0.53,
            "last_8y": -2.01,
            "last_12y": 13.42,
            "last_16y": 9.4,
            "last_20y": 15.95,
            "at_2006_last_3y": 24.04,
            "at_2007_last_3y": 25.29,
            "at_2008_last_3y": 6.16,
            "at_2009_last_3y": -3.64,
            "at_2010_last_3y": 24.94,
            "at_2011_last_3y": 24.53,
            "at_2012_last_3y": 19.84,
            "at_2013_last_3y": 48.12,
            "at_2014_last_3y": 25.67,
            "at_2015_last_3y": 2.99,
            "at_2016_last_3y": 7.11,
            "at_2017_last_3y": -5.17,
            "at_2018_last_3y": 3.23,
            "at_2019_last_3y": 5.22,
            "at_2020_last_3y": 8.02,
            "at_2021_last_3y": -0,
            "at_2022_last_3y": 1.89,
            "at_2023_last_3y": 1.89,
            "at_2006_last_all": 24.04,
            "at_2007_last_all": 39.24,
            "at_2008_last_all": 29.98,
            "at_2009_last_all": 20.67,
            "at_2010_last_all": 24.49,
            "at_2011_last_all": 32.7,
            "at_2012_last_all": 25.93,
            "at_2013_last_all": 30.65,
            "at_2014_last_all": 24.88,
            "at_2015_last_all": 23.56,
            "at_2016_last_all": 20.55,
            "at_2017_last_all": 21.1,
            "at_2018_last_all": 19.47,
            "at_2019_last_all": 19.24,
            "at_2020_last_all": 17.77,
            "at_2021_last_all": 16.66,
            "at_2022_last_all": 15.95,
            "at_2023_last_all": 15.95
        },
        "latest_eps": 3.82,
        "latest_price": 53.5,
        "latest_roe": 12.23,
        "latest_gross_margin": 33.9,
        "latest_equity": 4270358,
        "latest_revenue": 718777,
        "latest_gross_profit": 243692,
        "latest_net_income": 88981,
        "latest_debt_ratio": 45.38,
        "latest_current_ratio": 193.19,
        "latest_account_receivable_turnover_ratio": 2.05,
        "latest_inventory_turnover_ratio": 2.3,
        "latest_reinvestment_rate": -47.32,
        "latest_research_to_sale_ratio": null
    },
    "eps_dividends": {
        "1998": {
            "cash": 1,
            "stock": 1,
            "eps": 0
        },
        "1999": {
            "cash": 0,
            "stock": 3,
            "eps": 0
        },
        "2000": {
            "cash": 0,
            "stock": 3,
            "eps": 0
        },
        "2001": {
            "cash": 1,
            "stock": 2,
            "eps": -2.04
        },
        "2002": {
            "cash": 0,
            "stock": 0,
            "eps": 0.4
        },
        "2003": {
            "cash": 0,
            "stock": 0,
            "eps": 0.78
        },
        "2004": {
            "cash": 0,
            "stock": 0,
            "eps": 1.25
        },
        "2005": {
            "cash": 1,
            "stock": 0,
            "eps": 1.3
        },
        "2006": {
            "cash": 1,
            "stock": 0,
            "eps": 0.48
        },
        "2007": {
            "cash": 1,
            "stock": 0,
            "eps": 2.95
        },
        "2008": {
            "cash": 3,
            "stock": 0,
            "eps": 2.47
        },
        "2009": {
            "cash": 2,
            "stock": 0,
            "eps": 1.6
        },
        "2010": {
            "cash": 1,
            "stock": 0,
            "eps": 2.42
        },
        "2011": {
            "cash": 6,
            "stock": 0,
            "eps": 4.8
        },
        "2012": {
            "cash": 0,
            "stock": 0,
            "eps": 3.12
        },
        "2013": {
            "cash": 3,
            "stock": 0,
            "eps": 5.55
        },
        "2014": {
            "cash": 4,
            "stock": 0,
            "eps": 3.41
        },
        "2015": {
            "cash": 3,
            "stock": 0,
            "eps": 3.67
        },
        "2016": {
            "cash": 3,
            "stock": 0,
            "eps": 2.99
        },
        "2017": {
            "cash": 3,
            "stock": 0,
            "eps": 3.85
        },
        "2018": {
            "cash": 4,
            "stock": 0,
            "eps": 3.66
        },
        "2019": {
            "cash": 4,
            "stock": 0,
            "eps": 4.23
        },
        "2020": {
            "cash": 4,
            "stock": 0,
            "eps": 3.92
        },
        "2021": {
            "cash": 4,
            "stock": 0,
            "eps": 3.79
        },
        "2022": {
            "cash": 4,
            "stock": 0,
            "eps": 3.89
        },
        "2023": {
            "cash": 4,
            "stock": 0,
            "eps": 0.57
        }
    },
    "dividends": {
        "1998-05-12": {
            "cash": 1,
            "stock": 1
        },
        "1999-05-17": {
            "cash": 0,
            "stock": 2.5
        },
        "2000-05-10": {
            "cash": 0,
            "stock": 2.5
        },
        "2001-04-27": {
            "cash": 0.5,
            "stock": 2
        },
        "2004-04-23": {
            "cash": 0.35,
            "stock": 0
        },
        "2005-04-28": {
            "cash": 0.8,
            "stock": 0
        },
        "2006-03-24": {
            "cash": 1.08,
            "stock": 0
        },
        "2007-04-25": {
            "cash": 0.55,
            "stock": 0
        },
        "2008-04-25": {
            "cash": 2.59,
            "stock": 0.01
        },
        "2009-03-23": {
            "cash": 2.25,
            "stock": 0
        },
        "2010-04-06": {
            "cash": 1.44,
            "stock": 0
        },
        "2011-01-01": {
            "cash": 4.35,
            "stock": 0
        },
        "2011-03-21": {
            "cash": 2.18,
            "stock": 0
        },
        "2013-03-14": {
            "cash": 2.5,
            "stock": 0
        },
        "2014-06-11": {
            "cash": 4,
            "stock": 0
        },
        "2015-07-10": {
            "cash": 3.2,
            "stock": 0
        },
        "2016-07-13": {
            "cash": 3.3,
            "stock": 0
        },
        "2017-07-18": {
            "cash": 2.7,
            "stock": 0
        },
        "2018-07-25": {
            "cash": 3.5,
            "stock": 0
        },
        "2019-07-24": {
            "cash": 3.5,
            "stock": 0
        },
        "2020-07-22": {
            "cash": 3.8,
            "stock": 0
        },
        "2021-08-25": {
            "cash": 3.6,
            "stock": 0
        },
        "2022-07-20": {
            "cash": 3.5,
            "stock": 0
        },
        "2023-03-10": {
            "cash": 3.6,
            "stock": 0
        }
    },
    "prices": {
        "200101": "20.18",
        "200102": "27.17",
        "200103": "28.01",
        "200104": "28.98",
        "200105": "23.20",
        "200106": "21.08",
        "200107": "13.09",
        "200108": "10.55",
        "200109": "7.16",
        "200110": "6.54",
        "200111": "7.39",
        "200112": "9.68",
        "200201": "13.53",
        "200202": "14.56",
        "200203": "14.66",
        "200204": "16.11",
        "200205": "11.95",
        "200206": "8.90",
        "200207": "7.96",
        "200208": "7.64",
        "200209": "7.13",
        "200210": "6.71",
        "200211": "7.09",
        "200212": "6.18",
        "200301": "6.64",
        "200302": "6.71",
        "200303": "6.14",
        "200304": "6.18",
        "200305": "6.23",
        "200306": "8.10",
        "200307": "8.78",
        "200308": "7.72",
        "200309": "7.57",
        "200310": "8.05",
        "200311": "10.02",
        "200312": "11.20",
        "200401": "11.80",
        "200402": "12.44",
        "200403": "12.09",
        "200404": "12.35",
        "200405": "11.70",
        "200406": "11.12",
        "200407": "10.81",
        "200408": "10.98",
        "200409": "11.93",
        "200410": "12.30",
        "200411": "12.64",
        "200412": "13.39",
        "200501": "13.80",
        "200502": "14.01",
        "200503": "13.27",
        "200504": "13.80",
        "200505": "14.04",
        "200506": "13.61",
        "200507": "12.58",
        "200508": "11.75",
        "200509": "11.46",
        "200510": "11.46",
        "200511": "12.58",
        "200512": "13.12",
        "200601": "13.54",
        "200602": "12.79",
        "200603": "12.63",
        "200604": "12.79",
        "200605": "12.82",
        "200606": "12.52",
        "200607": "12.03",
        "200608": "11.22",
        "200609": "10.90",
        "200610": "11.57",
        "200611": "13.92",
        "200612": "14.87",
        "200701": "15.74",
        "200702": "15.27",
        "200703": "15.09",
        "200704": "14.72",
        "200705": "13.95",
        "200706": "14.39",
        "200707": "15.34",
        "200708": "18.45",
        "200709": "18.59",
        "200710": "18.87",
        "200711": "20.31",
        "200712": "20.22",
        "200801": "18.96",
        "200802": "18.57",
        "200803": "19.84",
        "200804": "21.27",
        "200805": "23.81",
        "200806": "22.54",
        "200807": "19.52",
        "200808": "16.38",
        "200809": "16.74",
        "200810": "17.06",
        "200811": "15.47",
        "200812": "14.85",
        "200901": "14.64",
        "200902": "13.65",
        "200903": "15.81",
        "200904": "19.02",
        "200905": "20.24",
        "200906": "21.23",
        "200907": "18.34",
        "200908": "17.56",
        "200909": "17.22",
        "200910": "17.65",
        "200911": "18.29",
        "200912": "19.97",
        "201001": "22.80",
        "201002": "20.49",
        "201003": "22.38",
        "201004": "24.69",
        "201005": "22.29",
        "201006": "20.98",
        "201007": "21.92",
        "201008": "24.82",
        "201009": "28.37",
        "201010": "28.92",
        "201011": "28.68",
        "201012": "30.84",
        "201101": "31.63",
        "201102": "34.30",
        "201103": "31.59",
        "201104": "30.40",
        "201105": "29.65",
        "201106": "29.73",
        "201107": "29.70",
        "201108": "32.36",
        "201109": "31.87",
        "201110": "34.00",
        "201111": "35.28",
        "201112": "34.17",
        "201201": "33.61",
        "201202": "37.39",
        "201203": "40.38",
        "201204": "41.18",
        "201205": "39.05",
        "201206": "36.63",
        "201207": "28.76",
        "201208": "29.63",
        "201209": "28.59",
        "201210": "26.45",
        "201211": "27.78",
        "201212": "28.53",
        "201301": "28.67",
        "201302": "30.38",
        "201303": "31.79",
        "201304": "35.06",
        "201305": "35.53",
        "201306": "35.52",
        "201307": "34.59",
        "201308": "40.12",
        "201309": "41.87",
        "201310": "45.48",
        "201311": "46.37",
        "201312": "51.07",
        "201401": "50.90",
        "201402": "51.25",
        "201403": "51.08",
        "201404": "50.56",
        "201405": "47.57",
        "201406": "45.34",
        "201407": "41.38",
        "201408": "40.54",
        "201409": "39.93",
        "201410": "41.75",
        "201411": "43.14",
        "201412": "43.85",
        "201501": "44.05",
        "201502": "44.38",
        "201503": "45.62",
        "201504": "45.96",
        "201505": "46.53",
        "201506": "45.03",
        "201507": "44.07",
        "201508": "43.65",
        "201509": "43.88",
        "201510": "45.36",
        "201511": "44.69",
        "201512": "43.16",
        "201601": "42.63",
        "201602": "44.45",
        "201603": "46.45",
        "201604": "46.62",
        "201605": "43.65",
        "201606": "42.58",
        "201607": "41.08",
        "201608": "39.36",
        "201609": "38.29",
        "201610": "38.39",
        "201611": "38.81",
        "201612": "39.65",
        "201701": "40.24",
        "201702": "41.64",
        "201703": "41.82",
        "201704": "40.71",
        "201705": "42.55",
        "201706": "43.41",
        "201707": "42.13",
        "201708": "41.53",
        "201709": "42.01",
        "201710": "43.18",
        "201711": "43.80",
        "201712": "43.09",
        "201801": "44.61",
        "201802": "44.87",
        "201803": "47.07",
        "201804": "47.67",
        "201805": "46.49",
        "201806": "46.79",
        "201807": "44.07",
        "201808": "43.12",
        "201809": "42.84",
        "201810": "40.64",
        "201811": "41.07",
        "201812": "42.10",
        "201901": "42.00",
        "201902": "43.18",
        "201903": "46.22",
        "201904": "46.74",
        "201905": "47.08",
        "201906": "48.36",
        "201907": "48.44",
        "201908": "48.10",
        "201909": "48.73",
        "201910": "48.79",
        "201911": "50.82",
        "201912": "54.68",
        "202001": "54.93",
        "202002": "53.30",
        "202003": "48.60",
        "202004": "50.76",
        "202005": "52.37",
        "202006": "54.19",
        "202007": "51.65",
        "202008": "49.57",
        "202009": "48.49",
        "202010": "48.35",
        "202011": "49.84",
        "202012": "51.23",
        "202101": "50.50",
        "202102": "50.64",
        "202103": "53.02",
        "202104": "54.41",
        "202105": "52.27",
        "202106": "53.42",
        "202107": "53.88",
        "202108": "51.10",
        "202109": "50.32",
        "202110": "50.44",
        "202111": "51.30",
        "202112": "51.20",
        "202201": "51.18",
        "202202": "51.36",
        "202203": "51.67",
        "202204": "51.88",
        "202205": "51.07",
        "202206": "51.39",
        "202207": "48.84",
        "202208": "48.78",
        "202209": "48.18",
        "202210": "45.97",
        "202211": "46.98",
        "202212": "48.18",
        "202301": "48.43",
        "202302": "49.34",
        "202303": "51.40",
        "202304": "53.00",
        "202305": "53.42"
    },
    "quarters": {
        "20011": {
            "year_quarter": 20011,
            "year": 2001,
            "quarter": 1,
            "eps": 0.46,
            "eps_growth_year": -91.32,
            "eps_4q": -0.67,
            "eps_4q_growth_year": -109.77,
            "roe": 2.98,
            "roe_4q": 2.98,
            "gross_profit": 155057,
            "gross_margin": 37.48,
            "gross_margin_4q_avg": 37.48,
            "net_income": 67336,
            "revenue": 413708,
            "common_shares": 1514119,
            "book_valuer_per_share": 15.14,
            "book_valuer_per_share_4q_avg": 15.14,
            "equity": 2292543,
            "current_ratio": 182.03,
            "debt_ratio": 26.62,
            "inventory_turnover_ratio": 0.89,
            "account_receivable_turnover_ratio": null,
            "reinvestment_rate": null,
            "research_to_sale_ratio": null,
            "price_fair": 0,
            "eps_avg_yearly": 0,
            "eps_latest_yearly": 0,
            "eps_growth_yearly": 0
        },
        "20012": {
            "year_quarter": 20012,
            "year": 2001,
            "quarter": 2,
            "eps": -0.28,
            "eps_growth_year": -411.11,
            "eps_4q": -0.89,
            "eps_4q_growth_year": -117.62,
            "roe": -2.18,
            "roe_4q": 0.7999999999999998,
            "gross_profit": 154307,
            "gross_margin": 32.23,
            "gross_margin_4q_avg": 34.86,
            "net_income": -48632,
            "revenue": 478804,
            "common_shares": 1805502,
            "book_valuer_per_share": 12.01,
            "book_valuer_per_share_4q_avg": 13.58,
            "equity": 2168516,
            "current_ratio": 148.18,
            "debt_ratio": 34.1,
            "inventory_turnover_ratio": 1.18,
            "account_receivable_turnover_ratio": null,
            "reinvestment_rate": null,
            "research_to_sale_ratio": null,
            "price_fair": 0,
            "eps_avg_yearly": 0,
            "eps_latest_yearly": 0,
            "eps_growth_yearly": 0
        },
        "20013": {
            "year_quarter": 20013,
            "year": 2001,
            "quarter": 3,
            "eps": -2,
            "eps_growth_year": null,
            "eps_4q": -2.72,
            "eps_4q_growth_year": -159.09,
            "roe": -17.74,
            "roe_4q": -16.939999999999998,
            "gross_profit": 144298,
            "gross_margin": 35.77,
            "gross_margin_4q_avg": 35.16,
            "net_income": -349757,
            "revenue": 403420,
            "common_shares": 1805502,
            "book_valuer_per_share": 9.83,
            "book_valuer_per_share_4q_avg": 12.33,
            "equity": 1774874,
            "current_ratio": 83.78,
            "debt_ratio": 41.84,
            "inventory_turnover_ratio": 0.92,
            "account_receivable_turnover_ratio": null,
            "reinvestment_rate": null,
            "research_to_sale_ratio": null,
            "price_fair": 0,
            "eps_avg_yearly": 0,
            "eps_latest_yearly": 0,
            "eps_growth_yearly": 0
        },
        "20014": {
            "year_quarter": 20014,
            "year": 2001,
            "quarter": 4,
            "eps": -0.22,
            "eps_growth_year": null,
            "eps_4q": -2.12,
            "eps_4q_growth_year": -166.67,
            "roe": -2.21,
            "roe_4q": -19.15,
            "gross_profit": 128929,
            "gross_margin": 38.23,
            "gross_margin_4q_avg": 35.93,
            "net_income": -38802,
            "revenue": 337219,
            "common_shares": 1805502,
            "book_valuer_per_share": 9.65,
            "book_valuer_per_share_4q_avg": 11.66,
            "equity": 1741824,
            "current_ratio": 109.02,
            "debt_ratio": 40.2,
            "inventory_turnover_ratio": 0.79,
            "account_receivable_turnover_ratio": null,
            "reinvestment_rate": null,
            "research_to_sale_ratio": null,
            "price_fair": 0,
            "eps_avg_yearly": 0,
            "eps_latest_yearly": 0,
            "eps_growth_yearly": 0
        },
        "20021": {
            "year_quarter": 20021,
            "year": 2002,
            "quarter": 1,
            "eps": 0.19,
            "eps_growth_year": -58.7,
            "eps_4q": -2.27,
            "eps_4q_growth_year": null,
            "roe": 1.92,
            "roe_4q": -20.209999999999997,
            "gross_profit": 137363,
            "gross_margin": 48.92,
            "gross_margin_4q_avg": 38.79,
            "net_income": 33758,
            "revenue": 280769,
            "common_shares": 1805502,
            "book_valuer_per_share": 9.87,
            "book_valuer_per_share_4q_avg": 10.34,
            "equity": 1782614,
            "current_ratio": 89.29,
            "debt_ratio": 35.39,
            "inventory_turnover_ratio": 0.69,
            "account_receivable_turnover_ratio": null,
            "reinvestment_rate": null,
            "research_to_sale_ratio": null,
            "price_fair": 0,
            "eps_avg_yearly": 0,
            "eps_latest_yearly": 0,
            "eps_growth_yearly": 0
        },
        "20022": {
            "year_quarter": 20022,
            "year": 2002,
            "quarter": 2,
            "eps": -0.15,
            "eps_growth_year": null,
            "eps_4q": -2.11,
            "eps_4q_growth_year": null,
            "roe": -1.45,
            "roe_4q": -19.479999999999997,
            "gross_profit": 129191,
            "gross_margin": 42.13,
            "gross_margin_4q_avg": 41.26,
            "net_income": -25478,
            "revenue": 306666,
            "common_shares": 1805502,
            "book_valuer_per_share": 9.64,
            "book_valuer_per_share_4q_avg": 9.75,
            "equity": 1739758,
            "current_ratio": 85.12,
            "debt_ratio": 34.87,
            "inventory_turnover_ratio": 0.96,
            "account_receivable_turnover_ratio": null,
            "reinvestment_rate": null,
            "research_to_sale_ratio": null,
            "price_fair": 0,
            "eps_avg_yearly": 0,
            "eps_latest_yearly": 0,
            "eps_growth_yearly": 0
        },
        "20023": {
            "year_quarter": 20023,
            "year": 2002,
            "quarter": 3,
            "eps": -0.03,
            "eps_growth_year": null,
            "eps_4q": -0.2,
            "eps_4q_growth_year": null,
            "roe": -0.33,
            "roe_4q": -2.0700000000000003,
            "gross_profit": 142751,
            "gross_margin": 45.33,
            "gross_margin_4q_avg": 43.65,
            "net_income": -5725,
            "revenue": 314907,
            "common_shares": 1805502,
            "book_valuer_per_share": 9.64,
            "book_valuer_per_share_4q_avg": 9.7,
            "equity": 1741092,
            "current_ratio": 85.65,
            "debt_ratio": 33.35,
            "inventory_turnover_ratio": 0.94,
            "account_receivable_turnover_ratio": null,
            "reinvestment_rate": null,
            "research_to_sale_ratio": null,
            "price_fair": 0,
            "eps_avg_yearly": 0,
            "eps_latest_yearly": 0,
            "eps_growth_yearly": 0
        },
        "20024": {
            "year_quarter": 20024,
            "year": 2002,
            "quarter": 4,
            "eps": 0.39,
            "eps_growth_year": null,
            "eps_4q": 0.4,
            "eps_4q_growth_year": null,
            "roe": 3.63,
            "roe_4q": 3.7699999999999996,
            "gross_profit": 138452,
            "gross_margin": 43.98,
            "gross_margin_4q_avg": 45.09,
            "net_income": 68477,
            "revenue": 314835,
            "common_shares": 1805502,
            "book_valuer_per_share": 10,
            "book_valuer_per_share_4q_avg": 9.79,
            "equity": 2027078,
            "current_ratio": 78.58,
            "debt_ratio": 33.61,
            "inventory_turnover_ratio": 0.91,
            "account_receivable_turnover_ratio": null,
            "reinvestment_rate": 69.46,
            "research_to_sale_ratio": null,
            "price_fair": 0,
            "eps_avg_yearly": 0,
            "eps_latest_yearly": 0,
            "eps_growth_yearly": 0
        },
        "20031": {
            "year_quarter": 20031,
            "year": 2003,
            "quarter": 1,
            "eps": 0.01,
            "eps_growth_year": -94.74,
            "eps_4q": 0.16,
            "eps_4q_growth_year": null,
            "roe": 0.13,
            "roe_4q": 1.9799999999999998,
            "gross_profit": 136384,
            "gross_margin": 45.79,
            "gross_margin_4q_avg": 44.31,
            "net_income": 2558,
            "revenue": 297875,
            "common_shares": 1805502,
            "book_valuer_per_share": 10.01,
            "book_valuer_per_share_4q_avg": 9.82,
            "equity": 1807223,
            "current_ratio": 68.04,
            "debt_ratio": 40.63,
            "inventory_turnover_ratio": 0.94,
            "account_receivable_turnover_ratio": null,
            "reinvestment_rate": -9.21,
            "research_to_sale_ratio": null,
            "price_fair": 0.12,
            "eps_avg_yearly": 0.04,
            "eps_latest_yearly": 0.04,
            "eps_growth_yearly": -389.74
        },
        "20032": {
            "year_quarter": 20032,
            "year": 2003,
            "quarter": 2,
            "eps": -0.01,
            "eps_growth_year": null,
            "eps_4q": 0.35,
            "eps_4q_growth_year": null,
            "roe": -0.09,
            "roe_4q": 3.34,
            "gross_profit": 139780,
            "gross_margin": 45.6,
            "gross_margin_4q_avg": 45.18,
            "net_income": -1665,
            "revenue": 306531,
            "common_shares": 1805502,
            "book_valuer_per_share": 10.1,
            "book_valuer_per_share_4q_avg": 9.94,
            "equity": 1823712,
            "current_ratio": 75.03,
            "debt_ratio": 39.75,
            "inventory_turnover_ratio": 1.12,
            "account_receivable_turnover_ratio": null,
            "reinvestment_rate": -142.7,
            "research_to_sale_ratio": null,
            "price_fair": 0.12,
            "eps_avg_yearly": 0.04,
            "eps_latest_yearly": 0.04,
            "eps_growth_yearly": -389.74
        },
        "20033": {
            "year_quarter": 20033,
            "year": 2003,
            "quarter": 3,
            "eps": 0.52,
            "eps_growth_year": null,
            "eps_4q": 0.92,
            "eps_4q_growth_year": null,
            "roe": 4.86,
            "roe_4q": 8.530000000000001,
            "gross_profit": 144607,
            "gross_margin": 47.45,
            "gross_margin_4q_avg": 45.71,
            "net_income": 91290,
            "revenue": 304731,
            "common_shares": 1805502,
            "book_valuer_per_share": 10.69,
            "book_valuer_per_share_4q_avg": 10.2,
            "equity": 1930425,
            "current_ratio": 67.01,
            "debt_ratio": 37.5,
            "inventory_turnover_ratio": 1.01,
            "account_receivable_turnover_ratio": null,
            "reinvestment_rate": -119.99,
            "research_to_sale_ratio": null,
            "price_fair": 0.12,
            "eps_avg_yearly": 0.04,
            "eps_latest_yearly": 0.04,
            "eps_growth_yearly": -389.74
        },
        "20034": {
            "year_quarter": 20034,
            "year": 2003,
            "quarter": 4,
            "eps": 0.26,
            "eps_growth_year": -33.33,
            "eps_4q": 0.8,
            "eps_4q_growth_year": 96.83,
            "roe": 2.28,
            "roe_4q": 7.180000000000001,
            "gross_profit": 148761,
            "gross_margin": 46.69,
            "gross_margin_4q_avg": 46.38,
            "net_income": 44693,
            "revenue": 318638,
            "common_shares": 1748302,
            "book_valuer_per_share": 11.39,
            "book_valuer_per_share_4q_avg": 10.55,
            "equity": 1990465,
            "current_ratio": 86.83,
            "debt_ratio": 38.44,
            "inventory_turnover_ratio": 0.97,
            "account_receivable_turnover_ratio": null,
            "reinvestment_rate": -43.93,
            "research_to_sale_ratio": null,
            "price_fair": 1.62,
            "eps_avg_yearly": 0.54,
            "eps_latest_yearly": 1.04,
            "eps_growth_yearly": -294.87
        },
        "20041": {
            "year_quarter": 20041,
            "year": 2004,
            "quarter": 1,
            "eps": 0.17,
            "eps_growth_year": 1600,
            "eps_4q": 0.96,
            "eps_4q_growth_year": 516.74,
            "roe": 1.44,
            "roe_4q": 8.49,
            "gross_profit": 139683,
            "gross_margin": 47.55,
            "gross_margin_4q_avg": 46.82,
            "net_income": 28891,
            "revenue": 293747,
            "common_shares": 1748302,
            "book_valuer_per_share": 11.52,
            "book_valuer_per_share_4q_avg": 10.93,
            "equity": 2014225,
            "current_ratio": 89.69,
            "debt_ratio": 35.98,
            "inventory_turnover_ratio": 0.85,
            "account_receivable_turnover_ratio": null,
            "reinvestment_rate": null,
            "research_to_sale_ratio": null,
            "price_fair": 1.76,
            "eps_avg_yearly": 0.59,
            "eps_latest_yearly": 0.68,
            "eps_growth_yearly": -242.74
        },
        "20042": {
            "year_quarter": 20042,
            "year": 2004,
            "quarter": 2,
            "eps": 0.31,
            "eps_growth_year": null,
            "eps_4q": 1.28,
            "eps_4q_growth_year": 263.18,
            "roe": 2.73,
            "roe_4q": 11.309999999999999,
            "gross_profit": 147498,
            "gross_margin": 44.97,
            "gross_margin_4q_avg": 46.67,
            "net_income": 52679,
            "revenue": 328016,
            "common_shares": 1748302,
            "book_valuer_per_share": 10.53,
            "book_valuer_per_share_4q_avg": 11.03,
            "equity": 1841825,
            "current_ratio": 71.49,
            "debt_ratio": 40.42,
            "inventory_turnover_ratio": 0.92,
            "account_receivable_turnover_ratio": null,
            "reinvestment_rate": null,
            "research_to_sale_ratio": null,
            "price_fair": 2.25,
            "eps_avg_yearly": 0.75,
            "eps_latest_yearly": 1.24,
            "eps_growth_yearly": -99.7
        },
        "20043": {
            "year_quarter": 20043,
            "year": 2004,
            "quarter": 3,
            "eps": 0.24,
            "eps_growth_year": -53.85,
            "eps_4q": 1.01,
            "eps_4q_growth_year": 10.15,
            "roe": 2.13,
            "roe_4q": 8.579999999999998,
            "gross_profit": 153108,
            "gross_margin": 44.81,
            "gross_margin_4q_avg": 46.01,
            "net_income": 39454,
            "revenue": 341711,
            "common_shares": 1648302,
            "book_valuer_per_share": 11.27,
            "book_valuer_per_share_4q_avg": 11.18,
            "equity": 1858045,
            "current_ratio": 85.78,
            "debt_ratio": 41.19,
            "inventory_turnover_ratio": 0.88,
            "account_receivable_turnover_ratio": null,
            "reinvestment_rate": null,
            "research_to_sale_ratio": null,
            "price_fair": 2.38,
            "eps_avg_yearly": 0.79,
            "eps_latest_yearly": 0.96,
            "eps_growth_yearly": -97.82
        },
        "20044": {
            "year_quarter": 20044,
            "year": 2004,
            "quarter": 4,
            "eps": 0.53,
            "eps_growth_year": 103.85,
            "eps_4q": 1.3,
            "eps_4q_growth_year": 62.64,
            "roe": 4.57,
            "roe_4q": 10.87,
            "gross_profit": 144368,
            "gross_margin": 41.6,
            "gross_margin_4q_avg": 44.73,
            "net_income": 83844,
            "revenue": 347075,
            "common_shares": 1592562,
            "book_valuer_per_share": 11.38,
            "book_valuer_per_share_4q_avg": 11.18,
            "equity": 1812678,
            "current_ratio": 70.51,
            "debt_ratio": 49.77,
            "inventory_turnover_ratio": 1.03,
            "account_receivable_turnover_ratio": null,
            "reinvestment_rate": 133.82,
            "research_to_sale_ratio": null,
            "price_fair": 3.04,
            "eps_avg_yearly": 1.01,
            "eps_latest_yearly": 2.12,
            "eps_growth_yearly": -0.96
        },
        "20051": {
            "year_quarter": 20051,
            "year": 2005,
            "quarter": 1,
            "eps": 0.25,
            "eps_growth_year": 47.06,
            "eps_4q": 1.42,
            "eps_4q_growth_year": 48.14,
            "roe": 2.06,
            "roe_4q": 11.490000000000002,
            "gross_profit": 149165,
            "gross_margin": 47.52,
            "gross_margin_4q_avg": 44.73,
            "net_income": 37515,
            "revenue": 313910,
            "common_shares": 1592562,
            "book_valuer_per_share": 11.44,
            "book_valuer_per_share_4q_avg": 11.16,
            "equity": 1822415,
            "current_ratio": 78.8,
            "debt_ratio": 41.31,
            "inventory_turnover_ratio": 0.93,
            "account_receivable_turnover_ratio": null,
            "reinvestment_rate": -2782.78,
            "research_to_sale_ratio": null,
            "price_fair": 3.03,
            "eps_avg_yearly": 1.01,
            "eps_latest_yearly": 1,
            "eps_growth_yearly": -31.01
        },
        "20052": {
            "year_quarter": 20052,
            "year": 2005,
            "quarter": 2,
            "eps": 0.31,
            "eps_growth_year": 0,
            "eps_4q": 1.4,
            "eps_4q_growth_year": 9.38,
            "roe": 2.59,
            "roe_4q": 11.350000000000001,
            "gross_profit": 153518,
            "gross_margin": 45.53,
            "gross_margin_4q_avg": 44.87,
            "net_income": 45724,
            "revenue": 337187,
            "common_shares": 1521072,
            "book_valuer_per_share": 11.19,
            "book_valuer_per_share_4q_avg": 11.32,
            "equity": 1701856,
            "current_ratio": 66.77,
            "debt_ratio": 46.6,
            "inventory_turnover_ratio": 0.97,
            "account_receivable_turnover_ratio": null,
            "reinvestment_rate": -323.93,
            "research_to_sale_ratio": null,
            "price_fair": 3.12,
            "eps_avg_yearly": 1.04,
            "eps_latest_yearly": 1.24,
            "eps_growth_yearly": -15.14
        },
        "20053": {
            "year_quarter": 20053,
            "year": 2005,
            "quarter": 3,
            "eps": 0.42,
            "eps_growth_year": 75,
            "eps_4q": 1.54,
            "eps_4q_growth_year": 52.86,
            "roe": 3.67,
            "roe_4q": 12.89,
            "gross_profit": 159746,
            "gross_margin": 48.19,
            "gross_margin_4q_avg": 45.71,
            "net_income": 62604,
            "revenue": 331462,
            "common_shares": 1521072,
            "book_valuer_per_share": 11.25,
            "book_valuer_per_share_4q_avg": 11.32,
            "equity": 1710874,
            "current_ratio": 81.9,
            "debt_ratio": 45.62,
            "inventory_turnover_ratio": 0.91,
            "account_receivable_turnover_ratio": null,
            "reinvestment_rate": -63.93,
            "research_to_sale_ratio": null,
            "price_fair": 13.68,
            "eps_avg_yearly": 1.11,
            "eps_latest_yearly": 1.68,
            "eps_growth_yearly": 2.31
        },
        "20054": {
            "year_quarter": 20054,
            "year": 2005,
            "quarter": 4,
            "eps": 0.32,
            "eps_growth_year": -39.62,
            "eps_4q": 1.32,
            "eps_4q_growth_year": 1.56,
            "roe": 2.71,
            "roe_4q": 11.03,
            "gross_profit": 155241,
            "gross_margin": 46.43,
            "gross_margin_4q_avg": 46.92,
            "net_income": 46892,
            "revenue": 334333,
            "common_shares": 1521072,
            "book_valuer_per_share": 11.52,
            "book_valuer_per_share_4q_avg": 11.35,
            "equity": 1751651,
            "current_ratio": 79.03,
            "debt_ratio": 58.77,
            "inventory_turnover_ratio": 1,
            "account_receivable_turnover_ratio": null,
            "reinvestment_rate": 71.58,
            "research_to_sale_ratio": null,
            "price_fair": 3.38,
            "eps_avg_yearly": 1.13,
            "eps_latest_yearly": 1.28,
            "eps_growth_yearly": -7.44
        },
        "20061": {
            "year_quarter": 20061,
            "year": 2006,
            "quarter": 1,
            "eps": 0.36,
            "eps_growth_year": 44,
            "eps_4q": 1.47,
            "eps_4q_growth_year": 3.13,
            "roe": 2.86,
            "roe_4q": 11.83,
            "gross_profit": 157046,
            "gross_margin": 48.29,
            "gross_margin_4q_avg": 47.11,
            "net_income": 50469,
            "revenue": 325204,
            "common_shares": 1491072,
            "book_valuer_per_share": 11.93,
            "book_valuer_per_share_4q_avg": 11.47,
            "equity": 1779512,
            "current_ratio": 109.95,
            "debt_ratio": 47.9,
            "inventory_turnover_ratio": 0.95,
            "account_receivable_turnover_ratio": null,
            "reinvestment_rate": -48.61,
            "research_to_sale_ratio": null,
            "price_fair": 3.47,
            "eps_avg_yearly": 1.16,
            "eps_latest_yearly": 1.44,
            "eps_growth_yearly": -2.22
        },
        "20062": {
            "year_quarter": 20062,
            "year": 2006,
            "quarter": 2,
            "eps": 0.37,
            "eps_growth_year": 19.35,
            "eps_4q": 1.48,
            "eps_4q_growth_year": 6.01,
            "roe": 3.03,
            "roe_4q": 12.27,
            "gross_profit": 165200,
            "gross_margin": 46.97,
            "gross_margin_4q_avg": 47.47,
            "net_income": 53108,
            "revenue": 351733,
            "common_shares": 1491072,
            "book_valuer_per_share": 11.59,
            "book_valuer_per_share_4q_avg": 11.57,
            "equity": 1728642,
            "current_ratio": 93.67,
            "debt_ratio": 49.95,
            "inventory_turnover_ratio": 1.08,
            "account_receivable_turnover_ratio": null,
            "reinvestment_rate": -42.41,
            "research_to_sale_ratio": null,
            "price_fair": 3.55,
            "eps_avg_yearly": 1.18,
            "eps_latest_yearly": 1.48,
            "eps_growth_yearly": -1.11
        },
        "20063": {
            "year_quarter": 20063,
            "year": 2006,
            "quarter": 3,
            "eps": 0.87,
            "eps_growth_year": 107.14,
            "eps_4q": 1.93,
            "eps_4q_growth_year": 25.42,
            "roe": 7.07,
            "roe_4q": 15.669999999999998,
            "gross_profit": 155375,
            "gross_margin": 46.1,
            "gross_margin_4q_avg": 46.95,
            "net_income": 123186,
            "revenue": 337029,
            "common_shares": 1491072,
            "book_valuer_per_share": 11.79,
            "book_valuer_per_share_4q_avg": 11.71,
            "equity": 1757285,
            "current_ratio": 96.13,
            "debt_ratio": 48.92,
            "inventory_turnover_ratio": 1.03,
            "account_receivable_turnover_ratio": null,
            "reinvestment_rate": -34.08,
            "research_to_sale_ratio": null,
            "price_fair": 47.6,
            "eps_avg_yearly": 1.36,
            "eps_latest_yearly": 3.48,
            "eps_growth_yearly": 40.56
        },
        "20064": {
            "year_quarter": 20064,
            "year": 2006,
            "quarter": 4,
            "eps": -1.12,
            "eps_growth_year": -450,
            "eps_4q": 0.48,
            "eps_4q_growth_year": -63.51,
            "roe": -9.18,
            "roe_4q": 3.7800000000000002,
            "gross_profit": 157079,
            "gross_margin": 46.3,
            "gross_margin_4q_avg": 46.92,
            "net_income": -158379,
            "revenue": 339289,
            "common_shares": 1491072,
            "book_valuer_per_share": 11.36,
            "book_valuer_per_share_4q_avg": 11.67,
            "equity": 1693449,
            "current_ratio": 60.81,
            "debt_ratio": 62.52,
            "inventory_turnover_ratio": 1.01,
            "account_receivable_turnover_ratio": null,
            "reinvestment_rate": 63.29,
            "research_to_sale_ratio": null,
            "price_fair": 47.6,
            "eps_avg_yearly": 1.36,
            "eps_latest_yearly": 3.48,
            "eps_growth_yearly": 40.56
        },
        "20071": {
            "year_quarter": 20071,
            "year": 2007,
            "quarter": 1,
            "eps": 0.4,
            "eps_growth_year": 11.11,
            "eps_4q": 0.53,
            "eps_4q_growth_year": -64.04,
            "roe": 3.27,
            "roe_4q": 4.1899999999999995,
            "gross_profit": 154227,
            "gross_margin": 47.35,
            "gross_margin_4q_avg": 46.68,
            "net_income": 56140,
            "revenue": 325750,
            "common_shares": 1491072,
            "book_valuer_per_share": 11.69,
            "book_valuer_per_share_4q_avg": 11.61,
            "equity": 1743423,
            "current_ratio": 80.47,
            "debt_ratio": 47.98,
            "inventory_turnover_ratio": 1.03,
            "account_receivable_turnover_ratio": null,
            "reinvestment_rate": -40.98,
            "research_to_sale_ratio": null,
            "price_fair": 51.45,
            "eps_avg_yearly": 1.47,
            "eps_latest_yearly": 3.48,
            "eps_growth_yearly": 76.42
        },
        "20072": {
            "year_quarter": 20072,
            "year": 2007,
            "quarter": 2,
            "eps": 0.39,
            "eps_growth_year": 5.41,
            "eps_4q": 0.54,
            "eps_4q_growth_year": -63.67,
            "roe": 3.1,
            "roe_4q": 4.260000000000001,
            "gross_profit": 162308,
            "gross_margin": 46.5,
            "gross_margin_4q_avg": 46.56,
            "net_income": 54732,
            "revenue": 349018,
            "common_shares": 1491072,
            "book_valuer_per_share": 11.99,
            "book_valuer_per_share_4q_avg": 11.71,
            "equity": 1787103,
            "current_ratio": 90.69,
            "debt_ratio": 48.14,
            "inventory_turnover_ratio": 1.25,
            "account_receivable_turnover_ratio": null,
            "reinvestment_rate": 11.37,
            "research_to_sale_ratio": null,
            "price_fair": 51.69,
            "eps_avg_yearly": 1.48,
            "eps_latest_yearly": 1.56,
            "eps_growth_yearly": 69.77
        },
        "20073": {
            "year_quarter": 20073,
            "year": 2007,
            "quarter": 3,
            "eps": 0.76,
            "eps_growth_year": -12.64,
            "eps_4q": 0.43,
            "eps_4q_growth_year": -77.85,
            "roe": 5.12,
            "roe_4q": 2.3100000000000005,
            "gross_profit": 157851,
            "gross_margin": 46.18,
            "gross_margin_4q_avg": 46.58,
            "net_income": 108776,
            "revenue": 341849,
            "common_shares": 1491072,
            "book_valuer_per_share": 16.51,
            "book_valuer_per_share_4q_avg": 12.89,
            "equity": 2461630,
            "current_ratio": 177.12,
            "debt_ratio": 38.28,
            "inventory_turnover_ratio": 1.2,
            "account_receivable_turnover_ratio": null,
            "reinvestment_rate": 12.05,
            "research_to_sale_ratio": null,
            "price_fair": 55.6,
            "eps_avg_yearly": 1.59,
            "eps_latest_yearly": 3.04,
            "eps_growth_yearly": 91.89
        },
        "20074": {
            "year_quarter": 20074,
            "year": 2007,
            "quarter": 4,
            "eps": 1.4,
            "eps_growth_year": null,
            "eps_4q": 2.93,
            "eps_4q_growth_year": 510.07,
            "roe": 8.15,
            "roe_4q": 19.64,
            "gross_profit": 161940,
            "gross_margin": 43.31,
            "gross_margin_4q_avg": 45.84,
            "net_income": 201205,
            "revenue": 373922,
            "common_shares": 1473122,
            "book_valuer_per_share": 16.82,
            "book_valuer_per_share_4q_avg": 14.25,
            "equity": 2477690,
            "current_ratio": 85.56,
            "debt_ratio": 49.67,
            "inventory_turnover_ratio": 1.3,
            "account_receivable_turnover_ratio": null,
            "reinvestment_rate": 105.3,
            "research_to_sale_ratio": null,
            "price_fair": 67,
            "eps_avg_yearly": 1.91,
            "eps_latest_yearly": 5.6,
            "eps_growth_yearly": 130.24
        },
        "20081": {
            "year_quarter": 20081,
            "year": 2008,
            "quarter": 1,
            "eps": 0.39,
            "eps_growth_year": -2.5,
            "eps_4q": 2.85,
            "eps_4q_growth_year": 439.41,
            "roe": 2.28,
            "roe_4q": 18.650000000000002,
            "gross_profit": 227405,
            "gross_margin": 43.92,
            "gross_margin_4q_avg": 44.98,
            "net_income": 57910,
            "revenue": 517757,
            "common_shares": 1473122,
            "book_valuer_per_share": 17.7,
            "book_valuer_per_share_4q_avg": 15.76,
            "equity": 2608000,
            "current_ratio": 102.43,
            "debt_ratio": 49.23,
            "inventory_turnover_ratio": 1.75,
            "account_receivable_turnover_ratio": null,
            "reinvestment_rate": 134.16,
            "research_to_sale_ratio": null,
            "price_fair": 69.2,
            "eps_avg_yearly": 1.98,
            "eps_latest_yearly": 1.56,
            "eps_growth_yearly": 119.51
        },
        "20082": {
            "year_quarter": 20082,
            "year": 2008,
            "quarter": 2,
            "eps": 0.81,
            "eps_growth_year": 107.69,
            "eps_4q": 3.33,
            "eps_4q_growth_year": 517.16,
            "roe": 4.88,
            "roe_4q": 20.43,
            "gross_profit": 232677,
            "gross_margin": 42.8,
            "gross_margin_4q_avg": 44.05,
            "net_income": 118340,
            "revenue": 543664,
            "common_shares": 1439022,
            "book_valuer_per_share": 15.55,
            "book_valuer_per_share_4q_avg": 16.65,
            "equity": 2237749,
            "current_ratio": 51.98,
            "debt_ratio": 53.65,
            "inventory_turnover_ratio": 1.77,
            "account_receivable_turnover_ratio": null,
            "reinvestment_rate": 130.01,
            "research_to_sale_ratio": null,
            "price_fair": 74.2,
            "eps_avg_yearly": 2.12,
            "eps_latest_yearly": 3.24,
            "eps_growth_yearly": 126.75
        },
        "20083": {
            "year_quarter": 20083,
            "year": 2008,
            "quarter": 3,
            "eps": 0.91,
            "eps_growth_year": 19.74,
            "eps_4q": 3.49,
            "eps_4q_growth_year": 715.86,
            "roe": 6.03,
            "roe_4q": 21.34,
            "gross_profit": 236066,
            "gross_margin": 43.71,
            "gross_margin_4q_avg": 43.44,
            "net_income": 133005,
            "revenue": 540034,
            "common_shares": 1444960,
            "book_valuer_per_share": 15.05,
            "book_valuer_per_share_4q_avg": 16.28,
            "equity": 2175241,
            "current_ratio": 78.43,
            "debt_ratio": 55.15,
            "inventory_turnover_ratio": 1.69,
            "account_receivable_turnover_ratio": null,
            "reinvestment_rate": 121.18,
            "research_to_sale_ratio": null,
            "price_fair": 80.9,
            "eps_avg_yearly": 2.31,
            "eps_latest_yearly": 3.64,
            "eps_growth_yearly": 136.73
        },
        "20084": {
            "year_quarter": 20084,
            "year": 2008,
            "quarter": 4,
            "eps": 0.36,
            "eps_growth_year": -74.29,
            "eps_4q": 2.5,
            "eps_4q_growth_year": -14.46,
            "roe": 2.39,
            "roe_4q": 15.58,
            "gross_profit": 218935,
            "gross_margin": 41.21,
            "gross_margin_4q_avg": 42.91,
            "net_income": 51908,
            "revenue": 531253,
            "common_shares": 1444960,
            "book_valuer_per_share": 15.03,
            "book_valuer_per_share_4q_avg": 15.83,
            "equity": 2172014,
            "current_ratio": 66.73,
            "debt_ratio": 54.63,
            "inventory_turnover_ratio": 1.77,
            "account_receivable_turnover_ratio": 2.89,
            "reinvestment_rate": 82.8,
            "research_to_sale_ratio": null,
            "price_fair": 79.2,
            "eps_avg_yearly": 2.26,
            "eps_latest_yearly": 1.44,
            "eps_growth_yearly": 84.94
        },
        "20091": {
            "year_quarter": 20091,
            "year": 2009,
            "quarter": 1,
            "eps": 0.43,
            "eps_growth_year": 10.26,
            "eps_4q": 2.55,
            "eps_4q_growth_year": -10.3,
            "roe": 2.64,
            "roe_4q": 15.940000000000001,
            "gross_profit": 228493,
            "gross_margin": 44.01,
            "gross_margin_4q_avg": 42.93,
            "net_income": 61422,
            "revenue": 519198,
            "common_shares": 1444960,
            "book_valuer_per_share": 17.14,
            "book_valuer_per_share_4q_avg": 15.69,
            "equity": 2476677,
            "current_ratio": 79.06,
            "debt_ratio": 50.38,
            "inventory_turnover_ratio": 1.56,
            "account_receivable_turnover_ratio": 1.39,
            "reinvestment_rate": 118.04,
            "research_to_sale_ratio": null,
            "price_fair": 81,
            "eps_avg_yearly": 2.31,
            "eps_latest_yearly": 1.72,
            "eps_growth_yearly": 105.59
        },
        "20092": {
            "year_quarter": 20092,
            "year": 2009,
            "quarter": 2,
            "eps": 0.18,
            "eps_growth_year": -77.78,
            "eps_4q": 1.84,
            "eps_4q_growth_year": -44.7,
            "roe": 1.11,
            "roe_4q": 12.170000000000002,
            "gross_profit": 221028,
            "gross_margin": 40.28,
            "gross_margin_4q_avg": 42.3,
            "net_income": 26705,
            "revenue": 548676,
            "common_shares": 1444960,
            "book_valuer_per_share": 16.06,
            "book_valuer_per_share_4q_avg": 15.82,
            "equity": 2320288,
            "current_ratio": 66.52,
            "debt_ratio": 54.7,
            "inventory_turnover_ratio": 1.73,
            "account_receivable_turnover_ratio": 1.49,
            "reinvestment_rate": 117.86,
            "research_to_sale_ratio": null,
            "price_fair": 79.7,
            "eps_avg_yearly": 2.28,
            "eps_latest_yearly": 0.72,
            "eps_growth_yearly": 82.12
        },
        "20093": {
            "year_quarter": 20093,
            "year": 2009,
            "quarter": 3,
            "eps": 0.76,
            "eps_growth_year": -16.48,
            "eps_4q": 1.72,
            "eps_4q_growth_year": -50.62,
            "roe": 4.39,
            "roe_4q": 10.530000000000001,
            "gross_profit": 225986,
            "gross_margin": 71.05,
            "gross_margin_4q_avg": 49.14,
            "net_income": 110324,
            "revenue": 318077,
            "common_shares": 1444960,
            "book_valuer_per_share": 18.76,
            "book_valuer_per_share_4q_avg": 16.75,
            "equity": 2711124,
            "current_ratio": 79.22,
            "debt_ratio": 49.55,
            "inventory_turnover_ratio": 0.57,
            "account_receivable_turnover_ratio": 0.87,
            "reinvestment_rate": 111.07,
            "research_to_sale_ratio": null,
            "price_fair": 83.1,
            "eps_avg_yearly": 2.37,
            "eps_latest_yearly": 3.04,
            "eps_growth_yearly": 164.05
        },
        "20094": {
            "year_quarter": 20094,
            "year": 2009,
            "quarter": 4,
            "eps": 0.23,
            "eps_growth_year": -36.11,
            "eps_4q": 1.6,
            "eps_4q_growth_year": -36.08,
            "roe": 1.17,
            "roe_4q": 9.31,
            "gross_profit": 202943,
            "gross_margin": 44.74,
            "gross_margin_4q_avg": 50.02,
            "net_income": 32882,
            "revenue": 453645,
            "common_shares": 1444960,
            "book_valuer_per_share": 20.2,
            "book_valuer_per_share_4q_avg": 18.04,
            "equity": 2918891,
            "current_ratio": 83.42,
            "debt_ratio": 47.55,
            "inventory_turnover_ratio": 1.8,
            "account_receivable_turnover_ratio": 2.91,
            "reinvestment_rate": 348.04,
            "research_to_sale_ratio": null,
            "price_fair": 82.2,
            "eps_avg_yearly": 2.35,
            "eps_latest_yearly": 0.92,
            "eps_growth_yearly": 150.93
        },
        "20101": {
            "year_quarter": 20101,
            "year": 2010,
            "quarter": 1,
            "eps": 0.44,
            "eps_growth_year": 2.33,
            "eps_4q": 1.61,
            "eps_4q_growth_year": -36.75,
            "roe": 2.08,
            "roe_4q": 8.75,
            "gross_profit": 219670,
            "gross_margin": 48.43,
            "gross_margin_4q_avg": 51.13,
            "net_income": 63412,
            "revenue": 453600,
            "common_shares": 1444960,
            "book_valuer_per_share": 21.91,
            "book_valuer_per_share_4q_avg": 19.23,
            "equity": 3166076,
            "current_ratio": 93.07,
            "debt_ratio": 45.05,
            "inventory_turnover_ratio": 1.6,
            "account_receivable_turnover_ratio": 1.3,
            "reinvestment_rate": 431.5,
            "research_to_sale_ratio": null,
            "price_fair": 83,
            "eps_avg_yearly": 2.37,
            "eps_latest_yearly": 1.76,
            "eps_growth_yearly": 173.44
        },
        "20102": {
            "year_quarter": 20102,
            "year": 2010,
            "quarter": 2,
            "eps": 0.27,
            "eps_growth_year": 51.1,
            "eps_4q": 1.7,
            "eps_4q_growth_year": -7.52,
            "roe": 1.24,
            "roe_4q": 8.879999999999999,
            "gross_profit": 225194,
            "gross_margin": 47.6,
            "gross_margin_4q_avg": 52.96,
            "net_income": 39300,
            "revenue": 473059,
            "common_shares": 1444960,
            "book_valuer_per_share": 21.97,
            "book_valuer_per_share_4q_avg": 20.71,
            "equity": 3175148,
            "current_ratio": 105.97,
            "debt_ratio": 46.55,
            "inventory_turnover_ratio": 1.62,
            "account_receivable_turnover_ratio": 1.23,
            "reinvestment_rate": 413.78,
            "research_to_sale_ratio": null,
            "price_fair": 82,
            "eps_avg_yearly": 2.34,
            "eps_latest_yearly": 1.08,
            "eps_growth_yearly": 161.61
        },
        "20103": {
            "year_quarter": 20103,
            "year": 2010,
            "quarter": 3,
            "eps": 1.36,
            "eps_growth_year": 79.52,
            "eps_4q": 2.3,
            "eps_4q_growth_year": 33.52,
            "roe": 5.5,
            "roe_4q": 9.99,
            "gross_profit": 220053,
            "gross_margin": 47.95,
            "gross_margin_4q_avg": 47.18,
            "net_income": 197138,
            "revenue": 458927,
            "common_shares": 1444960,
            "book_valuer_per_share": 27.61,
            "book_valuer_per_share_4q_avg": 22.92,
            "equity": 3988817,
            "current_ratio": 108.28,
            "debt_ratio": 34.2,
            "inventory_turnover_ratio": 1.69,
            "account_receivable_turnover_ratio": 1.3,
            "reinvestment_rate": 446.63,
            "research_to_sale_ratio": null,
            "price_fair": 86.9,
            "eps_avg_yearly": 2.48,
            "eps_latest_yearly": 5.44,
            "eps_growth_yearly": 238.34
        },
        "20104": {
            "year_quarter": 20104,
            "year": 2010,
            "quarter": 4,
            "eps": 0.35,
            "eps_growth_year": 50.89,
            "eps_4q": 2.42,
            "eps_4q_growth_year": 51.3,
            "roe": 1.24,
            "roe_4q": 10.06,
            "gross_profit": 224002,
            "gross_margin": 48.19,
            "gross_margin_4q_avg": 48.04,
            "net_income": 50146,
            "revenue": 464821,
            "common_shares": 1444960,
            "book_valuer_per_share": 28.57,
            "book_valuer_per_share_4q_avg": 25.02,
            "equity": 4127885,
            "current_ratio": 117.7,
            "debt_ratio": 33.56,
            "inventory_turnover_ratio": 1.76,
            "account_receivable_turnover_ratio": 1.39,
            "reinvestment_rate": 317.36,
            "research_to_sale_ratio": null,
            "price_fair": 84.37,
            "eps_avg_yearly": 2.41,
            "eps_latest_yearly": 1.4,
            "eps_growth_yearly": 202.65
        },
        "20111": {
            "year_quarter": 20111,
            "year": 2011,
            "quarter": 1,
            "eps": 0.49,
            "eps_growth_year": 11.36,
            "eps_4q": 2.47,
            "eps_4q_growth_year": 53.15,
            "roe": 1.76,
            "roe_4q": 9.74,
            "gross_profit": 227701,
            "gross_margin": 50.51,
            "gross_margin_4q_avg": 48.56,
            "net_income": 70758,
            "revenue": 450822,
            "common_shares": 1444960,
            "book_valuer_per_share": 26.94,
            "book_valuer_per_share_4q_avg": 26.27,
            "equity": 3893343,
            "current_ratio": 120.09,
            "debt_ratio": 34.27,
            "inventory_turnover_ratio": 1.64,
            "account_receivable_turnover_ratio": 1.25,
            "reinvestment_rate": 366.1,
            "research_to_sale_ratio": null,
            "price_fair": 83.39,
            "eps_avg_yearly": 2.38,
            "eps_latest_yearly": 1.96,
            "eps_growth_yearly": 199.98
        },
        "20112": {
            "year_quarter": 20112,
            "year": 2011,
            "quarter": 2,
            "eps": 1.6,
            "eps_growth_year": 487.1,
            "eps_4q": 3.8,
            "eps_4q_growth_year": 123.15,
            "roe": 5.85,
            "roe_4q": 14.35,
            "gross_profit": 220586,
            "gross_margin": 47.01,
            "gross_margin_4q_avg": 48.42,
            "net_income": 230730,
            "revenue": 469240,
            "common_shares": 1444960,
            "book_valuer_per_share": 27.65,
            "book_valuer_per_share_4q_avg": 27.69,
            "equity": 3995333,
            "current_ratio": 107.14,
            "debt_ratio": 36.58,
            "inventory_turnover_ratio": 1.8,
            "account_receivable_turnover_ratio": 1.21,
            "reinvestment_rate": 350.68,
            "research_to_sale_ratio": null,
            "price_fair": 93.98,
            "eps_avg_yearly": 2.69,
            "eps_latest_yearly": 6.4,
            "eps_growth_yearly": 257.24
        },
        "20113": {
            "year_quarter": 20113,
            "year": 2011,
            "quarter": 3,
            "eps": 2.24,
            "eps_growth_year": 63.91,
            "eps_4q": 4.67,
            "eps_4q_growth_year": 102.8,
            "roe": 8.59,
            "roe_4q": 17.439999999999998,
            "gross_profit": 214968,
            "gross_margin": 46.05,
            "gross_margin_4q_avg": 47.94,
            "net_income": 323133,
            "revenue": 466841,
            "common_shares": 1444960,
            "book_valuer_per_share": 24.43,
            "book_valuer_per_share_4q_avg": 26.9,
            "equity": 3530321,
            "current_ratio": 93.8,
            "debt_ratio": 33.08,
            "inventory_turnover_ratio": 1.53,
            "account_receivable_turnover_ratio": 1.31,
            "reinvestment_rate": 274.05,
            "research_to_sale_ratio": null,
            "price_fair": 106.93,
            "eps_avg_yearly": 3.06,
            "eps_latest_yearly": 8.96,
            "eps_growth_yearly": 243.52
        },
        "20114": {
            "year_quarter": 20114,
            "year": 2011,
            "quarter": 4,
            "eps": 0.47,
            "eps_growth_year": 35.57,
            "eps_4q": 4.79,
            "eps_4q_growth_year": 97.89,
            "roe": 1.87,
            "roe_4q": 18.070000000000004,
            "gross_profit": 220605,
            "gross_margin": 46.86,
            "gross_margin_4q_avg": 47.61,
            "net_income": 67984,
            "revenue": 470745,
            "common_shares": 1444960,
            "book_valuer_per_share": 25.83,
            "book_valuer_per_share_4q_avg": 26.21,
            "equity": 3731949,
            "current_ratio": 83.06,
            "debt_ratio": 34.67,
            "inventory_turnover_ratio": 1.36,
            "account_receivable_turnover_ratio": 1.46,
            "reinvestment_rate": 256.32,
            "research_to_sale_ratio": null,
            "price_fair": 98.79,
            "eps_avg_yearly": 2.82,
            "eps_latest_yearly": 1.88,
            "eps_growth_yearly": 202.72
        },
        "20121": {
            "year_quarter": 20121,
            "year": 2012,
            "quarter": 1,
            "eps": 0.47,
            "eps_growth_year": -4.08,
            "eps_4q": 4.78,
            "eps_4q_growth_year": 93.12,
            "roe": 1.74,
            "roe_4q": 18.049999999999997,
            "gross_profit": 223219,
            "gross_margin": 48.39,
            "gross_margin_4q_avg": 47.08,
            "net_income": 68234,
            "revenue": 461245,
            "common_shares": 1444960,
            "book_valuer_per_share": 28.46,
            "book_valuer_per_share_4q_avg": 26.59,
            "equity": 4112715,
            "current_ratio": 143.81,
            "debt_ratio": 31.52,
            "inventory_turnover_ratio": 1.41,
            "account_receivable_turnover_ratio": 1.39,
            "reinvestment_rate": 229.31,
            "research_to_sale_ratio": null,
            "price_fair": 99.49,
            "eps_avg_yearly": 2.84,
            "eps_latest_yearly": 1.88,
            "eps_growth_yearly": 220.75
        },
        "20122": {
            "year_quarter": 20122,
            "year": 2012,
            "quarter": 2,
            "eps": 0.67,
            "eps_growth_year": -58.11,
            "eps_4q": 3.85,
            "eps_4q_growth_year": 1.32,
            "roe": 2.67,
            "roe_4q": 14.870000000000001,
            "gross_profit": 228241,
            "gross_margin": 48.18,
            "gross_margin_4q_avg": 47.37,
            "net_income": 96649,
            "revenue": 473718,
            "common_shares": 1444960,
            "book_valuer_per_share": 21.55,
            "book_valuer_per_share_4q_avg": 25.07,
            "equity": 3114029,
            "current_ratio": 89.42,
            "debt_ratio": 44.02,
            "inventory_turnover_ratio": 1.58,
            "account_receivable_turnover_ratio": 1.37,
            "reinvestment_rate": 209.04,
            "research_to_sale_ratio": null,
            "price_fair": 98.26,
            "eps_avg_yearly": 2.81,
            "eps_latest_yearly": 2.68,
            "eps_growth_yearly": 204.47
        },
        "20123": {
            "year_quarter": 20123,
            "year": 2012,
            "quarter": 3,
            "eps": 1.5,
            "eps_growth_year": -33.01,
            "eps_4q": 3.11,
            "eps_4q_growth_year": -33.41,
            "roe": 6.67,
            "roe_4q": 12.95,
            "gross_profit": 231527,
            "gross_margin": 49.31,
            "gross_margin_4q_avg": 48.19,
            "net_income": 216479,
            "revenue": 469492,
            "common_shares": 1444960,
            "book_valuer_per_share": 23.4,
            "book_valuer_per_share_4q_avg": 24.81,
            "equity": 3380711,
            "current_ratio": 112.97,
            "debt_ratio": 40.91,
            "inventory_turnover_ratio": 1.34,
            "account_receivable_turnover_ratio": 1.33,
            "reinvestment_rate": 205.74,
            "research_to_sale_ratio": null,
            "price_fair": 103.43,
            "eps_avg_yearly": 2.96,
            "eps_latest_yearly": 6,
            "eps_growth_yearly": 232.35
        },
        "20124": {
            "year_quarter": 20124,
            "year": 2012,
            "quarter": 4,
            "eps": 0.48,
            "eps_growth_year": 2.94,
            "eps_4q": 3.12,
            "eps_4q_growth_year": -34.83,
            "roe": 2.09,
            "roe_4q": 13.17,
            "gross_profit": 228551,
            "gross_margin": 47.29,
            "gross_margin_4q_avg": 48.29,
            "net_income": 69986,
            "revenue": 483268,
            "common_shares": 1444960,
            "book_valuer_per_share": 23.04,
            "book_valuer_per_share_4q_avg": 24.11,
            "equity": 3328729,
            "current_ratio": 101.68,
            "debt_ratio": 41.56,
            "inventory_turnover_ratio": 1.42,
            "account_receivable_turnover_ratio": 1.37,
            "reinvestment_rate": 207.69,
            "research_to_sale_ratio": null,
            "price_fair": 104.48,
            "eps_avg_yearly": 2.99,
            "eps_latest_yearly": 1.92,
            "eps_growth_yearly": 230.46
        },
        "20131": {
            "year_quarter": 20131,
            "year": 2013,
            "quarter": 1,
            "eps": 1.16,
            "eps_growth_year": 146.81,
            "eps_4q": 3.81,
            "eps_4q_growth_year": -20.29,
            "roe": 4.62,
            "roe_4q": 16.049999999999997,
            "gross_profit": 216480,
            "gross_margin": 46.26,
            "gross_margin_4q_avg": 47.76,
            "net_income": 166983,
            "revenue": 467955,
            "common_shares": 1444960,
            "book_valuer_per_share": 26.94,
            "book_valuer_per_share_4q_avg": 23.73,
            "equity": 3893100,
            "current_ratio": 119.77,
            "debt_ratio": 36.92,
            "inventory_turnover_ratio": 1.62,
            "account_receivable_turnover_ratio": 1.22,
            "reinvestment_rate": 89.61,
            "research_to_sale_ratio": null,
            "price_fair": 110.86,
            "eps_avg_yearly": 3.17,
            "eps_latest_yearly": 4.64,
            "eps_growth_yearly": 261.02
        },
        "20132": {
            "year_quarter": 20132,
            "year": 2013,
            "quarter": 2,
            "eps": 2.63,
            "eps_growth_year": 293.2,
            "eps_4q": 5.77,
            "eps_4q_growth_year": 49.85,
            "roe": 9.97,
            "roe_4q": 23.35,
            "gross_profit": 227452,
            "gross_margin": 46.25,
            "gross_margin_4q_avg": 47.28,
            "net_income": 379719,
            "revenue": 491800,
            "common_shares": 1444960,
            "book_valuer_per_share": 25.77,
            "book_valuer_per_share_4q_avg": 24.79,
            "equity": 3723073,
            "current_ratio": 108.99,
            "debt_ratio": 34.04,
            "inventory_turnover_ratio": 1.78,
            "account_receivable_turnover_ratio": 1.17,
            "reinvestment_rate": 80.73,
            "research_to_sale_ratio": null,
            "price_fair": 132.3,
            "eps_avg_yearly": 3.78,
            "eps_latest_yearly": 10.52,
            "eps_growth_yearly": 307.23
        },
        "20133": {
            "year_quarter": 20133,
            "year": 2013,
            "quarter": 3,
            "eps": 1.29,
            "eps_growth_year": -13.89,
            "eps_4q": 5.56,
            "eps_4q_growth_year": 78.84,
            "roe": 4.78,
            "roe_4q": 21.46,
            "gross_profit": 231245,
            "gross_margin": 46.13,
            "gross_margin_4q_avg": 46.48,
            "net_income": 186915,
            "revenue": 501270,
            "common_shares": 1444960,
            "book_valuer_per_share": 28.33,
            "book_valuer_per_share_4q_avg": 26.02,
            "equity": 4093061,
            "current_ratio": 118.47,
            "debt_ratio": 32.95,
            "inventory_turnover_ratio": 1.85,
            "account_receivable_turnover_ratio": 1.19,
            "reinvestment_rate": 88.01,
            "research_to_sale_ratio": null,
            "price_fair": 136.94,
            "eps_avg_yearly": 3.91,
            "eps_latest_yearly": 5.16,
            "eps_growth_yearly": 213.94
        },
        "20134": {
            "year_quarter": 20134,
            "year": 2013,
            "quarter": 4,
            "eps": 0.47,
            "eps_growth_year": -3,
            "eps_4q": 5.55,
            "eps_4q_growth_year": 77.58,
            "roe": 1.63,
            "roe_4q": 21.000000000000004,
            "gross_profit": 252722,
            "gross_margin": 47.45,
            "gross_margin_4q_avg": 46.52,
            "net_income": 67889,
            "revenue": 532567,
            "common_shares": 1444960,
            "book_valuer_per_share": 29.48,
            "book_valuer_per_share_4q_avg": 27.63,
            "equity": 4259215,
            "current_ratio": 119.38,
            "debt_ratio": 31.94,
            "inventory_turnover_ratio": 2.04,
            "account_receivable_turnover_ratio": 1.29,
            "reinvestment_rate": -60.54,
            "research_to_sale_ratio": null,
            "price_fair": 139.04,
            "eps_avg_yearly": 3.97,
            "eps_latest_yearly": 1.88,
            "eps_growth_yearly": 215.48
        },
        "20141": {
            "year_quarter": 20141,
            "year": 2014,
            "quarter": 1,
            "eps": 0.47,
            "eps_growth_year": -59.48,
            "eps_4q": 4.86,
            "eps_4q_growth_year": 27.71,
            "roe": 1.62,
            "roe_4q": 18,
            "gross_profit": 246513,
            "gross_margin": 45.94,
            "gross_margin_4q_avg": 46.44,
            "net_income": 68112,
            "revenue": 536565,
            "common_shares": 1444960,
            "book_valuer_per_share": 27.55,
            "book_valuer_per_share_4q_avg": 27.78,
            "equity": 4130985,
            "current_ratio": 115.74,
            "debt_ratio": 33.9,
            "inventory_turnover_ratio": 2.54,
            "account_receivable_turnover_ratio": 1.27,
            "reinvestment_rate": -71.78,
            "research_to_sale_ratio": null,
            "price_fair": 139.3,
            "eps_avg_yearly": 3.98,
            "eps_latest_yearly": 1.88,
            "eps_growth_yearly": 192.66
        },
        "20142": {
            "year_quarter": 20142,
            "year": 2014,
            "quarter": 2,
            "eps": 0.89,
            "eps_growth_year": -66.16,
            "eps_4q": 3.12,
            "eps_4q_growth_year": -45.84,
            "roe": 3.35,
            "roe_4q": 11.38,
            "gross_profit": 255381,
            "gross_margin": 44.64,
            "gross_margin_4q_avg": 46.04,
            "net_income": 129390,
            "revenue": 572060,
            "common_shares": 1444960,
            "book_valuer_per_share": 23.87,
            "book_valuer_per_share_4q_avg": 27.31,
            "equity": 3597227,
            "current_ratio": 92.37,
            "debt_ratio": 43.57,
            "inventory_turnover_ratio": 2.86,
            "account_receivable_turnover_ratio": 1.23,
            "reinvestment_rate": -46.56,
            "research_to_sale_ratio": null,
            "price_fair": 144.73,
            "eps_avg_yearly": 4.14,
            "eps_latest_yearly": 3.56,
            "eps_growth_yearly": 224.66
        },
        "20143": {
            "year_quarter": 20143,
            "year": 2014,
            "quarter": 3,
            "eps": 1.49,
            "eps_growth_year": 15.5,
            "eps_4q": 3.31,
            "eps_4q_growth_year": -40.4,
            "roe": 5.97,
            "roe_4q": 12.57,
            "gross_profit": 259300,
            "gross_margin": 42.85,
            "gross_margin_4q_avg": 45.22,
            "net_income": 216304,
            "revenue": 605081,
            "common_shares": 1444960,
            "book_valuer_per_share": 24.19,
            "book_valuer_per_share_4q_avg": 26.27,
            "equity": 3649364,
            "current_ratio": 99.2,
            "debt_ratio": 42.1,
            "inventory_turnover_ratio": 2.84,
            "account_receivable_turnover_ratio": 1.26,
            "reinvestment_rate": -69.72,
            "research_to_sale_ratio": null,
            "price_fair": 145.86,
            "eps_avg_yearly": 4.17,
            "eps_latest_yearly": 5.96,
            "eps_growth_yearly": 140.58
        },
        "20144": {
            "year_quarter": 20144,
            "year": 2014,
            "quarter": 4,
            "eps": 0.56,
            "eps_growth_year": 18.62,
            "eps_4q": 3.4,
            "eps_4q_growth_year": -38.67,
            "roe": 2.2,
            "roe_4q": 13.14,
            "gross_profit": 277658,
            "gross_margin": 42.1,
            "gross_margin_4q_avg": 43.88,
            "net_income": 83060,
            "revenue": 659544,
            "common_shares": 1444960,
            "book_valuer_per_share": 25.93,
            "book_valuer_per_share_4q_avg": 25.39,
            "equity": 3907924,
            "current_ratio": 105.66,
            "debt_ratio": 43.38,
            "inventory_turnover_ratio": 2.75,
            "account_receivable_turnover_ratio": 1.46,
            "reinvestment_rate": -90.19,
            "research_to_sale_ratio": null,
            "price_fair": 147.7,
            "eps_avg_yearly": 4.22,
            "eps_latest_yearly": 2.24,
            "eps_growth_yearly": 143.55
        },
        "20151": {
            "year_quarter": 20151,
            "year": 2015,
            "quarter": 1,
            "eps": 0.67,
            "eps_growth_year": 42.55,
            "eps_4q": 3.6,
            "eps_4q_growth_year": -25.93,
            "roe": 2.44,
            "roe_4q": 13.959999999999999,
            "gross_profit": 276253,
            "gross_margin": 41.59,
            "gross_margin_4q_avg": 42.8,
            "net_income": 99540,
            "revenue": 664276,
            "common_shares": 1444960,
            "book_valuer_per_share": 26.21,
            "book_valuer_per_share_4q_avg": 25.05,
            "equity": 4264200,
            "current_ratio": 113.94,
            "debt_ratio": 40.17,
            "inventory_turnover_ratio": 2.52,
            "account_receivable_turnover_ratio": 1.44,
            "reinvestment_rate": -78.94,
            "research_to_sale_ratio": null,
            "price_fair": 149.28,
            "eps_avg_yearly": 4.27,
            "eps_latest_yearly": 2.68,
            "eps_growth_yearly": 138.46
        },
        "20152": {
            "year_quarter": 20152,
            "year": 2015,
            "quarter": 2,
            "eps": 0.92,
            "eps_growth_year": 3.37,
            "eps_4q": 3.63,
            "eps_4q_growth_year": 16.22,
            "roe": 3.43,
            "roe_4q": 14.04,
            "gross_profit": 289674,
            "gross_margin": 40.38,
            "gross_margin_4q_avg": 41.73,
            "net_income": 137901,
            "revenue": 717306,
            "common_shares": 1444960,
            "book_valuer_per_share": 22.85,
            "book_valuer_per_share_4q_avg": 24.8,
            "equity": 3778157,
            "current_ratio": 112.08,
            "debt_ratio": 47.47,
            "inventory_turnover_ratio": 2.99,
            "account_receivable_turnover_ratio": 1.44,
            "reinvestment_rate": -96.38,
            "research_to_sale_ratio": null,
            "price_fair": 143.33,
            "eps_avg_yearly": 4.1,
            "eps_latest_yearly": 3.68,
            "eps_growth_yearly": 91.15
        },
        "20153": {
            "year_quarter": 20153,
            "year": 2015,
            "quarter": 3,
            "eps": 1.44,
            "eps_growth_year": -3.36,
            "eps_4q": 3.58,
            "eps_4q_growth_year": 7.97,
            "roe": 5.38,
            "roe_4q": 13.45,
            "gross_profit": 299027,
            "gross_margin": 39.46,
            "gross_margin_4q_avg": 40.88,
            "net_income": 208800,
            "revenue": 757751,
            "common_shares": 1444960,
            "book_valuer_per_share": 24.18,
            "book_valuer_per_share_4q_avg": 24.79,
            "equity": 3985080,
            "current_ratio": 116.34,
            "debt_ratio": 45.21,
            "inventory_turnover_ratio": 3.05,
            "account_receivable_turnover_ratio": 1.45,
            "reinvestment_rate": -68.14,
            "research_to_sale_ratio": null,
            "price_fair": 136.33,
            "eps_avg_yearly": 3.9,
            "eps_latest_yearly": 5.76,
            "eps_growth_yearly": 95.28
        },
        "20154": {
            "year_quarter": 20154,
            "year": 2015,
            "quarter": 4,
            "eps": 0.64,
            "eps_growth_year": 15.71,
            "eps_4q": 3.67,
            "eps_4q_growth_year": 7.77,
            "roe": 2.35,
            "roe_4q": 13.6,
            "gross_profit": 310905,
            "gross_margin": 38.23,
            "gross_margin_4q_avg": 39.92,
            "net_income": 94380,
            "revenue": 813254,
            "common_shares": 1444960,
            "book_valuer_per_share": 24.7,
            "book_valuer_per_share_4q_avg": 24.49,
            "equity": 4044070,
            "current_ratio": 115.35,
            "debt_ratio": 44.94,
            "inventory_turnover_ratio": 3.13,
            "account_receivable_turnover_ratio": 1.65,
            "reinvestment_rate": -82.14,
            "research_to_sale_ratio": null,
            "price_fair": 137.81,
            "eps_avg_yearly": 3.94,
            "eps_latest_yearly": 2.56,
            "eps_growth_yearly": 101.15
        },
        "20161": {
            "year_quarter": 20161,
            "year": 2016,
            "quarter": 1,
            "eps": 0.57,
            "eps_growth_year": -14.93,
            "eps_4q": 3.56,
            "eps_4q_growth_year": -1.1,
            "roe": 2.06,
            "roe_4q": 13.219999999999999,
            "gross_profit": 306022,
            "gross_margin": 37.97,
            "gross_margin_4q_avg": 39.01,
            "net_income": 86436,
            "revenue": 805983,
            "common_shares": 1444960,
            "book_valuer_per_share": 26.85,
            "book_valuer_per_share_4q_avg": 24.65,
            "equity": 4357906,
            "current_ratio": 125.91,
            "debt_ratio": 43,
            "inventory_turnover_ratio": 3.27,
            "account_receivable_turnover_ratio": 1.7,
            "reinvestment_rate": -60.16,
            "research_to_sale_ratio": null,
            "price_fair": 138.69,
            "eps_avg_yearly": 3.96,
            "eps_latest_yearly": 2.28,
            "eps_growth_yearly": 98.41
        },
        "20162": {
            "year_quarter": 20162,
            "year": 2016,
            "quarter": 2,
            "eps": 0.5,
            "eps_growth_year": -45.65,
            "eps_4q": 3.15,
            "eps_4q_growth_year": -13.31,
            "roe": 1.78,
            "roe_4q": 11.57,
            "gross_profit": 281961,
            "gross_margin": 33.05,
            "gross_margin_4q_avg": 37.18,
            "net_income": 71855,
            "revenue": 853246,
            "common_shares": 1444960,
            "book_valuer_per_share": 22.59,
            "book_valuer_per_share_4q_avg": 24.58,
            "equity": 3729743,
            "current_ratio": 98.16,
            "debt_ratio": 48.86,
            "inventory_turnover_ratio": 4.02,
            "account_receivable_turnover_ratio": 1.66,
            "reinvestment_rate": -46.2,
            "research_to_sale_ratio": null,
            "price_fair": 137.2,
            "eps_avg_yearly": 3.92,
            "eps_latest_yearly": 2,
            "eps_growth_yearly": 84.71
        },
        "20163": {
            "year_quarter": 20163,
            "year": 2016,
            "quarter": 3,
            "eps": 1.43,
            "eps_growth_year": -0.69,
            "eps_4q": 3.14,
            "eps_4q_growth_year": -12.3,
            "roe": 5.45,
            "roe_4q": 11.64,
            "gross_profit": 284307,
            "gross_margin": 32.98,
            "gross_margin_4q_avg": 35.56,
            "net_income": 206178,
            "revenue": 862147,
            "common_shares": 1444960,
            "book_valuer_per_share": 23.43,
            "book_valuer_per_share_4q_avg": 24.39,
            "equity": 3835332,
            "current_ratio": 105.77,
            "debt_ratio": 46.26,
            "inventory_turnover_ratio": 4.45,
            "account_receivable_turnover_ratio": 1.66,
            "reinvestment_rate": -52.22,
            "research_to_sale_ratio": null,
            "price_fair": 136.59,
            "eps_avg_yearly": 3.9,
            "eps_latest_yearly": 5.72,
            "eps_growth_yearly": 100.23
        },
        "20164": {
            "year_quarter": 20164,
            "year": 2016,
            "quarter": 4,
            "eps": 0.49,
            "eps_growth_year": -24.44,
            "eps_4q": 2.98,
            "eps_4q_growth_year": -18.7,
            "roe": 1.81,
            "roe_4q": 11.1,
            "gross_profit": 281578,
            "gross_margin": 31.61,
            "gross_margin_4q_avg": 33.9,
            "net_income": 70881,
            "revenue": 890879,
            "common_shares": 1444960,
            "book_valuer_per_share": 24.49,
            "book_valuer_per_share_4q_avg": 24.34,
            "equity": 3982851,
            "current_ratio": 108.66,
            "debt_ratio": 45.57,
            "inventory_turnover_ratio": 4.78,
            "account_receivable_turnover_ratio": 1.83,
            "reinvestment_rate": -51.51,
            "research_to_sale_ratio": null,
            "price_fair": 136.68,
            "eps_avg_yearly": 3.91,
            "eps_latest_yearly": 1.96,
            "eps_growth_yearly": 100.8
        },
        "20171": {
            "year_quarter": 20171,
            "year": 2017,
            "quarter": 1,
            "eps": 1.15,
            "eps_growth_year": 101.75,
            "eps_4q": 3.56,
            "eps_4q_growth_year": -0.04,
            "roe": 4.14,
            "roe_4q": 13.179999999999998,
            "gross_profit": 304342,
            "gross_margin": 35.07,
            "gross_margin_4q_avg": 33.18,
            "net_income": 170826,
            "revenue": 867905,
            "common_shares": 1444960,
            "book_valuer_per_share": 26.6,
            "book_valuer_per_share_4q_avg": 24.28,
            "equity": 4272468,
            "current_ratio": 121.17,
            "debt_ratio": 42,
            "inventory_turnover_ratio": 4.47,
            "account_receivable_turnover_ratio": 1.87,
            "reinvestment_rate": 38.5,
            "research_to_sale_ratio": null,
            "price_fair": 136.59,
            "eps_avg_yearly": 3.9,
            "eps_latest_yearly": 4.6,
            "eps_growth_yearly": 99.06
        },
        "20172": {
            "year_quarter": 20172,
            "year": 2017,
            "quarter": 2,
            "eps": 0.56,
            "eps_growth_year": 12,
            "eps_4q": 3.62,
            "eps_4q_growth_year": 15.17,
            "roe": 2.03,
            "roe_4q": 13.43,
            "gross_profit": 284915,
            "gross_margin": 31.21,
            "gross_margin_4q_avg": 32.72,
            "net_income": 83714,
            "revenue": 912947,
            "common_shares": 1444960,
            "book_valuer_per_share": 24.41,
            "book_valuer_per_share_4q_avg": 24.73,
            "equity": 3965060,
            "current_ratio": 102.69,
            "debt_ratio": 48.48,
            "inventory_turnover_ratio": 4.89,
            "account_receivable_turnover_ratio": 1.97,
            "reinvestment_rate": 45.02,
            "research_to_sale_ratio": null,
            "price_fair": 118.48,
            "eps_avg_yearly": 3.39,
            "eps_latest_yearly": 2.24,
            "eps_growth_yearly": 54.55
        },
        "20173": {
            "year_quarter": 20173,
            "year": 2017,
            "quarter": 3,
            "eps": 1.51,
            "eps_growth_year": 5.59,
            "eps_4q": 3.7,
            "eps_4q_growth_year": 17.97,
            "roe": 5.2,
            "roe_4q": 13.180000000000001,
            "gross_profit": 278352,
            "gross_margin": 28.8,
            "gross_margin_4q_avg": 31.67,
            "net_income": 220018,
            "revenue": 966366,
            "common_shares": 1444960,
            "book_valuer_per_share": 28.03,
            "book_valuer_per_share_4q_avg": 25.88,
            "equity": 4498053,
            "current_ratio": 115.63,
            "debt_ratio": 44.23,
            "inventory_turnover_ratio": 5.68,
            "account_receivable_turnover_ratio": 2.07,
            "reinvestment_rate": 57.68,
            "research_to_sale_ratio": null,
            "price_fair": 120.4,
            "eps_avg_yearly": 3.44,
            "eps_latest_yearly": 6.04,
            "eps_growth_yearly": 109.7
        },
        "20174": {
            "year_quarter": 20174,
            "year": 2017,
            "quarter": 4,
            "eps": 0.63,
            "eps_growth_year": 30,
            "eps_4q": 3.85,
            "eps_4q_growth_year": 29.11,
            "roe": 2.13,
            "roe_4q": 13.5,
            "gross_profit": 292881,
            "gross_margin": 29.51,
            "gross_margin_4q_avg": 31.15,
            "net_income": 95406,
            "revenue": 992516,
            "common_shares": 1444960,
            "book_valuer_per_share": 27.85,
            "book_valuer_per_share_4q_avg": 26.72,
            "equity": 4476545,
            "current_ratio": 121.6,
            "debt_ratio": 46.48,
            "inventory_turnover_ratio": 5.4,
            "account_receivable_turnover_ratio": 2.18,
            "reinvestment_rate": 50.61,
            "research_to_sale_ratio": null,
            "price_fair": 121.8,
            "eps_avg_yearly": 3.48,
            "eps_latest_yearly": 2.52,
            "eps_growth_yearly": 111.02
        },
        "20181": {
            "year_quarter": 20181,
            "year": 2018,
            "quarter": 1,
            "eps": 0.49,
            "eps_growth_year": -57.39,
            "eps_4q": 3.19,
            "eps_4q_growth_year": -10.32,
            "roe": 1.61,
            "roe_4q": 10.97,
            "gross_profit": 299592,
            "gross_margin": 31.33,
            "gross_margin_4q_avg": 30.21,
            "net_income": 73886,
            "revenue": 956328,
            "common_shares": 1444960,
            "book_valuer_per_share": 29.41,
            "book_valuer_per_share_4q_avg": 27.43,
            "equity": 4713999,
            "current_ratio": 123.66,
            "debt_ratio": 45.6,
            "inventory_turnover_ratio": 4.79,
            "account_receivable_turnover_ratio": 2.1,
            "reinvestment_rate": 24.72,
            "research_to_sale_ratio": null,
            "price_fair": 121.98,
            "eps_avg_yearly": 3.49,
            "eps_latest_yearly": 1.96,
            "eps_growth_yearly": 105.47
        },
        "20182": {
            "year_quarter": 20182,
            "year": 2018,
            "quarter": 2,
            "eps": 0.66,
            "eps_growth_year": 17.86,
            "eps_4q": 3.28,
            "eps_4q_growth_year": -9.35,
            "roe": 2.18,
            "roe_4q": 11.120000000000001,
            "gross_profit": 324478,
            "gross_margin": 31.22,
            "gross_margin_4q_avg": 30.22,
            "net_income": 97796,
            "revenue": 1039315,
            "common_shares": 1444960,
            "book_valuer_per_share": 26.38,
            "book_valuer_per_share_4q_avg": 27.92,
            "equity": 4272804,
            "current_ratio": 104.19,
            "debt_ratio": 51.36,
            "inventory_turnover_ratio": 5.76,
            "account_receivable_turnover_ratio": 1.95,
            "reinvestment_rate": 14.86,
            "research_to_sale_ratio": null,
            "price_fair": 119.96,
            "eps_avg_yearly": 3.43,
            "eps_latest_yearly": 2.64,
            "eps_growth_yearly": 91.8
        },
        "20183": {
            "year_quarter": 20183,
            "year": 2018,
            "quarter": 3,
            "eps": 1.79,
            "eps_growth_year": 18.54,
            "eps_4q": 3.57,
            "eps_4q_growth_year": -3.59,
            "roe": 5.78,
            "roe_4q": 11.7,
            "gross_profit": 298838,
            "gross_margin": 28.95,
            "gross_margin_4q_avg": 30.25,
            "net_income": 260312,
            "revenue": 1032131,
            "common_shares": 1444960,
            "book_valuer_per_share": 28.8,
            "book_valuer_per_share_4q_avg": 28.11,
            "equity": 4741593,
            "current_ratio": 119.39,
            "debt_ratio": 45.85,
            "inventory_turnover_ratio": 5.84,
            "account_receivable_turnover_ratio": 1.82,
            "reinvestment_rate": 7.55,
            "research_to_sale_ratio": null,
            "price_fair": 122.59,
            "eps_avg_yearly": 3.5,
            "eps_latest_yearly": 7.16,
            "eps_growth_yearly": 117.75
        },
        "20184": {
            "year_quarter": 20184,
            "year": 2018,
            "quarter": 4,
            "eps": 0.72,
            "eps_growth_year": 13.75,
            "eps_4q": 3.66,
            "eps_4q_growth_year": -4.98,
            "roe": 2.33,
            "roe_4q": 11.899999999999999,
            "gross_profit": 320836,
            "gross_margin": 30.19,
            "gross_margin_4q_avg": 30.42,
            "net_income": 112290,
            "revenue": 1062674,
            "common_shares": 1444960,
            "book_valuer_per_share": 29.9,
            "book_valuer_per_share_4q_avg": 28.62,
            "equity": 4914122,
            "current_ratio": 137.55,
            "debt_ratio": 41.86,
            "inventory_turnover_ratio": 6.37,
            "account_receivable_turnover_ratio": 2.12,
            "reinvestment_rate": 17,
            "research_to_sale_ratio": null,
            "price_fair": 123.99,
            "eps_avg_yearly": 3.54,
            "eps_latest_yearly": 2.88,
            "eps_growth_yearly": 118.41
        },
        "20191": {
            "year_quarter": 20191,
            "year": 2019,
            "quarter": 1,
            "eps": 0.8,
            "eps_growth_year": 63.27,
            "eps_4q": 3.97,
            "eps_4q_growth_year": 24.38,
            "roe": 2.67,
            "roe_4q": 12.96,
            "gross_profit": 347607,
            "gross_margin": 32.86,
            "gross_margin_4q_avg": 30.81,
            "net_income": 132122,
            "revenue": 1057733,
            "common_shares": 1444960,
            "book_valuer_per_share": 30.08,
            "book_valuer_per_share_4q_avg": 28.79,
            "equity": 4970259,
            "current_ratio": 143.1,
            "debt_ratio": 41.42,
            "inventory_turnover_ratio": 5.78,
            "account_receivable_turnover_ratio": 2.13,
            "reinvestment_rate": 15.32,
            "research_to_sale_ratio": null,
            "price_fair": 125.13,
            "eps_avg_yearly": 3.58,
            "eps_latest_yearly": 3.2,
            "eps_growth_yearly": 116.27
        },
        "20192": {
            "year_quarter": 20192,
            "year": 2019,
            "quarter": 2,
            "eps": 0.8,
            "eps_growth_year": 21.21,
            "eps_4q": 4.12,
            "eps_4q_growth_year": 25.33,
            "roe": 2.61,
            "roe_4q": 13.39,
            "gross_profit": 358269,
            "gross_margin": 32.61,
            "gross_margin_4q_avg": 31.15,
            "net_income": 126822,
            "revenue": 1098765,
            "common_shares": 1444960,
            "book_valuer_per_share": 28.47,
            "book_valuer_per_share_4q_avg": 29.31,
            "equity": 4739637,
            "current_ratio": 131.15,
            "debt_ratio": 44.08,
            "inventory_turnover_ratio": 5.82,
            "account_receivable_turnover_ratio": 2.06,
            "reinvestment_rate": 7.9,
            "research_to_sale_ratio": null,
            "price_fair": 124.08,
            "eps_avg_yearly": 3.55,
            "eps_latest_yearly": 3.2,
            "eps_growth_yearly": 106.95
        },
        "20193": {
            "year_quarter": 20193,
            "year": 2019,
            "quarter": 3,
            "eps": 1.89,
            "eps_growth_year": 5.59,
            "eps_4q": 4.22,
            "eps_4q_growth_year": 18.21,
            "roe": 5.83,
            "roe_4q": 13.44,
            "gross_profit": 329067,
            "gross_margin": 30.39,
            "gross_margin_4q_avg": 31.51,
            "net_income": 279005,
            "revenue": 1082655,
            "common_shares": 1444960,
            "book_valuer_per_share": 29.22,
            "book_valuer_per_share_4q_avg": 29.42,
            "equity": 4830928,
            "current_ratio": 142.03,
            "debt_ratio": 41.69,
            "inventory_turnover_ratio": 6.12,
            "account_receivable_turnover_ratio": 2.09,
            "reinvestment_rate": -5,
            "research_to_sale_ratio": null,
            "price_fair": 128.01,
            "eps_avg_yearly": 3.66,
            "eps_latest_yearly": 7.56,
            "eps_growth_yearly": 126.88
        },
        "20194": {
            "year_quarter": 20194,
            "year": 2019,
            "quarter": 4,
            "eps": 0.74,
            "eps_growth_year": 2.19,
            "eps_4q": 4.24,
            "eps_4q_growth_year": 15.82,
            "roe": 2.35,
            "roe_4q": 13.459999999999999,
            "gross_profit": 343652,
            "gross_margin": 31.66,
            "gross_margin_4q_avg": 31.88,
            "net_income": 113148,
            "revenue": 1085531,
            "common_shares": 1444960,
            "book_valuer_per_share": 28.89,
            "book_valuer_per_share_4q_avg": 29.17,
            "equity": 4783235,
            "current_ratio": 157.51,
            "debt_ratio": 40.21,
            "inventory_turnover_ratio": 4.75,
            "account_receivable_turnover_ratio": 2.43,
            "reinvestment_rate": -15,
            "research_to_sale_ratio": null,
            "price_fair": 128.89,
            "eps_avg_yearly": 3.68,
            "eps_latest_yearly": 2.96,
            "eps_growth_yearly": 125.56
        },
        "20201": {
            "year_quarter": 20201,
            "year": 2020,
            "quarter": 1,
            "eps": 0.65,
            "eps_growth_year": -18.75,
            "eps_4q": 4.09,
            "eps_4q_growth_year": 2.87,
            "roe": 2.15,
            "roe_4q": 12.94,
            "gross_profit": 312897,
            "gross_margin": 31.95,
            "gross_margin_4q_avg": 31.65,
            "net_income": 101827,
            "revenue": 979275,
            "common_shares": 1444960,
            "book_valuer_per_share": 28.22,
            "book_valuer_per_share_4q_avg": 28.7,
            "equity": 4684298,
            "current_ratio": 154.47,
            "debt_ratio": 40.04,
            "inventory_turnover_ratio": 3.93,
            "account_receivable_turnover_ratio": 2.18,
            "reinvestment_rate": -24.53,
            "research_to_sale_ratio": null,
            "price_fair": 129.59,
            "eps_avg_yearly": 3.7,
            "eps_latest_yearly": 2.6,
            "eps_growth_yearly": 125.25
        },
        "20202": {
            "year_quarter": 20202,
            "year": 2020,
            "quarter": 2,
            "eps": 0.68,
            "eps_growth_year": -15,
            "eps_4q": 3.97,
            "eps_4q_growth_year": -3.61,
            "roe": 2.28,
            "roe_4q": 12.61,
            "gross_profit": 338561,
            "gross_margin": 33.45,
            "gross_margin_4q_avg": 31.86,
            "net_income": 103570,
            "revenue": 1012238,
            "common_shares": 1444960,
            "book_valuer_per_share": 26.37,
            "book_valuer_per_share_4q_avg": 28.18,
            "equity": 4415398,
            "current_ratio": 147.03,
            "debt_ratio": 44.72,
            "inventory_turnover_ratio": 4.38,
            "account_receivable_turnover_ratio": 2.12,
            "reinvestment_rate": -29.18,
            "research_to_sale_ratio": null,
            "price_fair": 131.16,
            "eps_avg_yearly": 3.75,
            "eps_latest_yearly": 2.72,
            "eps_growth_yearly": 129.47
        },
        "20203": {
            "year_quarter": 20203,
            "year": 2020,
            "quarter": 3,
            "eps": 1.86,
            "eps_growth_year": -1.59,
            "eps_4q": 3.94,
            "eps_4q_growth_year": -6.73,
            "roe": 6.11,
            "roe_4q": 12.89,
            "gross_profit": 317780,
            "gross_margin": 31.38,
            "gross_margin_4q_avg": 32.11,
            "net_income": 272867,
            "revenue": 1012845,
            "common_shares": 1444960,
            "book_valuer_per_share": 26.95,
            "book_valuer_per_share_4q_avg": 27.61,
            "equity": 4514222,
            "current_ratio": 161.37,
            "debt_ratio": 42.01,
            "inventory_turnover_ratio": 4.59,
            "account_receivable_turnover_ratio": 2.34,
            "reinvestment_rate": -32.31,
            "research_to_sale_ratio": null,
            "price_fair": 134.93,
            "eps_avg_yearly": 3.86,
            "eps_latest_yearly": 7.44,
            "eps_growth_yearly": 126.36
        },
        "20204": {
            "year_quarter": 20204,
            "year": 2020,
            "quarter": 4,
            "eps": 0.73,
            "eps_growth_year": -0.39,
            "eps_4q": 3.93,
            "eps_4q_growth_year": -7.15,
            "roe": 2.41,
            "roe_4q": 12.95,
            "gross_profit": 311582,
            "gross_margin": 29.79,
            "gross_margin_4q_avg": 31.64,
            "net_income": 112491,
            "revenue": 1046020,
            "common_shares": 1444960,
            "book_valuer_per_share": 28.93,
            "book_valuer_per_share_4q_avg": 27.62,
            "equity": 4821828,
            "current_ratio": 172.83,
            "debt_ratio": 39.33,
            "inventory_turnover_ratio": 4.82,
            "account_receivable_turnover_ratio": 2.75,
            "reinvestment_rate": -39.96,
            "research_to_sale_ratio": null,
            "price_fair": 137.03,
            "eps_avg_yearly": 3.92,
            "eps_latest_yearly": 2.92,
            "eps_growth_yearly": 127.6
        },
        "20211": {
            "year_quarter": 20211,
            "year": 2021,
            "quarter": 1,
            "eps": 0.61,
            "eps_growth_year": -6.15,
            "eps_4q": 3.89,
            "eps_4q_growth_year": -4.76,
            "roe": 1.89,
            "roe_4q": 12.69,
            "gross_profit": 263811,
            "gross_margin": 26.59,
            "gross_margin_4q_avg": 30.3,
            "net_income": 93177,
            "revenue": 992257,
            "common_shares": 1444960,
            "book_valuer_per_share": 30.42,
            "book_valuer_per_share_4q_avg": 28.17,
            "equity": 5037804,
            "current_ratio": 182.11,
            "debt_ratio": 37.46,
            "inventory_turnover_ratio": 4.99,
            "account_receivable_turnover_ratio": 2.72,
            "reinvestment_rate": -46.5,
            "research_to_sale_ratio": null,
            "price_fair": 132.3,
            "eps_avg_yearly": 3.78,
            "eps_latest_yearly": 2.44,
            "eps_growth_yearly": 89.82
        },
        "20212": {
            "year_quarter": 20212,
            "year": 2021,
            "quarter": 2,
            "eps": 0.66,
            "eps_growth_year": -2.94,
            "eps_4q": 3.87,
            "eps_4q_growth_year": -2.49,
            "roe": 1.96,
            "roe_4q": 12.370000000000001,
            "gross_profit": 268224,
            "gross_margin": 27.54,
            "gross_margin_4q_avg": 28.83,
            "net_income": 98974,
            "revenue": 973898,
            "common_shares": 1444960,
            "book_valuer_per_share": 30.69,
            "book_valuer_per_share_4q_avg": 29.25,
            "equity": 5074172,
            "current_ratio": 195.95,
            "debt_ratio": 36.76,
            "inventory_turnover_ratio": 4.32,
            "account_receivable_turnover_ratio": 2.51,
            "reinvestment_rate": -55.43,
            "research_to_sale_ratio": null,
            "price_fair": 133.18,
            "eps_avg_yearly": 3.81,
            "eps_latest_yearly": 2.64,
            "eps_growth_yearly": 104.69
        },
        "20213": {
            "year_quarter": 20213,
            "year": 2021,
            "quarter": 3,
            "eps": 1.82,
            "eps_growth_year": -2.15,
            "eps_4q": 3.83,
            "eps_4q_growth_year": -2.59,
            "roe": 5.45,
            "roe_4q": 11.71,
            "gross_profit": 245849,
            "gross_margin": 25.73,
            "gross_margin_4q_avg": 27.41,
            "net_income": 266461,
            "revenue": 955577,
            "common_shares": 1444960,
            "book_valuer_per_share": 28.11,
            "book_valuer_per_share_4q_avg": 29.54,
            "equity": 4703640,
            "current_ratio": 173.23,
            "debt_ratio": 40.24,
            "inventory_turnover_ratio": 4.23,
            "account_receivable_turnover_ratio": 2.49,
            "reinvestment_rate": -76.48,
            "research_to_sale_ratio": null,
            "price_fair": 135.89,
            "eps_avg_yearly": 3.88,
            "eps_latest_yearly": 7.28,
            "eps_growth_yearly": 106.22
        },
        "20214": {
            "year_quarter": 20214,
            "year": 2021,
            "quarter": 4,
            "eps": 0.7,
            "eps_growth_year": -4.21,
            "eps_4q": 3.8,
            "eps_4q_growth_year": -3.3,
            "roe": 2.24,
            "roe_4q": 11.540000000000001,
            "gross_profit": 264310,
            "gross_margin": 27.47,
            "gross_margin_4q_avg": 26.83,
            "net_income": 107556,
            "revenue": 962056,
            "common_shares": 1444960,
            "book_valuer_per_share": 29.25,
            "book_valuer_per_share_4q_avg": 29.62,
            "equity": 4879754,
            "current_ratio": 183.49,
            "debt_ratio": 38.89,
            "inventory_turnover_ratio": 4.92,
            "account_receivable_turnover_ratio": 2.62,
            "reinvestment_rate": -70.09,
            "research_to_sale_ratio": null,
            "price_fair": 136.5,
            "eps_avg_yearly": 3.9,
            "eps_latest_yearly": 2.8,
            "eps_growth_yearly": 105.41
        },
        "20221": {
            "year_quarter": 20221,
            "year": 2022,
            "quarter": 1,
            "eps": 0.63,
            "eps_growth_year": 3.28,
            "eps_4q": 3.82,
            "eps_4q_growth_year": -1.8,
            "roe": 1.98,
            "roe_4q": 11.630000000000003,
            "gross_profit": 253622,
            "gross_margin": 30.57,
            "gross_margin_4q_avg": 27.83,
            "net_income": 98862,
            "revenue": 829679,
            "common_shares": 1444960,
            "book_valuer_per_share": 30.65,
            "book_valuer_per_share_4q_avg": 29.68,
            "equity": 5114868,
            "current_ratio": 180.48,
            "debt_ratio": 37.13,
            "inventory_turnover_ratio": 4.33,
            "account_receivable_turnover_ratio": 2.17,
            "reinvestment_rate": -44.75,
            "research_to_sale_ratio": null,
            "price_fair": 137.73,
            "eps_avg_yearly": 3.94,
            "eps_latest_yearly": 2.52,
            "eps_growth_yearly": 108.46
        },
        "20222": {
            "year_quarter": 20222,
            "year": 2022,
            "quarter": 2,
            "eps": 0.64,
            "eps_growth_year": -3.03,
            "eps_4q": 3.8,
            "eps_4q_growth_year": -1.91,
            "roe": 2.03,
            "roe_4q": 11.7,
            "gross_profit": 262056,
            "gross_margin": 33.04,
            "gross_margin_4q_avg": 29.2,
            "net_income": 97909,
            "revenue": 793135,
            "common_shares": 1444960,
            "book_valuer_per_share": 26.72,
            "book_valuer_per_share_4q_avg": 28.68,
            "equity": 4543010,
            "current_ratio": 158.52,
            "debt_ratio": 43.1,
            "inventory_turnover_ratio": 3.76,
            "account_receivable_turnover_ratio": 1.87,
            "reinvestment_rate": -52.14,
            "research_to_sale_ratio": null,
            "price_fair": 137.55,
            "eps_avg_yearly": 3.93,
            "eps_latest_yearly": 2.56,
            "eps_growth_yearly": 100.19
        },
        "20223": {
            "year_quarter": 20223,
            "year": 2022,
            "quarter": 3,
            "eps": 1.89,
            "eps_growth_year": 3.85,
            "eps_4q": 3.86,
            "eps_4q_growth_year": 0.7,
            "roe": 6.02,
            "roe_4q": 12.27,
            "gross_profit": 246610,
            "gross_margin": 31.06,
            "gross_margin_4q_avg": 30.54,
            "net_income": 276465,
            "revenue": 793983,
            "common_shares": 1444960,
            "book_valuer_per_share": 27.4,
            "book_valuer_per_share_4q_avg": 28.51,
            "equity": 4649577,
            "current_ratio": 179.14,
            "debt_ratio": 41.04,
            "inventory_turnover_ratio": 3.22,
            "account_receivable_turnover_ratio": 1.91,
            "reinvestment_rate": -52.93,
            "research_to_sale_ratio": null,
            "price_fair": 138.43,
            "eps_avg_yearly": 3.96,
            "eps_latest_yearly": 7.56,
            "eps_growth_yearly": 106.21
        },
        "20224": {
            "year_quarter": 20224,
            "year": 2022,
            "quarter": 4,
            "eps": 0.73,
            "eps_growth_year": 3.33,
            "eps_4q": 3.88,
            "eps_4q_growth_year": 2.13,
            "roe": 2.38,
            "roe_4q": 12.409999999999998,
            "gross_profit": 269324,
            "gross_margin": 34.67,
            "gross_margin_4q_avg": 32.34,
            "net_income": 110560,
            "revenue": 776832,
            "common_shares": 1444960,
            "book_valuer_per_share": 27.37,
            "book_valuer_per_share_4q_avg": 28.04,
            "equity": 4641305,
            "current_ratio": 202.9,
            "debt_ratio": 40.23,
            "inventory_turnover_ratio": 2.56,
            "account_receivable_turnover_ratio": 2.05,
            "reinvestment_rate": -47.53,
            "research_to_sale_ratio": null,
            "price_fair": 138.51,
            "eps_avg_yearly": 3.96,
            "eps_latest_yearly": 2.92,
            "eps_growth_yearly": 105.81
        },
        "20231": {
            "year_quarter": 20231,
            "year": 2023,
            "quarter": 1,
            "eps": 0.57,
            "eps_growth_year": -9.52,
            "eps_4q": 3.82,
            "eps_4q_growth_year": 0.05,
            "roe": 2,
            "roe_4q": 12.429999999999998,
            "gross_profit": 243692,
            "gross_margin": 33.9,
            "gross_margin_4q_avg": 33.17,
            "net_income": 88981,
            "revenue": 718777,
            "common_shares": 1444960,
            "book_valuer_per_share": 24.73,
            "book_valuer_per_share_4q_avg": 26.56,
            "equity": 4270358,
            "current_ratio": 193.19,
            "debt_ratio": 45.38,
            "inventory_turnover_ratio": 2.3,
            "account_receivable_turnover_ratio": 2.05,
            "reinvestment_rate": -47.32,
            "research_to_sale_ratio": null,
            "price_fair": 136.5,
            "eps_avg_yearly": 3.9,
            "eps_latest_yearly": 2.28,
            "eps_growth_yearly": 97.55
        }
    },
    "months": {
        "2001-06": {
            "month": "2001-06",
            "price": "21.08",
            "revenue": 157930
        },
        "2001-07": {
            "month": "2001-07",
            "price": "13.09",
            "revenue": 150905
        },
        "2001-08": {
            "month": "2001-08",
            "price": "10.55",
            "revenue": 149623
        },
        "2001-09": {
            "month": "2001-09",
            "price": "7.16",
            "revenue": 102893
        },
        "2001-10": {
            "month": "2001-10",
            "price": "6.54",
            "revenue": 93919
        },
        "2001-11": {
            "month": "2001-11",
            "price": "7.39",
            "revenue": 120222
        },
        "2001-12": {
            "month": "2001-12",
            "price": "9.68",
            "revenue": 123076
        },
        "2002-01": {
            "month": "2002-01",
            "price": "13.53",
            "revenue": 105031
        },
        "2002-02": {
            "month": "2002-02",
            "price": "14.56",
            "revenue": 73999
        },
        "2002-03": {
            "month": "2002-03",
            "price": "14.66",
            "revenue": 101739
        },
        "2002-04": {
            "month": "2002-04",
            "price": "16.11",
            "revenue": 93734
        },
        "2002-05": {
            "month": "2002-05",
            "price": "11.95",
            "revenue": 108908
        },
        "2002-06": {
            "month": "2002-06",
            "price": "8.90",
            "revenue": 104024
        },
        "2002-07": {
            "month": "2002-07",
            "price": "7.96",
            "revenue": 109993
        },
        "2002-08": {
            "month": "2002-08",
            "price": "7.64",
            "revenue": 103136
        },
        "2002-09": {
            "month": "2002-09",
            "price": "7.13",
            "revenue": 101778
        },
        "2002-10": {
            "month": "2002-10",
            "price": "6.71",
            "revenue": 104300
        },
        "2002-11": {
            "month": "2002-11",
            "price": "7.09",
            "revenue": 104133
        },
        "2002-12": {
            "month": "2002-12",
            "price": "6.18",
            "revenue": 106402
        },
        "2003-01": {
            "month": "2003-01",
            "price": "6.64",
            "revenue": 104202
        },
        "2003-02": {
            "month": "2003-02",
            "price": "6.71",
            "revenue": 85460
        },
        "2003-03": {
            "month": "2003-03",
            "price": "6.14",
            "revenue": 108213
        },
        "2003-04": {
            "month": "2003-04",
            "price": "6.18",
            "revenue": 107512
        },
        "2003-05": {
            "month": "2003-05",
            "price": "6.23",
            "revenue": 96616
        },
        "2003-06": {
            "month": "2003-06",
            "price": "8.10",
            "revenue": 102403
        },
        "2003-07": {
            "month": "2003-07",
            "price": "8.78",
            "revenue": 97235
        },
        "2003-08": {
            "month": "2003-08",
            "price": "7.72",
            "revenue": 103573
        },
        "2003-09": {
            "month": "2003-09",
            "price": "7.57",
            "revenue": 103923
        },
        "2003-10": {
            "month": "2003-10",
            "price": "8.05",
            "revenue": 100875
        },
        "2003-11": {
            "month": "2003-11",
            "price": "10.02",
            "revenue": 108409
        },
        "2003-12": {
            "month": "2003-12",
            "price": "11.20",
            "revenue": 109353
        },
        "2004-01": {
            "month": "2004-01",
            "price": "11.80",
            "revenue": 83396
        },
        "2004-02": {
            "month": "2004-02",
            "price": "12.44",
            "revenue": 98295
        },
        "2004-03": {
            "month": "2004-03",
            "price": "12.09",
            "revenue": 112055
        },
        "2004-04": {
            "month": "2004-04",
            "price": "12.35",
            "revenue": 111517
        },
        "2004-05": {
            "month": "2004-05",
            "price": "11.70",
            "revenue": 110228
        },
        "2004-06": {
            "month": "2004-06",
            "price": "11.12",
            "revenue": 106271
        },
        "2004-07": {
            "month": "2004-07",
            "price": "10.81",
            "revenue": 110832
        },
        "2004-08": {
            "month": "2004-08",
            "price": "10.98",
            "revenue": 112839
        },
        "2004-09": {
            "month": "2004-09",
            "price": "11.93",
            "revenue": 118041
        },
        "2004-10": {
            "month": "2004-10",
            "price": "12.30",
            "revenue": 118687
        },
        "2004-11": {
            "month": "2004-11",
            "price": "12.64",
            "revenue": 111717
        },
        "2004-12": {
            "month": "2004-12",
            "price": "13.39",
            "revenue": 116669
        },
        "2005-01": {
            "month": "2005-01",
            "price": "13.80",
            "revenue": 110003
        },
        "2005-02": {
            "month": "2005-02",
            "price": "14.01",
            "revenue": 90363
        },
        "2005-03": {
            "month": "2005-03",
            "price": "13.27",
            "revenue": 113544
        },
        "2005-04": {
            "month": "2005-04",
            "price": "13.80",
            "revenue": 116170
        },
        "2005-05": {
            "month": "2005-05",
            "price": "14.04",
            "revenue": 112899
        },
        "2005-06": {
            "month": "2005-06",
            "price": "13.61",
            "revenue": 108116
        },
        "2005-07": {
            "month": "2005-07",
            "price": "12.58",
            "revenue": 106084
        },
        "2005-08": {
            "month": "2005-08",
            "price": "11.75",
            "revenue": 114449
        },
        "2005-09": {
            "month": "2005-09",
            "price": "11.46",
            "revenue": 110929
        },
        "2005-10": {
            "month": "2005-10",
            "price": "11.46",
            "revenue": 114554
        },
        "2005-11": {
            "month": "2005-11",
            "price": "12.58",
            "revenue": 114096
        },
        "2005-12": {
            "month": "2005-12",
            "price": "13.12",
            "revenue": 105683
        },
        "2006-01": {
            "month": "2006-01",
            "price": "13.54",
            "revenue": 111120
        },
        "2006-02": {
            "month": "2006-02",
            "price": "12.79",
            "revenue": 94570
        },
        "2006-03": {
            "month": "2006-03",
            "price": "12.63",
            "revenue": 119514
        },
        "2006-04": {
            "month": "2006-04",
            "price": "12.79",
            "revenue": 109440
        },
        "2006-05": {
            "month": "2006-05",
            "price": "12.82",
            "revenue": 117611
        },
        "2006-06": {
            "month": "2006-06",
            "price": "12.52",
            "revenue": 124681
        },
        "2006-07": {
            "month": "2006-07",
            "price": "12.03",
            "revenue": 107106
        },
        "2006-08": {
            "month": "2006-08",
            "price": "11.22",
            "revenue": 113568
        },
        "2006-09": {
            "month": "2006-09",
            "price": "10.90",
            "revenue": 116355
        },
        "2006-10": {
            "month": "2006-10",
            "price": "11.57",
            "revenue": 115722
        },
        "2006-11": {
            "month": "2006-11",
            "price": "13.92",
            "revenue": 113080
        },
        "2006-12": {
            "month": "2006-12",
            "price": "14.87",
            "revenue": 110487
        },
        "2007-01": {
            "month": "2007-01",
            "price": "15.74",
            "revenue": 119037
        },
        "2007-02": {
            "month": "2007-02",
            "price": "15.27",
            "revenue": 87198
        },
        "2007-03": {
            "month": "2007-03",
            "price": "15.09",
            "revenue": 119515
        },
        "2007-04": {
            "month": "2007-04",
            "price": "14.72",
            "revenue": 114786
        },
        "2007-05": {
            "month": "2007-05",
            "price": "13.95",
            "revenue": 114953
        },
        "2007-06": {
            "month": "2007-06",
            "price": "14.39",
            "revenue": 119279
        },
        "2007-07": {
            "month": "2007-07",
            "price": "15.34",
            "revenue": 111357
        },
        "2007-08": {
            "month": "2007-08",
            "price": "18.45",
            "revenue": 113901
        },
        "2007-09": {
            "month": "2007-09",
            "price": "18.59",
            "revenue": 116590
        },
        "2007-10": {
            "month": "2007-10",
            "price": "18.87",
            "revenue": 120172
        },
        "2007-11": {
            "month": "2007-11",
            "price": "20.31",
            "revenue": 125454
        },
        "2007-12": {
            "month": "2007-12",
            "price": "20.22",
            "revenue": 128575
        },
        "2008-01": {
            "month": "2008-01",
            "price": "18.96",
            "revenue": 123635
        },
        "2008-02": {
            "month": "2008-02",
            "price": "18.57",
            "revenue": 98666
        },
        "2008-03": {
            "month": "2008-03",
            "price": "19.84",
            "revenue": 128788
        },
        "2008-04": {
            "month": "2008-04",
            "price": "21.27",
            "revenue": 117249
        },
        "2008-05": {
            "month": "2008-05",
            "price": "23.81",
            "revenue": 119168
        },
        "2008-06": {
            "month": "2008-06",
            "price": "22.54",
            "revenue": 118285
        },
        "2008-07": {
            "month": "2008-07",
            "price": "19.52",
            "revenue": 118141
        },
        "2008-08": {
            "month": "2008-08",
            "price": "16.38",
            "revenue": 120007
        },
        "2008-09": {
            "month": "2008-09",
            "price": "16.74",
            "revenue": 113652
        },
        "2008-10": {
            "month": "2008-10",
            "price": "17.06",
            "revenue": 113198
        },
        "2008-11": {
            "month": "2008-11",
            "price": "15.47",
            "revenue": 110806
        },
        "2008-12": {
            "month": "2008-12",
            "price": "14.85",
            "revenue": 111327
        },
        "2009-01": {
            "month": "2009-01",
            "price": "14.64",
            "revenue": 91996
        },
        "2009-02": {
            "month": "2009-02",
            "price": "13.65",
            "revenue": 99544
        },
        "2009-03": {
            "month": "2009-03",
            "price": "15.81",
            "revenue": 109421
        },
        "2009-04": {
            "month": "2009-04",
            "price": "19.02",
            "revenue": 101105
        },
        "2009-05": {
            "month": "2009-05",
            "price": "20.24",
            "revenue": 96838
        },
        "2009-06": {
            "month": "2009-06",
            "price": "21.23",
            "revenue": 103712
        },
        "2009-07": {
            "month": "2009-07",
            "price": "18.34",
            "revenue": 106219
        },
        "2009-08": {
            "month": "2009-08",
            "price": "17.56",
            "revenue": 103420
        },
        "2009-09": {
            "month": "2009-09",
            "price": "17.22",
            "revenue": 104601
        },
        "2009-10": {
            "month": "2009-10",
            "price": "17.65",
            "revenue": 104603
        },
        "2009-11": {
            "month": "2009-11",
            "price": "18.29",
            "revenue": 107804
        },
        "2009-12": {
            "month": "2009-12",
            "price": "19.97",
            "revenue": 118919
        },
        "2010-01": {
            "month": "2010-01",
            "price": "22.80",
            "revenue": 107363
        },
        "2010-02": {
            "month": "2010-02",
            "price": "20.49",
            "revenue": 90946
        },
        "2010-03": {
            "month": "2010-03",
            "price": "22.38",
            "revenue": 156330
        },
        "2010-04": {
            "month": "2010-04",
            "price": "24.69",
            "revenue": 156589
        },
        "2010-05": {
            "month": "2010-05",
            "price": "22.29",
            "revenue": 156452
        },
        "2010-06": {
            "month": "2010-06",
            "price": "20.98",
            "revenue": 160569
        },
        "2010-07": {
            "month": "2010-07",
            "price": "21.92",
            "revenue": 153397
        },
        "2010-08": {
            "month": "2010-08",
            "price": "24.82",
            "revenue": 149693
        },
        "2010-09": {
            "month": "2010-09",
            "price": "28.37",
            "revenue": 155825
        },
        "2010-10": {
            "month": "2010-10",
            "price": "28.92",
            "revenue": 152207
        },
        "2010-11": {
            "month": "2010-11",
            "price": "28.68",
            "revenue": 156170
        },
        "2010-12": {
            "month": "2010-12",
            "price": "30.84",
            "revenue": 156343
        },
        "2011-01": {
            "month": "2011-01",
            "price": "31.63",
            "revenue": 157517
        },
        "2011-02": {
            "month": "2011-02",
            "price": "34.30",
            "revenue": 139422
        },
        "2011-03": {
            "month": "2011-03",
            "price": "31.59",
            "revenue": 153883
        },
        "2011-04": {
            "month": "2011-04",
            "price": "30.40",
            "revenue": 155299
        },
        "2011-05": {
            "month": "2011-05",
            "price": "29.65",
            "revenue": 157655
        },
        "2011-06": {
            "month": "2011-06",
            "price": "29.73",
            "revenue": 156285
        },
        "2011-07": {
            "month": "2011-07",
            "price": "29.70",
            "revenue": 156914
        },
        "2011-08": {
            "month": "2011-08",
            "price": "32.36",
            "revenue": 155970
        },
        "2011-09": {
            "month": "2011-09",
            "price": "31.87",
            "revenue": 153957
        },
        "2011-10": {
            "month": "2011-10",
            "price": "34.00",
            "revenue": 156306
        },
        "2011-11": {
            "month": "2011-11",
            "price": "35.28",
            "revenue": 156281
        },
        "2011-12": {
            "month": "2011-12",
            "price": "34.17",
            "revenue": 158158
        },
        "2012-01": {
            "month": "2012-01",
            "price": "33.61",
            "revenue": 154035
        },
        "2012-02": {
            "month": "2012-02",
            "price": "37.39",
            "revenue": 147749
        },
        "2012-03": {
            "month": "2012-03",
            "price": "40.38",
            "revenue": 159461
        },
        "2012-04": {
            "month": "2012-04",
            "price": "41.18",
            "revenue": 159481
        },
        "2012-05": {
            "month": "2012-05",
            "price": "39.05",
            "revenue": 158488
        },
        "2012-06": {
            "month": "2012-06",
            "price": "36.63",
            "revenue": 155750
        },
        "2012-07": {
            "month": "2012-07",
            "price": "28.76",
            "revenue": 156229
        },
        "2012-08": {
            "month": "2012-08",
            "price": "29.63",
            "revenue": 156557
        },
        "2012-09": {
            "month": "2012-09",
            "price": "28.59",
            "revenue": 156706
        },
        "2012-10": {
            "month": "2012-10",
            "price": "26.45",
            "revenue": 157690
        },
        "2012-11": {
            "month": "2012-11",
            "price": "27.78",
            "revenue": 161977
        },
        "2012-12": {
            "month": "2012-12",
            "price": "28.53",
            "revenue": 163237
        },
        "2013-01": {
            "month": "2013-01",
            "price": "28.67",
            "revenue": 156545
        },
        "2013-02": {
            "month": "2013-02",
            "price": "30.38",
            "revenue": 153176
        },
        "2013-03": {
            "month": "2013-03",
            "price": "31.79",
            "revenue": 158256
        },
        "2013-04": {
            "month": "2013-04",
            "price": "35.06",
            "revenue": 161846
        },
        "2013-05": {
            "month": "2013-05",
            "price": "35.53",
            "revenue": 164881
        },
        "2013-06": {
            "month": "2013-06",
            "price": "35.52",
            "revenue": 165210
        },
        "2013-07": {
            "month": "2013-07",
            "price": "34.59",
            "revenue": 165820
        },
        "2013-08": {
            "month": "2013-08",
            "price": "40.12",
            "revenue": 167853
        },
        "2013-09": {
            "month": "2013-09",
            "price": "41.87",
            "revenue": 167869
        },
        "2013-10": {
            "month": "2013-10",
            "price": "45.48",
            "revenue": 172114
        },
        "2013-11": {
            "month": "2013-11",
            "price": "46.37",
            "revenue": 178060
        },
        "2013-12": {
            "month": "2013-12",
            "price": "51.07",
            "revenue": 182420
        },
        "2014-01": {
            "month": "2014-01",
            "price": "50.90",
            "revenue": 181353
        },
        "2014-02": {
            "month": "2014-02",
            "price": "51.25",
            "revenue": 171373
        },
        "2014-03": {
            "month": "2014-03",
            "price": "51.08",
            "revenue": 183839
        },
        "2014-04": {
            "month": "2014-04",
            "price": "50.56",
            "revenue": 187818
        },
        "2014-05": {
            "month": "2014-05",
            "price": "47.57",
            "revenue": 189625
        },
        "2014-06": {
            "month": "2014-06",
            "price": "45.34",
            "revenue": 194616
        },
        "2014-07": {
            "month": "2014-07",
            "price": "41.38",
            "revenue": 198027
        },
        "2014-08": {
            "month": "2014-08",
            "price": "40.54",
            "revenue": 202188
        },
        "2014-09": {
            "month": "2014-09",
            "price": "39.93",
            "revenue": 204869
        },
        "2014-10": {
            "month": "2014-10",
            "price": "41.75",
            "revenue": 210411
        },
        "2014-11": {
            "month": "2014-11",
            "price": "43.14",
            "revenue": 219220
        },
        "2014-12": {
            "month": "2014-12",
            "price": "43.85",
            "revenue": 229915
        },
        "2015-01": {
            "month": "2015-01",
            "price": "44.05",
            "revenue": 228586
        },
        "2015-02": {
            "month": "2015-02",
            "price": "44.38",
            "revenue": 211760
        },
        "2015-03": {
            "month": "2015-03",
            "price": "45.62",
            "revenue": 223932
        },
        "2015-04": {
            "month": "2015-04",
            "price": "45.96",
            "revenue": 236740
        },
        "2015-05": {
            "month": "2015-05",
            "price": "46.53",
            "revenue": 237372
        },
        "2015-06": {
            "month": "2015-06",
            "price": "45.03",
            "revenue": 242650
        },
        "2015-07": {
            "month": "2015-07",
            "price": "44.07",
            "revenue": 248366
        },
        "2015-08": {
            "month": "2015-08",
            "price": "43.65",
            "revenue": 251653
        },
        "2015-09": {
            "month": "2015-09",
            "price": "43.88",
            "revenue": 257739
        },
        "2015-10": {
            "month": "2015-10",
            "price": "45.36",
            "revenue": 263654
        },
        "2015-11": {
            "month": "2015-11",
            "price": "44.69",
            "revenue": 266070
        },
        "2015-12": {
            "month": "2015-12",
            "price": "43.16",
            "revenue": 283530
        },
        "2016-01": {
            "month": "2016-01",
            "price": "42.63",
            "revenue": 274976
        },
        "2016-02": {
            "month": "2016-02",
            "price": "44.45",
            "revenue": 257398
        },
        "2016-03": {
            "month": "2016-03",
            "price": "46.45",
            "revenue": 273612
        },
        "2016-04": {
            "month": "2016-04",
            "price": "46.62",
            "revenue": 285000
        },
        "2016-05": {
            "month": "2016-05",
            "price": "43.65",
            "revenue": 278727
        },
        "2016-06": {
            "month": "2016-06",
            "price": "42.58",
            "revenue": 291681
        },
        "2016-07": {
            "month": "2016-07",
            "price": "41.08",
            "revenue": 285237
        },
        "2016-08": {
            "month": "2016-08",
            "price": "39.36",
            "revenue": 284462
        },
        "2016-09": {
            "month": "2016-09",
            "price": "38.29",
            "revenue": 290284
        },
        "2016-10": {
            "month": "2016-10",
            "price": "38.39",
            "revenue": 290194
        },
        "2016-11": {
            "month": "2016-11",
            "price": "38.81",
            "revenue": 290184
        },
        "2016-12": {
            "month": "2016-12",
            "price": "39.65",
            "revenue": 310500
        },
        "2017-01": {
            "month": "2017-01",
            "price": "40.24",
            "revenue": 296837
        },
        "2017-02": {
            "month": "2017-02",
            "price": "41.64",
            "revenue": 275512
        },
        "2017-03": {
            "month": "2017-03",
            "price": "41.82",
            "revenue": 295557
        },
        "2017-04": {
            "month": "2017-04",
            "price": "40.71",
            "revenue": 298276
        },
        "2017-05": {
            "month": "2017-05",
            "price": "42.55",
            "revenue": 297233
        },
        "2017-06": {
            "month": "2017-06",
            "price": "43.41",
            "revenue": 317437
        },
        "2017-07": {
            "month": "2017-07",
            "price": "42.13",
            "revenue": 314327
        },
        "2017-08": {
            "month": "2017-08",
            "price": "41.53",
            "revenue": 316724
        },
        "2017-09": {
            "month": "2017-09",
            "price": "42.01",
            "revenue": 335320
        },
        "2017-10": {
            "month": "2017-10",
            "price": "43.18",
            "revenue": 322749
        },
        "2017-11": {
            "month": "2017-11",
            "price": "43.80",
            "revenue": 321091
        },
        "2017-12": {
            "month": "2017-12",
            "price": "43.09",
            "revenue": 348667
        },
        "2018-01": {
            "month": "2018-01",
            "price": "44.61",
            "revenue": 325120
        },
        "2018-02": {
            "month": "2018-02",
            "price": "44.87",
            "revenue": 309946
        },
        "2018-03": {
            "month": "2018-03",
            "price": "47.07",
            "revenue": 321262
        },
        "2018-04": {
            "month": "2018-04",
            "price": "47.67",
            "revenue": 330746
        },
        "2018-05": {
            "month": "2018-05",
            "price": "46.49",
            "revenue": 353681
        },
        "2018-06": {
            "month": "2018-06",
            "price": "46.79",
            "revenue": 354888
        },
        "2018-07": {
            "month": "2018-07",
            "price": "44.07",
            "revenue": 340938
        },
        "2018-08": {
            "month": "2018-08",
            "price": "43.12",
            "revenue": 342728
        },
        "2018-09": {
            "month": "2018-09",
            "price": "42.84",
            "revenue": 348465
        },
        "2018-10": {
            "month": "2018-10",
            "price": "40.64",
            "revenue": 335454
        },
        "2018-11": {
            "month": "2018-11",
            "price": "41.07",
            "revenue": 353729
        },
        "2018-12": {
            "month": "2018-12",
            "price": "42.10",
            "revenue": 373491
        },
        "2019-01": {
            "month": "2019-01",
            "price": "42.00",
            "revenue": 364640
        },
        "2019-02": {
            "month": "2019-02",
            "price": "43.18",
            "revenue": 340450
        },
        "2019-03": {
            "month": "2019-03",
            "price": "46.22",
            "revenue": 352643
        },
        "2019-04": {
            "month": "2019-04",
            "price": "46.74",
            "revenue": 364789
        },
        "2019-05": {
            "month": "2019-05",
            "price": "47.08",
            "revenue": 361985
        },
        "2019-06": {
            "month": "2019-06",
            "price": "48.36",
            "revenue": 371991
        },
        "2019-07": {
            "month": "2019-07",
            "price": "48.44",
            "revenue": 362567
        },
        "2019-08": {
            "month": "2019-08",
            "price": "48.10",
            "revenue": 357825
        },
        "2019-09": {
            "month": "2019-09",
            "price": "48.73",
            "revenue": 362263
        },
        "2019-10": {
            "month": "2019-10",
            "price": "48.79",
            "revenue": 354521
        },
        "2019-11": {
            "month": "2019-11",
            "price": "50.82",
            "revenue": 360310
        },
        "2019-12": {
            "month": "2019-12",
            "price": "54.68",
            "revenue": 370700
        },
        "2020-01": {
            "month": "2020-01",
            "price": "54.93",
            "revenue": 355189
        },
        "2020-02": {
            "month": "2020-02",
            "price": "53.30",
            "revenue": 284660
        },
        "2020-03": {
            "month": "2020-03",
            "price": "48.60",
            "revenue": 339426
        },
        "2020-04": {
            "month": "2020-04",
            "price": "50.76",
            "revenue": 337620
        },
        "2020-05": {
            "month": "2020-05",
            "price": "52.37",
            "revenue": 330591
        },
        "2020-06": {
            "month": "2020-06",
            "price": "54.19",
            "revenue": 344027
        },
        "2020-07": {
            "month": "2020-07",
            "price": "51.65",
            "revenue": 339807
        },
        "2020-08": {
            "month": "2020-08",
            "price": "49.57",
            "revenue": 326840
        },
        "2020-09": {
            "month": "2020-09",
            "price": "48.49",
            "revenue": 346198
        },
        "2020-10": {
            "month": "2020-10",
            "price": "48.35",
            "revenue": 348204
        },
        "2020-11": {
            "month": "2020-11",
            "price": "49.84",
            "revenue": 334220
        },
        "2020-12": {
            "month": "2020-12",
            "price": "51.23",
            "revenue": 363596
        },
        "2021-01": {
            "month": "2021-01",
            "price": "50.50",
            "revenue": 347220
        },
        "2021-02": {
            "month": "2021-02",
            "price": "50.64",
            "revenue": 314467
        },
        "2021-03": {
            "month": "2021-03",
            "price": "53.02",
            "revenue": 330570
        },
        "2021-04": {
            "month": "2021-04",
            "price": "54.41",
            "revenue": 335134
        },
        "2021-05": {
            "month": "2021-05",
            "price": "52.27",
            "revenue": 315210
        },
        "2021-06": {
            "month": "2021-06",
            "price": "53.42",
            "revenue": 323554
        },
        "2021-07": {
            "month": "2021-07",
            "price": "53.88",
            "revenue": 324156
        },
        "2021-08": {
            "month": "2021-08",
            "price": "51.10",
            "revenue": 310923
        },
        "2021-09": {
            "month": "2021-09",
            "price": "50.32",
            "revenue": 320498
        },
        "2021-10": {
            "month": "2021-10",
            "price": "50.44",
            "revenue": 317660
        },
        "2021-11": {
            "month": "2021-11",
            "price": "51.30",
            "revenue": 308197
        },
        "2021-12": {
            "month": "2021-12",
            "price": "51.20",
            "revenue": 336199
        },
        "2022-01": {
            "month": "2022-01",
            "price": "51.18",
            "revenue": 295949
        },
        "2022-02": {
            "month": "2022-02",
            "price": "51.36",
            "revenue": 261355
        },
        "2022-03": {
            "month": "2022-03",
            "price": "51.67",
            "revenue": 272375
        },
        "2022-04": {
            "month": "2022-04",
            "price": "51.88",
            "revenue": 271721
        },
        "2022-05": {
            "month": "2022-05",
            "price": "51.07",
            "revenue": 255998
        },
        "2022-06": {
            "month": "2022-06",
            "price": "51.39",
            "revenue": 265416
        },
        "2022-07": {
            "month": "2022-07",
            "price": "48.84",
            "revenue": 271760
        },
        "2022-08": {
            "month": "2022-08",
            "price": "48.78",
            "revenue": 258754
        },
        "2022-09": {
            "month": "2022-09",
            "price": "48.18",
            "revenue": 263469
        },
        "2022-10": {
            "month": "2022-10",
            "price": "45.97",
            "revenue": 257446
        },
        "2022-11": {
            "month": "2022-11",
            "price": "46.98",
            "revenue": 254546
        },
        "2022-12": {
            "month": "2022-12",
            "price": "48.18",
            "revenue": 264840
        },
        "2023-01": {
            "month": "2023-01",
            "price": "48.43",
            "revenue": 246094
        },
        "2023-02": {
            "month": "2023-02",
            "price": "49.34",
            "revenue": 227720
        },
        "2023-03": {
            "month": "2023-03",
            "price": "51.40",
            "revenue": 244963
        },
        "2023-04": {
            "month": "2023-04",
            "price": "53.00",
            "revenue": 247252
        }
    }
}
