{
    "summary": {
        "stock_name": "統懋",
        "stock_id": "2434",
        "category": "半導體",
        "main_business": "電子零組件製造業 、電腦及其週邊設備製造業、國際貿易業<br>除許可業務外,得經營法令非禁止或限制之業務",
        "website_url": "http://www.mospec.com.tw/",
        "ceo": "唐永渝",
        "pe_ratio": -33,
        "report_year_from": 2001,
        "report_year_to": 2023,
        "age": 23,
        "eps_negative_percentage": 61,
        "eps_growth_avg": {
            "last_all": -27.81,
            "last_2y": -100,
            "last_4y": -100,
            "last_8y": -100,
            "last_12y": -100,
            "last_16y": -66.67,
            "last_20y": -28.64,
            "at_2006_last_3y": 9.38,
            "at_2007_last_3y": 18.93,
            "at_2008_last_3y": -31.07,
            "at_2009_last_3y": -38.06,
            "at_2010_last_3y": -33.33,
            "at_2011_last_3y": -100,
            "at_2012_last_3y": null,
            "at_2013_last_3y": null,
            "at_2014_last_3y": null,
            "at_2015_last_3y": -100,
            "at_2016_last_3y": -100,
            "at_2017_last_3y": -100,
            "at_2018_last_3y": -100,
            "at_2019_last_3y": null,
            "at_2020_last_3y": null,
            "at_2021_last_3y": -100,
            "at_2022_last_3y": -100,
            "at_2023_last_3y": -100,
            "at_2024_last_3y": -100,
            "at_2006_last_all": 3.27,
            "at_2007_last_all": 8.28,
            "at_2008_last_all": -7.19,
            "at_2009_last_all": -7.19,
            "at_2010_last_all": -7.19,
            "at_2011_last_all": -7.19,
            "at_2012_last_all": -7.19,
            "at_2013_last_all": -7.19,
            "at_2014_last_all": -7.19,
            "at_2015_last_all": -18.79,
            "at_2016_last_all": -18.79,
            "at_2017_last_all": -18.79,
            "at_2018_last_all": -18.79,
            "at_2019_last_all": -18.79,
            "at_2020_last_all": -18.79,
            "at_2021_last_all": -27.81,
            "at_2022_last_all": -27.81,
            "at_2023_last_all": -27.81,
            "at_2024_last_all": -27.81
        },
        "latest_eps": -0.98,
        "latest_price": 32,
        "latest_roe": -7.53,
        "latest_gross_margin": 23.57,
        "latest_equity": 463333,
        "latest_revenue": 18342,
        "latest_gross_profit": 4323,
        "latest_net_income": -3453,
        "latest_debt_ratio": 28.73,
        "latest_current_ratio": 157.39,
        "latest_account_receivable_turnover_ratio": 0.98,
        "latest_inventory_turnover_ratio": 1.56,
        "latest_reinvestment_rate": null,
        "latest_research_to_sale_ratio": 10.05
    },
    "eps_dividends": {
        "1999": {
            "cash": 0,
            "stock": 1.4,
            "eps": 0
        },
        "2000": {
            "cash": 0,
            "stock": 1.2,
            "eps": 0
        },
        "2001": {
            "cash": 0,
            "stock": 1.8,
            "eps": 0.52
        },
        "2002": {
            "cash": 0.2,
            "stock": 0.2,
            "eps": 0.41
        },
        "2003": {
            "cash": 0.15,
            "stock": 0.15,
            "eps": 0.39
        },
        "2004": {
            "cash": 0.21,
            "stock": 0.15,
            "eps": 0.89
        },
        "2005": {
            "cash": 0.5,
            "stock": 0.1,
            "eps": 0.8
        },
        "2006": {
            "cash": 0.8,
            "stock": 0,
            "eps": 0.42
        },
        "2007": {
            "cash": 0.4,
            "stock": 0,
            "eps": 0.56
        },
        "2008": {
            "cash": 0.45,
            "stock": 0,
            "eps": -1.05
        },
        "2009": {
            "cash": 0,
            "stock": 0,
            "eps": -0.93
        },
        "2010": {
            "cash": 0,
            "stock": 0,
            "eps": -0.57
        },
        "2011": {
            "cash": 0,
            "stock": 0,
            "eps": -1.75
        },
        "2012": {
            "cash": 0,
            "stock": 0,
            "eps": -1.32
        },
        "2013": {
            "cash": 0,
            "stock": 0,
            "eps": -1.24
        },
        "2014": {
            "cash": 0,
            "stock": 0,
            "eps": 2.06
        },
        "2015": {
            "cash": 0,
            "stock": 0,
            "eps": -2.6
        },
        "2016": {
            "cash": 0,
            "stock": 0,
            "eps": -1.13
        },
        "2017": {
            "cash": 0,
            "stock": 0,
            "eps": -1.57
        },
        "2018": {
            "cash": 0,
            "stock": 0,
            "eps": -2.56
        },
        "2019": {
            "cash": 0,
            "stock": 0,
            "eps": -3.39
        },
        "2020": {
            "cash": 0,
            "stock": 0,
            "eps": 0.25
        },
        "2021": {
            "cash": 0,
            "stock": 0,
            "eps": -0.49
        },
        "2022": {
            "cash": 0,
            "stock": 0,
            "eps": -0.95
        },
        "2023": {
            "cash": 0,
            "stock": 0,
            "eps": -0.98
        }
    },
    "dividends": {
        "1999-06-29": {
            "cash": 0,
            "stock": 1.4
        },
        "2000-06-17": {
            "cash": 0,
            "stock": 1.2
        },
        "2001-06-07": {
            "cash": 0,
            "stock": 1.8
        },
        "2002-06-27": {
            "cash": 0.2,
            "stock": 0.2
        },
        "2003-03-27": {
            "cash": 0.15,
            "stock": 0.15
        },
        "2004-03-31": {
            "cash": 0.21,
            "stock": 0.15
        },
        "2005-03-29": {
            "cash": 0.5,
            "stock": 0.1
        },
        "2006-04-06": {
            "cash": 0.8,
            "stock": 0
        },
        "2007-03-22": {
            "cash": 0.4,
            "stock": 0
        },
        "2008-03-21": {
            "cash": 0.45,
            "stock": 0
        }
    },
    "prices": {
        "200101": "23.29",
        "200102": "30.12",
        "200103": "34.30",
        "200104": "34.90",
        "200105": "28.38",
        "200106": "25.80",
        "200107": "16.95",
        "200108": "15.43",
        "200109": "11.81",
        "200110": "11.15",
        "200111": "15.96",
        "200112": "22.20",
        "200201": "23.85",
        "200202": "22.58",
        "200203": "25.44",
        "200204": "24.56",
        "200205": "18.94",
        "200206": "16.99",
        "200207": "14.09",
        "200208": "13.65",
        "200209": "14.13",
        "200210": "14.19",
        "200211": "14.07",
        "200212": "13.60",
        "200301": "13.30",
        "200302": "13.20",
        "200303": "13.02",
        "200304": "12.52",
        "200305": "11.74",
        "200306": "14.47",
        "200307": "15.31",
        "200308": "15.21",
        "200309": "15.64",
        "200310": "14.26",
        "200311": "14.84",
        "200312": "14.42",
        "200401": "14.57",
        "200402": "15.56",
        "200403": "14.99",
        "200404": "15.39",
        "200405": "13.54",
        "200406": "13.19",
        "200407": "12.67",
        "200408": "12.08",
        "200409": "11.77",
        "200410": "11.53",
        "200411": "10.96",
        "200412": "10.87",
        "200501": "10.74",
        "200502": "11.37",
        "200503": "11.50",
        "200504": "10.87",
        "200505": "10.69",
        "200506": "11.81",
        "200507": "13.09",
        "200508": "11.43",
        "200509": "11.30",
        "200510": "11.36",
        "200511": "12.50",
        "200512": "13.15",
        "200601": "13.93",
        "200602": "12.93",
        "200603": "13.78",
        "200604": "14.94",
        "200605": "15.49",
        "200606": "15.17",
        "200607": "14.10",
        "200608": "13.00",
        "200609": "13.13",
        "200610": "14.44",
        "200611": "15.49",
        "200612": "18.27",
        "200701": "17.26",
        "200702": "19.39",
        "200703": "19.56",
        "200704": "33.89",
        "200705": "35.03",
        "200706": "37.47",
        "200707": "67.86",
        "200708": "53.61",
        "200709": "58.25",
        "200710": "54.33",
        "200711": "38.58",
        "200712": "37.58",
        "200801": "42.28",
        "200802": "32.47",
        "200803": "34.71",
        "200804": "40.57",
        "200805": "38.29",
        "200806": "29.91",
        "200807": "24.32",
        "200808": "23.76",
        "200809": "15.28",
        "200810": "15.39",
        "200811": "12.23",
        "200812": "11.58",
        "200901": "11.96",
        "200902": "11.60",
        "200903": "13.42",
        "200904": "15.14",
        "200905": "15.59",
        "200906": "15.56",
        "200907": "16.23",
        "200908": "15.51",
        "200909": "15.51",
        "200910": "16.35",
        "200911": "19.26",
        "200912": "22.71",
        "201001": "21.32",
        "201002": "17.80",
        "201003": "19.37",
        "201004": "20.39",
        "201005": "18.89",
        "201006": "18.87",
        "201007": "19.85",
        "201008": "21.38",
        "201009": "20.75",
        "201010": "19.88",
        "201011": "18.14",
        "201012": "18.40",
        "201101": "18.24",
        "201102": "18.05",
        "201103": "17.20",
        "201104": "16.65",
        "201105": "14.33",
        "201106": "12.58",
        "201107": "11.42",
        "201108": "9.10",
        "201109": "8.18",
        "201110": "8.19",
        "201111": "7.35",
        "201112": "6.48",
        "201201": "7.19",
        "201202": "9.85",
        "201203": "8.89",
        "201204": "7.25",
        "201205": "6.81",
        "201206": "6.28",
        "201207": "6.25",
        "201208": "5.57",
        "201209": "5.65",
        "201210": "5.26",
        "201211": "4.84",
        "201212": "5.68",
        "201301": "5.68",
        "201302": "5.66",
        "201303": "5.57",
        "201304": "5.67",
        "201305": "6.95",
        "201306": "6.27",
        "201307": "6.00",
        "201308": "5.59",
        "201309": "5.85",
        "201310": "6.38",
        "201311": "6.34",
        "201312": "6.40",
        "201401": "7.17",
        "201402": "7.07",
        "201403": "7.12",
        "201404": "6.77",
        "201405": "7.71",
        "201406": "11.38",
        "201407": "10.53",
        "201408": "9.59",
        "201409": "8.99",
        "201410": "8.06",
        "201411": "7.53",
        "201412": "7.40",
        "201501": "7.69",
        "201502": "7.74",
        "201503": "7.30",
        "201504": "11.15",
        "201505": "10.16",
        "201506": "7.99",
        "201507": "7.13",
        "201508": "5.28",
        "201509": "5.50",
        "201510": "6.01",
        "201511": "5.94",
        "201512": "5.59",
        "201601": "5.86",
        "201602": "6.38",
        "201603": "6.92",
        "201604": "7.60",
        "201605": "7.96",
        "201606": "7.86",
        "201607": "7.48",
        "201608": "6.96",
        "201609": "6.88",
        "201610": "6.41",
        "201611": "5.95",
        "201612": "5.53",
        "201701": "5.64",
        "201702": "6.00",
        "201703": "5.94",
        "201704": "5.63",
        "201705": "6.83",
        "201706": "6.72",
        "201707": "6.06",
        "201708": "5.84",
        "201709": "6.95",
        "201710": "11.10",
        "201711": "10.36",
        "201712": "9.46",
        "201801": "9.24",
        "201802": "13.57",
        "201803": "18.38",
        "201804": "17.22",
        "201805": "14.33",
        "201806": "16.72",
        "201807": "14.32",
        "201808": "11.73",
        "201809": "11.71",
        "201810": "10.77",
        "201811": "9.65",
        "201812": "9.72",
        "201901": "9.10",
        "201902": "9.08",
        "201903": "8.86",
        "201904": "8.31",
        "201905": "7.04",
        "201906": "6.79",
        "201907": "6.55",
        "201908": "5.58",
        "201909": "5.42",
        "201910": "5.90",
        "201911": "6.42",
        "201912": "6.74",
        "202001": "7.00",
        "202002": "7.04",
        "202003": "6.14",
        "202004": "5.93",
        "202005": "6.12",
        "202006": "6.02",
        "202007": "6.03",
        "202008": "6.06",
        "202009": "19.31",
        "202010": "26.18",
        "202011": "26.23",
        "202012": "26.92",
        "202101": "26.84",
        "202102": "26.69",
        "202103": "29.12",
        "202104": "38.63",
        "202105": "38.28",
        "202106": "38.41",
        "202107": "44.70",
        "202108": "39.50",
        "202109": "38.63",
        "202110": "36.98",
        "202111": "39.52",
        "202112": "39.81",
        "202201": "38.16",
        "202202": "37.22",
        "202203": "35.64",
        "202204": "34.88",
        "202205": "34.24",
        "202206": "32.94",
        "202207": "31.42",
        "202208": "30.08",
        "202209": "28.83",
        "202210": "27.68",
        "202211": "29.09",
        "202212": "28.70",
        "202301": "28.28",
        "202302": "28.01",
        "202303": "30.00",
        "202304": "29.86",
        "202305": "30.14",
        "202306": "30.54",
        "202307": "30.48",
        "202308": "31.64",
        "202309": "36.13",
        "202310": "33.32",
        "202311": "32.57",
        "202312": "34.07"
    },
    "quarters": {
        "20011": {
            "year_quarter": 20011,
            "year": 2001,
            "quarter": 1,
            "eps": 0.28,
            "eps_growth_year": -49.09,
            "eps_4q": 1.93,
            "eps_4q_growth_year": 11.56,
            "roe": 2.23,
            "roe_4q": 2.23,
            "gross_profit": 49606,
            "gross_margin": 31.34,
            "gross_margin_4q_avg": 31.34,
            "net_income": 18473,
            "net_income_4q": null,
            "revenue": 158283,
            "revenue_4q": null,
            "common_shares": 649405,
            "book_valuer_per_share": 12.91,
            "book_valuer_per_share_4q_avg": 12.91,
            "equity": 838479,
            "current_ratio": 393.75,
            "debt_ratio": 30.58,
            "inventory_turnover_ratio": 0.27,
            "account_receivable_turnover_ratio": null,
            "reinvestment_rate": null,
            "research_to_sale_ratio": null,
            "price_fair": 0,
            "eps_avg_yearly": 0,
            "eps_latest_yearly": 0,
            "eps_growth_yearly": 0
        },
        "20012": {
            "year_quarter": 20012,
            "year": 2001,
            "quarter": 2,
            "eps": 0.07,
            "eps_growth_year": -89.71,
            "eps_4q": 1.35,
            "eps_4q_growth_year": -38.24,
            "roe": 0.58,
            "roe_4q": 2.81,
            "gross_profit": 28390,
            "gross_margin": 27.35,
            "gross_margin_4q_avg": 29.35,
            "net_income": 4827,
            "net_income_4q": null,
            "revenue": 103813,
            "revenue_4q": null,
            "common_shares": 649405,
            "book_valuer_per_share": 12.91,
            "book_valuer_per_share_4q_avg": 12.91,
            "equity": 838258,
            "current_ratio": 347.4,
            "debt_ratio": 32.34,
            "inventory_turnover_ratio": 0.18,
            "account_receivable_turnover_ratio": null,
            "reinvestment_rate": null,
            "research_to_sale_ratio": null,
            "price_fair": 0,
            "eps_avg_yearly": 0,
            "eps_latest_yearly": 0,
            "eps_growth_yearly": 0
        },
        "20013": {
            "year_quarter": 20013,
            "year": 2001,
            "quarter": 3,
            "eps": 0.02,
            "eps_growth_year": -97.26,
            "eps_4q": 0.66,
            "eps_4q_growth_year": -71.19,
            "roe": 0.17,
            "roe_4q": 2.98,
            "gross_profit": 20930,
            "gross_margin": 16.45,
            "gross_margin_4q_avg": 25.05,
            "net_income": 1427,
            "net_income_4q": null,
            "revenue": 127212,
            "revenue_4q": null,
            "common_shares": 771511,
            "book_valuer_per_share": 10.96,
            "book_valuer_per_share_4q_avg": 12.26,
            "equity": 845465,
            "current_ratio": 278.18,
            "debt_ratio": 28.13,
            "inventory_turnover_ratio": 0.26,
            "account_receivable_turnover_ratio": null,
            "reinvestment_rate": null,
            "research_to_sale_ratio": null,
            "price_fair": 0,
            "eps_avg_yearly": 0,
            "eps_latest_yearly": 0,
            "eps_growth_yearly": 0
        },
        "20014": {
            "year_quarter": 20014,
            "year": 2001,
            "quarter": 4,
            "eps": 0.15,
            "eps_growth_year": -55.88,
            "eps_4q": 0.47,
            "eps_4q_growth_year": -78.15,
            "roe": 1.34,
            "roe_4q": 4.32,
            "gross_profit": 28079,
            "gross_margin": 16.02,
            "gross_margin_4q_avg": 22.79,
            "net_income": 11436,
            "net_income_4q": null,
            "revenue": 175322,
            "revenue_4q": null,
            "common_shares": 771511,
            "book_valuer_per_share": 11.11,
            "book_valuer_per_share_4q_avg": 11.97,
            "equity": 857498,
            "current_ratio": 393.44,
            "debt_ratio": 29.94,
            "inventory_turnover_ratio": 0.37,
            "account_receivable_turnover_ratio": null,
            "reinvestment_rate": null,
            "research_to_sale_ratio": null,
            "price_fair": 0,
            "eps_avg_yearly": 0,
            "eps_latest_yearly": 0,
            "eps_growth_yearly": 0
        },
        "20021": {
            "year_quarter": 20021,
            "year": 2002,
            "quarter": 1,
            "eps": 0.05,
            "eps_growth_year": -82.14,
            "eps_4q": 0.26,
            "eps_4q_growth_year": -86.38,
            "roe": 0.48,
            "roe_4q": 2.57,
            "gross_profit": 18252,
            "gross_margin": 12.33,
            "gross_margin_4q_avg": 18.04,
            "net_income": 4155,
            "net_income_4q": null,
            "revenue": 148029,
            "revenue_4q": null,
            "common_shares": 771511,
            "book_valuer_per_share": 11.17,
            "book_valuer_per_share_4q_avg": 11.54,
            "equity": 861948,
            "current_ratio": 1282.62,
            "debt_ratio": 40.91,
            "inventory_turnover_ratio": 0.34,
            "account_receivable_turnover_ratio": null,
            "reinvestment_rate": null,
            "research_to_sale_ratio": null,
            "price_fair": 0.6,
            "eps_avg_yearly": 0.2,
            "eps_latest_yearly": 0.2,
            "eps_growth_yearly": -266.67
        },
        "20022": {
            "year_quarter": 20022,
            "year": 2002,
            "quarter": 2,
            "eps": 0.05,
            "eps_growth_year": -28.57,
            "eps_4q": 0.26,
            "eps_4q_growth_year": -81.02,
            "roe": 0.48,
            "roe_4q": 2.4699999999999998,
            "gross_profit": 23012,
            "gross_margin": 17.58,
            "gross_margin_4q_avg": 15.6,
            "net_income": 4140,
            "net_income_4q": null,
            "revenue": 130881,
            "revenue_4q": null,
            "common_shares": 773841,
            "book_valuer_per_share": 10.93,
            "book_valuer_per_share_4q_avg": 11.04,
            "equity": 845517,
            "current_ratio": 990.44,
            "debt_ratio": 42.51,
            "inventory_turnover_ratio": 0.28,
            "account_receivable_turnover_ratio": null,
            "reinvestment_rate": null,
            "research_to_sale_ratio": null,
            "price_fair": 0.6,
            "eps_avg_yearly": 0.2,
            "eps_latest_yearly": 0.2,
            "eps_growth_yearly": -133.33
        },
        "20023": {
            "year_quarter": 20023,
            "year": 2002,
            "quarter": 3,
            "eps": 0.16,
            "eps_growth_year": 700,
            "eps_4q": 0.4,
            "eps_4q_growth_year": -38.66,
            "roe": 1.53,
            "roe_4q": 3.83,
            "gross_profit": 29532,
            "gross_margin": 16.64,
            "gross_margin_4q_avg": 15.64,
            "net_income": 13030,
            "net_income_4q": null,
            "revenue": 177438,
            "revenue_4q": null,
            "common_shares": 790794,
            "book_valuer_per_share": 10.83,
            "book_valuer_per_share_4q_avg": 11.01,
            "equity": 856236,
            "current_ratio": 831.95,
            "debt_ratio": 43.21,
            "inventory_turnover_ratio": 0.38,
            "account_receivable_turnover_ratio": null,
            "reinvestment_rate": null,
            "research_to_sale_ratio": null,
            "price_fair": 12.13,
            "eps_avg_yearly": 0.35,
            "eps_latest_yearly": 0.64,
            "eps_growth_yearly": 204.44
        },
        "20024": {
            "year_quarter": 20024,
            "year": 2002,
            "quarter": 4,
            "eps": 0.15,
            "eps_growth_year": 0,
            "eps_4q": 0.42,
            "eps_4q_growth_year": -11.84,
            "roe": 1.39,
            "roe_4q": 3.88,
            "gross_profit": 31551,
            "gross_margin": 20.33,
            "gross_margin_4q_avg": 16.72,
            "net_income": 11929,
            "net_income_4q": null,
            "revenue": 155158,
            "revenue_4q": null,
            "common_shares": 790794,
            "book_valuer_per_share": 10.92,
            "book_valuer_per_share_4q_avg": 10.96,
            "equity": 863435,
            "current_ratio": 953.49,
            "debt_ratio": 42.99,
            "inventory_turnover_ratio": 0.33,
            "account_receivable_turnover_ratio": null,
            "reinvestment_rate": 7.11,
            "research_to_sale_ratio": null,
            "price_fair": 14.35,
            "eps_avg_yearly": 0.41,
            "eps_latest_yearly": 0.6,
            "eps_growth_yearly": 147.08
        },
        "20031": {
            "year_quarter": 20031,
            "year": 2003,
            "quarter": 1,
            "eps": 0.09,
            "eps_growth_year": 80,
            "eps_4q": 0.44,
            "eps_4q_growth_year": 67.78,
            "roe": 0.86,
            "roe_4q": 4.26,
            "gross_profit": 26711,
            "gross_margin": 21.58,
            "gross_margin_4q_avg": 19.03,
            "net_income": 7460,
            "net_income_4q": null,
            "revenue": 123776,
            "revenue_4q": null,
            "common_shares": 790794,
            "book_valuer_per_share": 11.07,
            "book_valuer_per_share_4q_avg": 10.94,
            "equity": 875401,
            "current_ratio": 1181.63,
            "debt_ratio": 41.92,
            "inventory_turnover_ratio": 0.26,
            "account_receivable_turnover_ratio": null,
            "reinvestment_rate": -7.39,
            "research_to_sale_ratio": null,
            "price_fair": 14,
            "eps_avg_yearly": 0.4,
            "eps_latest_yearly": 0.36,
            "eps_growth_yearly": 85.67
        },
        "20032": {
            "year_quarter": 20032,
            "year": 2003,
            "quarter": 2,
            "eps": 0.1,
            "eps_growth_year": 100,
            "eps_4q": 0.52,
            "eps_4q_growth_year": 103.73,
            "roe": 0.88,
            "roe_4q": 4.66,
            "gross_profit": 28881,
            "gross_margin": 22.1,
            "gross_margin_4q_avg": 20.16,
            "net_income": 7708,
            "net_income_4q": null,
            "revenue": 130696,
            "revenue_4q": null,
            "common_shares": 790794,
            "book_valuer_per_share": 11.05,
            "book_valuer_per_share_4q_avg": 10.97,
            "equity": 873764,
            "current_ratio": 790.35,
            "debt_ratio": 44.06,
            "inventory_turnover_ratio": 0.27,
            "account_receivable_turnover_ratio": null,
            "reinvestment_rate": -6.78,
            "research_to_sale_ratio": null,
            "price_fair": 14,
            "eps_avg_yearly": 0.4,
            "eps_latest_yearly": 0.4,
            "eps_growth_yearly": 78.8
        },
        "20033": {
            "year_quarter": 20033,
            "year": 2003,
            "quarter": 3,
            "eps": 0.06,
            "eps_growth_year": -62.5,
            "eps_4q": 0.39,
            "eps_4q_growth_year": -3.96,
            "roe": 0.57,
            "roe_4q": 3.7,
            "gross_profit": 22369,
            "gross_margin": 17.23,
            "gross_margin_4q_avg": 20.31,
            "net_income": 4982,
            "net_income_4q": null,
            "revenue": 129832,
            "revenue_4q": null,
            "common_shares": 803880,
            "book_valuer_per_share": 10.87,
            "book_valuer_per_share_4q_avg": 10.98,
            "equity": 874136,
            "current_ratio": 995.13,
            "debt_ratio": 43.36,
            "inventory_turnover_ratio": 0.27,
            "account_receivable_turnover_ratio": null,
            "reinvestment_rate": -6.85,
            "research_to_sale_ratio": null,
            "price_fair": 13.2,
            "eps_avg_yearly": 0.38,
            "eps_latest_yearly": 0.24,
            "eps_growth_yearly": 44.68
        },
        "20034": {
            "year_quarter": 20034,
            "year": 2003,
            "quarter": 4,
            "eps": 0.14,
            "eps_growth_year": -6.67,
            "eps_4q": 0.4,
            "eps_4q_growth_year": -5.2,
            "roe": 1.25,
            "roe_4q": 3.5599999999999996,
            "gross_profit": 27244,
            "gross_margin": 19.28,
            "gross_margin_4q_avg": 20.05,
            "net_income": 11002,
            "net_income_4q": null,
            "revenue": 141326,
            "revenue_4q": null,
            "common_shares": 803880,
            "book_valuer_per_share": 11.05,
            "book_valuer_per_share_4q_avg": 11.01,
            "equity": 887958,
            "current_ratio": 1291.68,
            "debt_ratio": 42.64,
            "inventory_turnover_ratio": 0.27,
            "account_receivable_turnover_ratio": null,
            "reinvestment_rate": 8.85,
            "research_to_sale_ratio": null,
            "price_fair": 14,
            "eps_avg_yearly": 0.4,
            "eps_latest_yearly": 0.56,
            "eps_growth_yearly": 105.76
        },
        "20041": {
            "year_quarter": 20041,
            "year": 2004,
            "quarter": 1,
            "eps": 0.16,
            "eps_growth_year": 77.78,
            "eps_4q": 0.46,
            "eps_4q_growth_year": 4.95,
            "roe": 1.4,
            "roe_4q": 4.1,
            "gross_profit": 33153,
            "gross_margin": 22.42,
            "gross_margin_4q_avg": 20.26,
            "net_income": 12515,
            "net_income_4q": null,
            "revenue": 147860,
            "revenue_4q": null,
            "common_shares": 803880,
            "book_valuer_per_share": 11.22,
            "book_valuer_per_share_4q_avg": 11.05,
            "equity": 902214,
            "current_ratio": 148.35,
            "debt_ratio": 43.11,
            "inventory_turnover_ratio": 0.28,
            "account_receivable_turnover_ratio": null,
            "reinvestment_rate": -5.33,
            "research_to_sale_ratio": null,
            "price_fair": 14.93,
            "eps_avg_yearly": 0.43,
            "eps_latest_yearly": 0.64,
            "eps_growth_yearly": 100.36
        },
        "20042": {
            "year_quarter": 20042,
            "year": 2004,
            "quarter": 2,
            "eps": 0.35,
            "eps_growth_year": 250,
            "eps_4q": 0.7,
            "eps_4q_growth_year": 35.26,
            "roe": 3.1,
            "roe_4q": 6.32,
            "gross_profit": 48051,
            "gross_margin": 27.55,
            "gross_margin_4q_avg": 21.62,
            "net_income": 28165,
            "net_income_4q": null,
            "revenue": 174411,
            "revenue_4q": null,
            "common_shares": 803880,
            "book_valuer_per_share": 11.37,
            "book_valuer_per_share_4q_avg": 11.13,
            "equity": 913627,
            "current_ratio": 131.68,
            "debt_ratio": 45.75,
            "inventory_turnover_ratio": 0.31,
            "account_receivable_turnover_ratio": null,
            "reinvestment_rate": 15.04,
            "research_to_sale_ratio": null,
            "price_fair": 18.34,
            "eps_avg_yearly": 0.52,
            "eps_latest_yearly": 1.4,
            "eps_growth_yearly": 137.83
        },
        "20043": {
            "year_quarter": 20043,
            "year": 2004,
            "quarter": 3,
            "eps": 0.19,
            "eps_growth_year": 216.67,
            "eps_4q": 0.83,
            "eps_4q_growth_year": 113.84,
            "roe": 1.68,
            "roe_4q": 7.43,
            "gross_profit": 39925,
            "gross_margin": 25.88,
            "gross_margin_4q_avg": 23.78,
            "net_income": 15436,
            "net_income_4q": null,
            "revenue": 154274,
            "revenue_4q": null,
            "common_shares": 817125,
            "book_valuer_per_share": 11.37,
            "book_valuer_per_share_4q_avg": 11.25,
            "equity": 929277,
            "current_ratio": 144.63,
            "debt_ratio": 39.87,
            "inventory_turnover_ratio": 0.28,
            "account_receivable_turnover_ratio": null,
            "reinvestment_rate": -34.63,
            "research_to_sale_ratio": null,
            "price_fair": 19.09,
            "eps_avg_yearly": 0.55,
            "eps_latest_yearly": 0.76,
            "eps_growth_yearly": 108.67
        },
        "20044": {
            "year_quarter": 20044,
            "year": 2004,
            "quarter": 4,
            "eps": 0.19,
            "eps_growth_year": 35.71,
            "eps_4q": 0.87,
            "eps_4q_growth_year": 120.71,
            "roe": 1.68,
            "roe_4q": 7.859999999999999,
            "gross_profit": 40632,
            "gross_margin": 24.48,
            "gross_margin_4q_avg": 25.08,
            "net_income": 15567,
            "net_income_4q": null,
            "revenue": 166005,
            "revenue_4q": null,
            "common_shares": 817125,
            "book_valuer_per_share": 11.35,
            "book_valuer_per_share_4q_avg": 11.33,
            "equity": 927214,
            "current_ratio": 188.7,
            "debt_ratio": 33.21,
            "inventory_turnover_ratio": 0.3,
            "account_receivable_turnover_ratio": null,
            "reinvestment_rate": 21.5,
            "research_to_sale_ratio": null,
            "price_fair": 19.72,
            "eps_avg_yearly": 0.56,
            "eps_latest_yearly": 0.76,
            "eps_growth_yearly": 99.62
        },
        "20051": {
            "year_quarter": 20051,
            "year": 2005,
            "quarter": 1,
            "eps": 0.2,
            "eps_growth_year": 25,
            "eps_4q": 0.93,
            "eps_4q_growth_year": 101.15,
            "roe": 1.73,
            "roe_4q": 8.19,
            "gross_profit": 34876,
            "gross_margin": 20.95,
            "gross_margin_4q_avg": 24.72,
            "net_income": 16186,
            "net_income_4q": null,
            "revenue": 166465,
            "revenue_4q": null,
            "common_shares": 817125,
            "book_valuer_per_share": 11.56,
            "book_valuer_per_share_4q_avg": 11.41,
            "equity": 944271,
            "current_ratio": 228.04,
            "debt_ratio": 33.37,
            "inventory_turnover_ratio": 0.34,
            "account_receivable_turnover_ratio": null,
            "reinvestment_rate": -19.5,
            "research_to_sale_ratio": null,
            "price_fair": 20.35,
            "eps_avg_yearly": 0.58,
            "eps_latest_yearly": 0.8,
            "eps_growth_yearly": 93.57
        },
        "20052": {
            "year_quarter": 20052,
            "year": 2005,
            "quarter": 2,
            "eps": 0.03,
            "eps_growth_year": -91.43,
            "eps_4q": 0.63,
            "eps_4q_growth_year": -10.73,
            "roe": 0.26,
            "roe_4q": 5.35,
            "gross_profit": 35872,
            "gross_margin": 20.35,
            "gross_margin_4q_avg": 22.92,
            "net_income": 2365,
            "net_income_4q": null,
            "revenue": 176299,
            "revenue_4q": null,
            "common_shares": 817125,
            "book_valuer_per_share": 11.12,
            "book_valuer_per_share_4q_avg": 11.35,
            "equity": 908363,
            "current_ratio": 233.65,
            "debt_ratio": 34.55,
            "inventory_turnover_ratio": 0.4,
            "account_receivable_turnover_ratio": null,
            "reinvestment_rate": -24.87,
            "research_to_sale_ratio": null,
            "price_fair": 19.2,
            "eps_avg_yearly": 0.55,
            "eps_latest_yearly": 0.12,
            "eps_growth_yearly": 62.6
        },
        "20053": {
            "year_quarter": 20053,
            "year": 2005,
            "quarter": 3,
            "eps": 0.42,
            "eps_growth_year": 121.05,
            "eps_4q": 0.84,
            "eps_4q_growth_year": 1.4,
            "roe": 3.67,
            "roe_4q": 7.34,
            "gross_profit": 35536,
            "gross_margin": 23.3,
            "gross_margin_4q_avg": 22.27,
            "net_income": 34308,
            "net_income_4q": null,
            "revenue": 152526,
            "revenue_4q": null,
            "common_shares": 826602,
            "book_valuer_per_share": 11.66,
            "book_valuer_per_share_4q_avg": 11.42,
            "equity": 963486,
            "current_ratio": 438.87,
            "debt_ratio": 27.63,
            "inventory_turnover_ratio": 0.36,
            "account_receivable_turnover_ratio": null,
            "reinvestment_rate": -18.04,
            "research_to_sale_ratio": null,
            "price_fair": 21.84,
            "eps_avg_yearly": 0.62,
            "eps_latest_yearly": 1.68,
            "eps_growth_yearly": 405.1
        },
        "20054": {
            "year_quarter": 20054,
            "year": 2005,
            "quarter": 4,
            "eps": 0.15,
            "eps_growth_year": -21.05,
            "eps_4q": 0.8,
            "eps_4q_growth_year": -8.3,
            "roe": 1.26,
            "roe_4q": 6.92,
            "gross_profit": 38626,
            "gross_margin": 23.72,
            "gross_margin_4q_avg": 22.08,
            "net_income": 12156,
            "net_income_4q": null,
            "revenue": 162809,
            "revenue_4q": null,
            "common_shares": 826601,
            "book_valuer_per_share": 11.78,
            "book_valuer_per_share_4q_avg": 11.53,
            "equity": 973483,
            "current_ratio": 442.89,
            "debt_ratio": 27.31,
            "inventory_turnover_ratio": 0.38,
            "account_receivable_turnover_ratio": null,
            "reinvestment_rate": 48.69,
            "research_to_sale_ratio": null,
            "price_fair": 21.79,
            "eps_avg_yearly": 0.62,
            "eps_latest_yearly": 0.6,
            "eps_growth_yearly": 363.71
        },
        "20061": {
            "year_quarter": 20061,
            "year": 2006,
            "quarter": 1,
            "eps": 0.12,
            "eps_growth_year": -40,
            "eps_4q": 0.7,
            "eps_4q_growth_year": -24.67,
            "roe": 1.03,
            "roe_4q": 6.22,
            "gross_profit": 32406,
            "gross_margin": 19.38,
            "gross_margin_4q_avg": 21.69,
            "net_income": 10078,
            "net_income_4q": null,
            "revenue": 167212,
            "revenue_4q": null,
            "common_shares": 826601,
            "book_valuer_per_share": 11.91,
            "book_valuer_per_share_4q_avg": 11.62,
            "equity": 984568,
            "current_ratio": 293.94,
            "debt_ratio": 25.55,
            "inventory_turnover_ratio": 0.44,
            "account_receivable_turnover_ratio": null,
            "reinvestment_rate": -9.09,
            "research_to_sale_ratio": null,
            "price_fair": 22.4,
            "eps_avg_yearly": 0.64,
            "eps_latest_yearly": 0.48,
            "eps_growth_yearly": 375.37
        },
        "20062": {
            "year_quarter": 20062,
            "year": 2006,
            "quarter": 2,
            "eps": 0.09,
            "eps_growth_year": 200,
            "eps_4q": 0.77,
            "eps_4q_growth_year": 22.24,
            "roe": 0.79,
            "roe_4q": 6.75,
            "gross_profit": 38159,
            "gross_margin": 22.21,
            "gross_margin_4q_avg": 22.15,
            "net_income": 7501,
            "net_income_4q": null,
            "revenue": 171832,
            "revenue_4q": null,
            "common_shares": 826601,
            "book_valuer_per_share": 11.18,
            "book_valuer_per_share_4q_avg": 11.63,
            "equity": 924127,
            "current_ratio": 219.01,
            "debt_ratio": 30.07,
            "inventory_turnover_ratio": 0.48,
            "account_receivable_turnover_ratio": null,
            "reinvestment_rate": -5.54,
            "research_to_sale_ratio": null,
            "price_fair": 22.75,
            "eps_avg_yearly": 0.65,
            "eps_latest_yearly": 0.36,
            "eps_growth_yearly": 369.12
        },
        "20063": {
            "year_quarter": 20063,
            "year": 2006,
            "quarter": 3,
            "eps": 0.2,
            "eps_growth_year": -52.38,
            "eps_4q": 0.56,
            "eps_4q_growth_year": -33.58,
            "roe": 1.78,
            "roe_4q": 4.86,
            "gross_profit": 51361,
            "gross_margin": 26.6,
            "gross_margin_4q_avg": 22.98,
            "net_income": 16689,
            "net_income_4q": null,
            "revenue": 193078,
            "revenue_4q": null,
            "common_shares": 826601,
            "book_valuer_per_share": 11.5,
            "book_valuer_per_share_4q_avg": 11.59,
            "equity": 950387,
            "current_ratio": 226.63,
            "debt_ratio": 30.2,
            "inventory_turnover_ratio": 0.61,
            "account_receivable_turnover_ratio": null,
            "reinvestment_rate": -8.56,
            "research_to_sale_ratio": null,
            "price_fair": 23.1,
            "eps_avg_yearly": 0.66,
            "eps_latest_yearly": 0.8,
            "eps_growth_yearly": 344.68
        },
        "20064": {
            "year_quarter": 20064,
            "year": 2006,
            "quarter": 4,
            "eps": 0.01,
            "eps_growth_year": -93.33,
            "eps_4q": 0.43,
            "eps_4q_growth_year": -46.4,
            "roe": 0.12,
            "roe_4q": 3.7199999999999998,
            "gross_profit": 53596,
            "gross_margin": 25.81,
            "gross_margin_4q_avg": 23.5,
            "net_income": 1148,
            "net_income_4q": null,
            "revenue": 207619,
            "revenue_4q": null,
            "common_shares": 826601,
            "book_valuer_per_share": 11.5,
            "book_valuer_per_share_4q_avg": 11.52,
            "equity": 950739,
            "current_ratio": 254.74,
            "debt_ratio": 27.86,
            "inventory_turnover_ratio": 0.66,
            "account_receivable_turnover_ratio": null,
            "reinvestment_rate": 111.58,
            "research_to_sale_ratio": null,
            "price_fair": 21.88,
            "eps_avg_yearly": 0.63,
            "eps_latest_yearly": 0.04,
            "eps_growth_yearly": 322.49
        },
        "20071": {
            "year_quarter": 20071,
            "year": 2007,
            "quarter": 1,
            "eps": 0.03,
            "eps_growth_year": -75,
            "eps_4q": 0.39,
            "eps_4q_growth_year": -43.8,
            "roe": 0.22,
            "roe_4q": 2.91,
            "gross_profit": 35883,
            "gross_margin": 22.37,
            "gross_margin_4q_avg": 24.25,
            "net_income": 2087,
            "net_income_4q": null,
            "revenue": 160408,
            "revenue_4q": null,
            "common_shares": 826601,
            "book_valuer_per_share": 11.61,
            "book_valuer_per_share_4q_avg": 11.45,
            "equity": 959538,
            "current_ratio": 292.93,
            "debt_ratio": 27.04,
            "inventory_turnover_ratio": 0.51,
            "account_receivable_turnover_ratio": null,
            "reinvestment_rate": -16.19,
            "research_to_sale_ratio": null,
            "price_fair": 21.35,
            "eps_avg_yearly": 0.61,
            "eps_latest_yearly": 0.12,
            "eps_growth_yearly": 382.49
        },
        "20072": {
            "year_quarter": 20072,
            "year": 2007,
            "quarter": 2,
            "eps": 0.15,
            "eps_growth_year": 66.67,
            "eps_4q": 0.38,
            "eps_4q_growth_year": -50.04,
            "roe": 1.35,
            "roe_4q": 3.4699999999999998,
            "gross_profit": 38054,
            "gross_margin": 19.39,
            "gross_margin_4q_avg": 23.54,
            "net_income": 12779,
            "net_income_4q": null,
            "revenue": 196243,
            "revenue_4q": null,
            "common_shares": 826601,
            "book_valuer_per_share": 11.35,
            "book_valuer_per_share_4q_avg": 11.49,
            "equity": 938379,
            "current_ratio": 277.21,
            "debt_ratio": 27.97,
            "inventory_turnover_ratio": 0.73,
            "account_receivable_turnover_ratio": null,
            "reinvestment_rate": -12.72,
            "research_to_sale_ratio": null,
            "price_fair": 21.79,
            "eps_avg_yearly": 0.62,
            "eps_latest_yearly": 0.6,
            "eps_growth_yearly": 479.71
        },
        "20073": {
            "year_quarter": 20073,
            "year": 2007,
            "quarter": 3,
            "eps": 0.05,
            "eps_growth_year": -75,
            "eps_4q": 0.23,
            "eps_4q_growth_year": -58.88,
            "roe": 0.48,
            "roe_4q": 2.1700000000000004,
            "gross_profit": 36004,
            "gross_margin": 17.53,
            "gross_margin_4q_avg": 21.28,
            "net_income": 4479,
            "net_income_4q": null,
            "revenue": 205414,
            "revenue_4q": null,
            "common_shares": 826601,
            "book_valuer_per_share": 11.43,
            "book_valuer_per_share_4q_avg": 11.47,
            "equity": 944939,
            "current_ratio": 280.72,
            "debt_ratio": 27.18,
            "inventory_turnover_ratio": 0.77,
            "account_receivable_turnover_ratio": null,
            "reinvestment_rate": -1.6,
            "research_to_sale_ratio": null,
            "price_fair": 21.7,
            "eps_avg_yearly": 0.62,
            "eps_latest_yearly": 0.2,
            "eps_growth_yearly": 473.05
        },
        "20074": {
            "year_quarter": 20074,
            "year": 2007,
            "quarter": 4,
            "eps": 0.33,
            "eps_growth_year": 3200,
            "eps_4q": 0.56,
            "eps_4q_growth_year": 30.9,
            "roe": 2.81,
            "roe_4q": 4.86,
            "gross_profit": 37468,
            "gross_margin": 18.86,
            "gross_margin_4q_avg": 19.54,
            "net_income": 27413,
            "net_income_4q": null,
            "revenue": 198649,
            "revenue_4q": null,
            "common_shares": 826601,
            "book_valuer_per_share": 12.17,
            "book_valuer_per_share_4q_avg": 11.64,
            "equity": 1005772,
            "current_ratio": 629.52,
            "debt_ratio": 37.52,
            "inventory_turnover_ratio": 0.68,
            "account_receivable_turnover_ratio": null,
            "reinvestment_rate": 157.98,
            "research_to_sale_ratio": null,
            "price_fair": 23.36,
            "eps_avg_yearly": 0.67,
            "eps_latest_yearly": 1.32,
            "eps_growth_yearly": 579.71
        },
        "20081": {
            "year_quarter": 20081,
            "year": 2008,
            "quarter": 1,
            "eps": 0.01,
            "eps_growth_year": -66.67,
            "eps_4q": 1.09,
            "eps_4q_growth_year": 175.58,
            "roe": 0.04,
            "roe_4q": 4.68,
            "gross_profit": 28468,
            "gross_margin": 16.04,
            "gross_margin_4q_avg": 17.96,
            "net_income": 415,
            "net_income_4q": null,
            "revenue": 177521,
            "revenue_4q": null,
            "common_shares": 826601,
            "book_valuer_per_share": 12.07,
            "book_valuer_per_share_4q_avg": 11.76,
            "equity": 997451,
            "current_ratio": 628.64,
            "debt_ratio": 37.7,
            "inventory_turnover_ratio": 0.56,
            "account_receivable_turnover_ratio": null,
            "reinvestment_rate": 205.92,
            "research_to_sale_ratio": null,
            "price_fair": 22.05,
            "eps_avg_yearly": 0.63,
            "eps_latest_yearly": 0.04,
            "eps_growth_yearly": 551.9
        },
        "20082": {
            "year_quarter": 20082,
            "year": 2008,
            "quarter": 2,
            "eps": 0.2,
            "eps_growth_year": 33.33,
            "eps_4q": 0.6,
            "eps_4q_growth_year": 55.77,
            "roe": 1.64,
            "roe_4q": 4.970000000000001,
            "gross_profit": 27892,
            "gross_margin": 13.89,
            "gross_margin_4q_avg": 16.58,
            "net_income": 16237,
            "net_income_4q": null,
            "revenue": 200765,
            "revenue_4q": null,
            "common_shares": 826601,
            "book_valuer_per_share": 11.84,
            "book_valuer_per_share_4q_avg": 11.88,
            "equity": 978461,
            "current_ratio": 471.6,
            "debt_ratio": 39.68,
            "inventory_turnover_ratio": 0.59,
            "account_receivable_turnover_ratio": null,
            "reinvestment_rate": 225.66,
            "research_to_sale_ratio": null,
            "price_fair": 20.74,
            "eps_avg_yearly": 0.59,
            "eps_latest_yearly": 0.8,
            "eps_growth_yearly": 997.21
        },
        "20083": {
            "year_quarter": 20083,
            "year": 2008,
            "quarter": 3,
            "eps": -0.14,
            "eps_growth_year": -380,
            "eps_4q": 0.39,
            "eps_4q_growth_year": 72.13,
            "roe": -1.16,
            "roe_4q": 3.33,
            "gross_profit": -2204,
            "gross_margin": -1.31,
            "gross_margin_4q_avg": 11.87,
            "net_income": -11515,
            "net_income_4q": null,
            "revenue": 168310,
            "revenue_4q": null,
            "common_shares": 826601,
            "book_valuer_per_share": 12.18,
            "book_valuer_per_share_4q_avg": 12.07,
            "equity": 1007085,
            "current_ratio": 272.43,
            "debt_ratio": 45.12,
            "inventory_turnover_ratio": 0.48,
            "account_receivable_turnover_ratio": null,
            "reinvestment_rate": 314.8,
            "research_to_sale_ratio": null,
            "price_fair": 20.35,
            "eps_avg_yearly": 0.58,
            "eps_latest_yearly": 0.8,
            "eps_growth_yearly": 1075.88
        },
        "20084": {
            "year_quarter": 20084,
            "year": 2008,
            "quarter": 4,
            "eps": -1.12,
            "eps_growth_year": -439.39,
            "eps_4q": -1.06,
            "eps_4q_growth_year": -288.32,
            "roe": -9.66,
            "roe_4q": -9.14,
            "gross_profit": -83826,
            "gross_margin": -75.5,
            "gross_margin_4q_avg": -11.72,
            "net_income": -92927,
            "net_income_4q": null,
            "revenue": 111027,
            "revenue_4q": null,
            "common_shares": 826601,
            "book_valuer_per_share": 11.08,
            "book_valuer_per_share_4q_avg": 11.79,
            "equity": 916121,
            "current_ratio": 96.72,
            "debt_ratio": 50.6,
            "inventory_turnover_ratio": 0.52,
            "account_receivable_turnover_ratio": 1.4,
            "reinvestment_rate": 754.77,
            "research_to_sale_ratio": null,
            "price_fair": 19.9,
            "eps_avg_yearly": 0.57,
            "eps_latest_yearly": 0.8,
            "eps_growth_yearly": 1152.73
        },
        "20091": {
            "year_quarter": 20091,
            "year": 2009,
            "quarter": 1,
            "eps": -0.37,
            "eps_growth_year": -3800,
            "eps_4q": -1.44,
            "eps_4q_growth_year": -232.61,
            "roe": -3.14,
            "roe_4q": -12.32,
            "gross_profit": -25329,
            "gross_margin": -20.47,
            "gross_margin_4q_avg": -20.85,
            "net_income": -30739,
            "net_income_4q": null,
            "revenue": 123720,
            "revenue_4q": null,
            "common_shares": 825601,
            "book_valuer_per_share": 12.62,
            "book_valuer_per_share_4q_avg": 11.93,
            "equity": 1041970,
            "current_ratio": 115.86,
            "debt_ratio": 44.14,
            "inventory_turnover_ratio": 0.44,
            "account_receivable_turnover_ratio": 0.78,
            "reinvestment_rate": 4128.6,
            "research_to_sale_ratio": null,
            "price_fair": 19.28,
            "eps_avg_yearly": 0.55,
            "eps_latest_yearly": 0.8,
            "eps_growth_yearly": 1239.78
        },
        "20092": {
            "year_quarter": 20092,
            "year": 2009,
            "quarter": 2,
            "eps": -0.4,
            "eps_growth_year": -300,
            "eps_4q": -1.6,
            "eps_4q_growth_year": -368.08,
            "roe": -3.49,
            "roe_4q": -17.45,
            "gross_profit": -11609,
            "gross_margin": -6.04,
            "gross_margin_4q_avg": -25.83,
            "net_income": -37299,
            "net_income_4q": null,
            "revenue": 192050,
            "revenue_4q": null,
            "common_shares": 1076001,
            "book_valuer_per_share": 10.17,
            "book_valuer_per_share_4q_avg": 11.51,
            "equity": 1093798,
            "current_ratio": 149.67,
            "debt_ratio": 46.91,
            "inventory_turnover_ratio": 0.67,
            "account_receivable_turnover_ratio": 0.98,
            "reinvestment_rate": null,
            "research_to_sale_ratio": null,
            "price_fair": 20.53,
            "eps_avg_yearly": 0.59,
            "eps_latest_yearly": 0.8,
            "eps_growth_yearly": 1371.43
        },
        "20093": {
            "year_quarter": 20093,
            "year": 2009,
            "quarter": 3,
            "eps": -0.08,
            "eps_growth_year": null,
            "eps_4q": -1.49,
            "eps_4q_growth_year": -478.95,
            "roe": -0.74,
            "roe_4q": -17.03,
            "gross_profit": 28517,
            "gross_margin": 15.53,
            "gross_margin_4q_avg": -21.62,
            "net_income": -8253,
            "net_income_4q": null,
            "revenue": 183676,
            "revenue_4q": null,
            "common_shares": 1134001,
            "book_valuer_per_share": 10.15,
            "book_valuer_per_share_4q_avg": 11.01,
            "equity": 1151023,
            "current_ratio": 153.35,
            "debt_ratio": 45.23,
            "inventory_turnover_ratio": 0.55,
            "account_receivable_turnover_ratio": 0.76,
            "reinvestment_rate": null,
            "research_to_sale_ratio": null,
            "price_fair": 17.05,
            "eps_avg_yearly": 0.49,
            "eps_latest_yearly": 0.8,
            "eps_growth_yearly": 1023.38
        },
        "20094": {
            "year_quarter": 20094,
            "year": 2009,
            "quarter": 4,
            "eps": -0.08,
            "eps_growth_year": null,
            "eps_4q": -0.71,
            "eps_4q_growth_year": null,
            "roe": -0.68,
            "roe_4q": -8.05,
            "gross_profit": 35299,
            "gross_margin": 19.5,
            "gross_margin_4q_avg": 2.13,
            "net_income": -8180,
            "net_income_4q": null,
            "revenue": 181054,
            "revenue_4q": null,
            "common_shares": 1194001,
            "book_valuer_per_share": 10.65,
            "book_valuer_per_share_4q_avg": 10.9,
            "equity": 1271200,
            "current_ratio": 209.2,
            "debt_ratio": 35.71,
            "inventory_turnover_ratio": 0.5,
            "account_receivable_turnover_ratio": 1.44,
            "reinvestment_rate": null,
            "research_to_sale_ratio": null,
            "price_fair": 16.66,
            "eps_avg_yearly": 0.48,
            "eps_latest_yearly": 0.8,
            "eps_growth_yearly": 1151.43
        },
        "20101": {
            "year_quarter": 20101,
            "year": 2010,
            "quarter": 1,
            "eps": 0.01,
            "eps_growth_year": null,
            "eps_4q": -0.44,
            "eps_4q_growth_year": null,
            "roe": 0.11,
            "roe_4q": -4.800000000000001,
            "gross_profit": 38103,
            "gross_margin": 22.04,
            "gross_margin_4q_avg": 12.76,
            "net_income": 1354,
            "net_income_4q": null,
            "revenue": 172916,
            "revenue_4q": null,
            "common_shares": 1194001,
            "book_valuer_per_share": 10.64,
            "book_valuer_per_share_4q_avg": 10.4,
            "equity": 1270458,
            "current_ratio": 217.31,
            "debt_ratio": 34.35,
            "inventory_turnover_ratio": 0.45,
            "account_receivable_turnover_ratio": 0.59,
            "reinvestment_rate": null,
            "research_to_sale_ratio": 1.83,
            "price_fair": 16.64,
            "eps_avg_yearly": 0.48,
            "eps_latest_yearly": 0.8,
            "eps_growth_yearly": 1288.26
        },
        "20102": {
            "year_quarter": 20102,
            "year": 2010,
            "quarter": 2,
            "eps": -0.06,
            "eps_growth_year": null,
            "eps_4q": -0.18,
            "eps_4q_growth_year": null,
            "roe": -0.55,
            "roe_4q": -1.86,
            "gross_profit": 5971,
            "gross_margin": 2.7,
            "gross_margin_4q_avg": 14.94,
            "net_income": -6965,
            "net_income_4q": null,
            "revenue": 221233,
            "revenue_4q": null,
            "common_shares": 1194001,
            "book_valuer_per_share": 10.64,
            "book_valuer_per_share_4q_avg": 10.52,
            "equity": 1270272,
            "current_ratio": 210.83,
            "debt_ratio": 36.22,
            "inventory_turnover_ratio": 0.75,
            "account_receivable_turnover_ratio": 0.58,
            "reinvestment_rate": null,
            "research_to_sale_ratio": 1.44,
            "price_fair": 17.15,
            "eps_avg_yearly": 0.49,
            "eps_latest_yearly": 0.8,
            "eps_growth_yearly": 1461.79
        },
        "20103": {
            "year_quarter": 20103,
            "year": 2010,
            "quarter": 3,
            "eps": -0.15,
            "eps_growth_year": null,
            "eps_4q": -0.27,
            "eps_4q_growth_year": null,
            "roe": -1.44,
            "roe_4q": -2.56,
            "gross_profit": 26016,
            "gross_margin": 9.63,
            "gross_margin_4q_avg": 13.47,
            "net_income": -18171,
            "net_income_4q": null,
            "revenue": 270178,
            "revenue_4q": null,
            "common_shares": 1194001,
            "book_valuer_per_share": 10.44,
            "book_valuer_per_share_4q_avg": 10.59,
            "equity": 1246244,
            "current_ratio": 209.66,
            "debt_ratio": 35.94,
            "inventory_turnover_ratio": 0.89,
            "account_receivable_turnover_ratio": 0.65,
            "reinvestment_rate": null,
            "research_to_sale_ratio": 1.15,
            "price_fair": 15.6,
            "eps_avg_yearly": 0.45,
            "eps_latest_yearly": 0.8,
            "eps_growth_yearly": 1600.78
        },
        "20104": {
            "year_quarter": 20104,
            "year": 2010,
            "quarter": 4,
            "eps": -0.37,
            "eps_growth_year": null,
            "eps_4q": -0.57,
            "eps_4q_growth_year": null,
            "roe": -3.61,
            "roe_4q": -5.489999999999999,
            "gross_profit": 8708,
            "gross_margin": 5.01,
            "gross_margin_4q_avg": 9.85,
            "net_income": -44094,
            "net_income_4q": null,
            "revenue": 173866,
            "revenue_4q": null,
            "common_shares": 1194001,
            "book_valuer_per_share": 10.02,
            "book_valuer_per_share_4q_avg": 10.44,
            "equity": 1196801,
            "current_ratio": 214.73,
            "debt_ratio": 36.35,
            "inventory_turnover_ratio": 0.61,
            "account_receivable_turnover_ratio": 0.41,
            "reinvestment_rate": null,
            "research_to_sale_ratio": 1.69,
            "price_fair": 17.97,
            "eps_avg_yearly": 0.51,
            "eps_latest_yearly": 0.8,
            "eps_growth_yearly": 1930.91
        },
        "20111": {
            "year_quarter": 20111,
            "year": 2011,
            "quarter": 1,
            "eps": -0.03,
            "eps_growth_year": -400,
            "eps_4q": -0.58,
            "eps_4q_growth_year": null,
            "roe": -0.3,
            "roe_4q": -5.8999999999999995,
            "gross_profit": 18602,
            "gross_margin": 10.47,
            "gross_margin_4q_avg": 6.95,
            "net_income": -3706,
            "net_income_4q": null,
            "revenue": 177747,
            "revenue_4q": null,
            "common_shares": 1258501,
            "book_valuer_per_share": 10.29,
            "book_valuer_per_share_4q_avg": 10.35,
            "equity": 1294827,
            "current_ratio": 274.34,
            "debt_ratio": 31.57,
            "inventory_turnover_ratio": 0.58,
            "account_receivable_turnover_ratio": 0.37,
            "reinvestment_rate": null,
            "research_to_sale_ratio": 1.54,
            "price_fair": 20.72,
            "eps_avg_yearly": 0.59,
            "eps_latest_yearly": 0.8,
            "eps_growth_yearly": 2157.09
        },
        "20112": {
            "year_quarter": 20112,
            "year": 2011,
            "quarter": 2,
            "eps": 0.09,
            "eps_growth_year": null,
            "eps_4q": -0.4,
            "eps_4q_growth_year": null,
            "roe": 0.91,
            "roe_4q": -4.4399999999999995,
            "gross_profit": 37964,
            "gross_margin": 16.77,
            "gross_margin_4q_avg": 10.47,
            "net_income": 12354,
            "net_income_4q": null,
            "revenue": 226383,
            "revenue_4q": null,
            "common_shares": 1347501,
            "book_valuer_per_share": 10.44,
            "book_valuer_per_share_4q_avg": 10.3,
            "equity": 1406519,
            "current_ratio": 334.42,
            "debt_ratio": 28.22,
            "inventory_turnover_ratio": 0.71,
            "account_receivable_turnover_ratio": 0.42,
            "reinvestment_rate": null,
            "research_to_sale_ratio": 1.25,
            "price_fair": 20.65,
            "eps_avg_yearly": 0.59,
            "eps_latest_yearly": 0.8,
            "eps_growth_yearly": 2296.36
        },
        "20113": {
            "year_quarter": 20113,
            "year": 2011,
            "quarter": 3,
            "eps": 0.1,
            "eps_growth_year": null,
            "eps_4q": -0.17,
            "eps_4q_growth_year": null,
            "roe": 0.91,
            "roe_4q": -2.09,
            "gross_profit": 32247,
            "gross_margin": 15.74,
            "gross_margin_4q_avg": 12,
            "net_income": 13048,
            "net_income_4q": null,
            "revenue": 204818,
            "revenue_4q": null,
            "common_shares": 1347501,
            "book_valuer_per_share": 10.76,
            "book_valuer_per_share_4q_avg": 10.38,
            "equity": 1450089,
            "current_ratio": 365.88,
            "debt_ratio": 26.2,
            "inventory_turnover_ratio": 0.63,
            "account_receivable_turnover_ratio": 0.37,
            "reinvestment_rate": null,
            "research_to_sale_ratio": 1.38,
            "price_fair": 22.4,
            "eps_avg_yearly": 0.64,
            "eps_latest_yearly": 0.4,
            "eps_growth_yearly": 2374.14
        },
        "20114": {
            "year_quarter": 20114,
            "year": 2011,
            "quarter": 4,
            "eps": -1.91,
            "eps_growth_year": null,
            "eps_4q": -1.75,
            "eps_4q_growth_year": null,
            "roe": -19.59,
            "roe_4q": -18.07,
            "gross_profit": -14868,
            "gross_margin": -9.4,
            "gross_margin_4q_avg": 8.4,
            "net_income": -257866,
            "net_income_4q": null,
            "revenue": 158170,
            "revenue_4q": null,
            "common_shares": 1347501,
            "book_valuer_per_share": 8.77,
            "book_valuer_per_share_4q_avg": 10.07,
            "equity": 1182358,
            "current_ratio": 388.94,
            "debt_ratio": 27.49,
            "inventory_turnover_ratio": 0.59,
            "account_receivable_turnover_ratio": 0.31,
            "reinvestment_rate": null,
            "research_to_sale_ratio": 1.76,
            "price_fair": 14.47,
            "eps_avg_yearly": 0.41,
            "eps_latest_yearly": 0.4,
            "eps_growth_yearly": 2418.86
        },
        "20121": {
            "year_quarter": 20121,
            "year": 2012,
            "quarter": 1,
            "eps": -0.25,
            "eps_growth_year": null,
            "eps_4q": -1.98,
            "eps_4q_growth_year": null,
            "roe": -2.92,
            "roe_4q": -20.689999999999998,
            "gross_profit": -10061,
            "gross_margin": -9.22,
            "gross_margin_4q_avg": 3.47,
            "net_income": -33877,
            "net_income_4q": null,
            "revenue": 109143,
            "revenue_4q": null,
            "common_shares": 1347501,
            "book_valuer_per_share": 8.47,
            "book_valuer_per_share_4q_avg": 9.61,
            "equity": 1141092,
            "current_ratio": 468.9,
            "debt_ratio": 30.17,
            "inventory_turnover_ratio": 0.39,
            "account_receivable_turnover_ratio": 0.25,
            "reinvestment_rate": null,
            "research_to_sale_ratio": 2.56,
            "price_fair": 21,
            "eps_avg_yearly": 0.6,
            "eps_latest_yearly": 0.4,
            "eps_growth_yearly": 3822.22
        },
        "20122": {
            "year_quarter": 20122,
            "year": 2012,
            "quarter": 2,
            "eps": -0.36,
            "eps_growth_year": -494.67,
            "eps_4q": -2.43,
            "eps_4q_growth_year": null,
            "roe": -4.36,
            "roe_4q": -25.96,
            "gross_profit": -11700,
            "gross_margin": -8.84,
            "gross_margin_4q_avg": -2.93,
            "net_income": -48757,
            "net_income_4q": null,
            "revenue": 132343,
            "revenue_4q": null,
            "common_shares": 1347501,
            "book_valuer_per_share": 8.13,
            "book_valuer_per_share_4q_avg": 9.03,
            "equity": 1095047,
            "current_ratio": 361.04,
            "debt_ratio": 32.14,
            "inventory_turnover_ratio": 0.43,
            "account_receivable_turnover_ratio": 0.31,
            "reinvestment_rate": null,
            "research_to_sale_ratio": 2.14,
            "price_fair": 14,
            "eps_avg_yearly": 0.4,
            "eps_latest_yearly": 0.4,
            "eps_growth_yearly": 44.44
        },
        "20123": {
            "year_quarter": 20123,
            "year": 2012,
            "quarter": 3,
            "eps": -0.55,
            "eps_growth_year": -664.97,
            "eps_4q": -3.07,
            "eps_4q_growth_year": null,
            "roe": -6.99,
            "roe_4q": -33.86,
            "gross_profit": -42119,
            "gross_margin": -41.28,
            "gross_margin_4q_avg": -17.19,
            "net_income": -73717,
            "net_income_4q": null,
            "revenue": 102022,
            "revenue_4q": null,
            "common_shares": 1347501,
            "book_valuer_per_share": 7.53,
            "book_valuer_per_share_4q_avg": 8.23,
            "equity": 1014340,
            "current_ratio": 274.28,
            "debt_ratio": 34.26,
            "inventory_turnover_ratio": 0.43,
            "account_receivable_turnover_ratio": 0.26,
            "reinvestment_rate": null,
            "research_to_sale_ratio": 2.59,
            "price_fair": 14,
            "eps_avg_yearly": 0.4,
            "eps_latest_yearly": 0.4,
            "eps_growth_yearly": 44.44
        },
        "20124": {
            "year_quarter": 20124,
            "year": 2012,
            "quarter": 4,
            "eps": -0.16,
            "eps_growth_year": null,
            "eps_4q": -1.32,
            "eps_4q_growth_year": null,
            "roe": -2.09,
            "roe_4q": -16.36,
            "gross_profit": 13937,
            "gross_margin": 9.73,
            "gross_margin_4q_avg": -12.4,
            "net_income": -20961,
            "net_income_4q": null,
            "revenue": 143248,
            "revenue_4q": null,
            "common_shares": 1347501,
            "book_valuer_per_share": 7.37,
            "book_valuer_per_share_4q_avg": 7.88,
            "equity": 993356,
            "current_ratio": 331.5,
            "debt_ratio": 33.7,
            "inventory_turnover_ratio": 0.43,
            "account_receivable_turnover_ratio": 0.37,
            "reinvestment_rate": null,
            "research_to_sale_ratio": 1.8,
            "price_fair": 14,
            "eps_avg_yearly": 0.4,
            "eps_latest_yearly": 0.4,
            "eps_growth_yearly": 44.44
        },
        "20131": {
            "year_quarter": 20131,
            "year": 2013,
            "quarter": 1,
            "eps": -0.12,
            "eps_growth_year": null,
            "eps_4q": -1.08,
            "eps_4q_growth_year": null,
            "roe": -1.61,
            "roe_4q": -15.05,
            "gross_profit": -930,
            "gross_margin": -0.74,
            "gross_margin_4q_avg": -10.28,
            "net_income": -16231,
            "net_income_4q": null,
            "revenue": 125982,
            "revenue_4q": null,
            "common_shares": 1475701,
            "book_valuer_per_share": 6.91,
            "book_valuer_per_share_4q_avg": 7.49,
            "equity": 1019375,
            "current_ratio": 398.12,
            "debt_ratio": 37.35,
            "inventory_turnover_ratio": 0.43,
            "account_receivable_turnover_ratio": 0.38,
            "reinvestment_rate": null,
            "research_to_sale_ratio": 2.1,
            "price_fair": 14,
            "eps_avg_yearly": 0.4,
            "eps_latest_yearly": 0.4,
            "eps_growth_yearly": 44.44
        },
        "20132": {
            "year_quarter": 20132,
            "year": 2013,
            "quarter": 2,
            "eps": -0.16,
            "eps_growth_year": null,
            "eps_4q": -0.92,
            "eps_4q_growth_year": null,
            "roe": -2.4,
            "roe_4q": -13.09,
            "gross_profit": -2880,
            "gross_margin": -2.18,
            "gross_margin_4q_avg": -8.62,
            "net_income": -24221,
            "net_income_4q": null,
            "revenue": 131888,
            "revenue_4q": null,
            "common_shares": 1475701,
            "book_valuer_per_share": 6.79,
            "book_valuer_per_share_4q_avg": 7.15,
            "equity": 1001879,
            "current_ratio": 389.88,
            "debt_ratio": 37.13,
            "inventory_turnover_ratio": 0.43,
            "account_receivable_turnover_ratio": 0.57,
            "reinvestment_rate": null,
            "research_to_sale_ratio": 1.88,
            "price_fair": 14,
            "eps_avg_yearly": 0.4,
            "eps_latest_yearly": 0.4,
            "eps_growth_yearly": 44.44
        },
        "20133": {
            "year_quarter": 20133,
            "year": 2013,
            "quarter": 3,
            "eps": -0.13,
            "eps_growth_year": null,
            "eps_4q": -0.54,
            "eps_4q_growth_year": null,
            "roe": -1.88,
            "roe_4q": -7.9799999999999995,
            "gross_profit": 2540,
            "gross_margin": 2.54,
            "gross_margin_4q_avg": 2.34,
            "net_income": -18634,
            "net_income_4q": null,
            "revenue": 100061,
            "revenue_4q": null,
            "common_shares": 1475701,
            "book_valuer_per_share": 6.64,
            "book_valuer_per_share_4q_avg": 6.93,
            "equity": 979141,
            "current_ratio": 332.78,
            "debt_ratio": 38.01,
            "inventory_turnover_ratio": 0.3,
            "account_receivable_turnover_ratio": 0.5,
            "reinvestment_rate": null,
            "research_to_sale_ratio": 2.34,
            "price_fair": 14,
            "eps_avg_yearly": 0.4,
            "eps_latest_yearly": 0.4,
            "eps_growth_yearly": 44.44
        },
        "20134": {
            "year_quarter": 20134,
            "year": 2013,
            "quarter": 4,
            "eps": -0.83,
            "eps_growth_year": null,
            "eps_4q": -1.23,
            "eps_4q_growth_year": null,
            "roe": -13.26,
            "roe_4q": -19.15,
            "gross_profit": -3860,
            "gross_margin": -3.3,
            "gross_margin_4q_avg": -0.92,
            "net_income": -122701,
            "net_income_4q": null,
            "revenue": 116875,
            "revenue_4q": null,
            "common_shares": 1475701,
            "book_valuer_per_share": 5.91,
            "book_valuer_per_share_4q_avg": 6.56,
            "equity": 871947,
            "current_ratio": 240.77,
            "debt_ratio": 43.9,
            "inventory_turnover_ratio": 0.35,
            "account_receivable_turnover_ratio": 0.61,
            "reinvestment_rate": null,
            "research_to_sale_ratio": 1.81,
            "price_fair": 14,
            "eps_avg_yearly": 0.4,
            "eps_latest_yearly": 0.4,
            "eps_growth_yearly": 44.44
        },
        "20141": {
            "year_quarter": 20141,
            "year": 2014,
            "quarter": 1,
            "eps": 2.2,
            "eps_growth_year": null,
            "eps_4q": 1.05,
            "eps_4q_growth_year": null,
            "roe": 31.08,
            "roe_4q": 13.540000000000001,
            "gross_profit": -36977,
            "gross_margin": -58.01,
            "gross_margin_4q_avg": -15.24,
            "net_income": 320926,
            "net_income_4q": null,
            "revenue": 63742,
            "revenue_4q": null,
            "common_shares": 1475701,
            "book_valuer_per_share": 8.08,
            "book_valuer_per_share_4q_avg": 6.86,
            "equity": 1192887,
            "current_ratio": 538.44,
            "debt_ratio": 30.57,
            "inventory_turnover_ratio": 0.32,
            "account_receivable_turnover_ratio": 0.35,
            "reinvestment_rate": null,
            "research_to_sale_ratio": 3.11,
            "price_fair": 14,
            "eps_avg_yearly": 0.4,
            "eps_latest_yearly": 0.4,
            "eps_growth_yearly": 44.44
        },
        "20142": {
            "year_quarter": 20142,
            "year": 2014,
            "quarter": 2,
            "eps": -0.54,
            "eps_growth_year": null,
            "eps_4q": 0.68,
            "eps_4q_growth_year": null,
            "roe": -6.89,
            "roe_4q": 9.049999999999997,
            "gross_profit": -21708,
            "gross_margin": -29.1,
            "gross_margin_4q_avg": -21.97,
            "net_income": -79253,
            "net_income_4q": null,
            "revenue": 74591,
            "revenue_4q": null,
            "common_shares": 1475701,
            "book_valuer_per_share": 7.5,
            "book_valuer_per_share_4q_avg": 7.03,
            "equity": 1106718,
            "current_ratio": 473.66,
            "debt_ratio": 32.11,
            "inventory_turnover_ratio": 0.37,
            "account_receivable_turnover_ratio": 0.43,
            "reinvestment_rate": null,
            "research_to_sale_ratio": 2.62,
            "price_fair": 14,
            "eps_avg_yearly": 0.4,
            "eps_latest_yearly": 0.4,
            "eps_growth_yearly": 44.44
        },
        "20143": {
            "year_quarter": 20143,
            "year": 2014,
            "quarter": 3,
            "eps": -0.41,
            "eps_growth_year": null,
            "eps_4q": 0.4,
            "eps_4q_growth_year": null,
            "roe": -5.59,
            "roe_4q": 5.339999999999998,
            "gross_profit": -32613,
            "gross_margin": -54.8,
            "gross_margin_4q_avg": -36.3,
            "net_income": -60248,
            "net_income_4q": null,
            "revenue": 59516,
            "revenue_4q": null,
            "common_shares": 1475701,
            "book_valuer_per_share": 7.11,
            "book_valuer_per_share_4q_avg": 7.15,
            "equity": 1049605,
            "current_ratio": 386.77,
            "debt_ratio": 34.42,
            "inventory_turnover_ratio": 0.34,
            "account_receivable_turnover_ratio": 0.36,
            "reinvestment_rate": null,
            "research_to_sale_ratio": 3.93,
            "price_fair": 14,
            "eps_avg_yearly": 0.4,
            "eps_latest_yearly": 0.4,
            "eps_growth_yearly": 44.44
        },
        "20144": {
            "year_quarter": 20144,
            "year": 2014,
            "quarter": 4,
            "eps": 0.81,
            "eps_growth_year": null,
            "eps_4q": 2.45,
            "eps_4q_growth_year": null,
            "roe": 8.19,
            "roe_4q": 26.79,
            "gross_profit": 57157,
            "gross_margin": 97.68,
            "gross_margin_4q_avg": -11.06,
            "net_income": 89566,
            "net_income_4q": null,
            "revenue": 58515,
            "revenue_4q": null,
            "common_shares": 1106776,
            "book_valuer_per_share": 10.28,
            "book_valuer_per_share_4q_avg": 8.24,
            "equity": 1137501,
            "current_ratio": 434.87,
            "debt_ratio": 32.2,
            "inventory_turnover_ratio": 0,
            "account_receivable_turnover_ratio": 0.39,
            "reinvestment_rate": null,
            "research_to_sale_ratio": 3.02,
            "price_fair": 14,
            "eps_avg_yearly": 0.4,
            "eps_latest_yearly": 0.4,
            "eps_growth_yearly": 44.44
        },
        "20151": {
            "year_quarter": 20151,
            "year": 2015,
            "quarter": 1,
            "eps": -0.4,
            "eps_growth_year": -118.18,
            "eps_4q": -0.85,
            "eps_4q_growth_year": -181.11,
            "roe": -4,
            "roe_4q": -8.29,
            "gross_profit": -24565,
            "gross_margin": -52.29,
            "gross_margin_4q_avg": -9.63,
            "net_income": -44580,
            "net_income_4q": null,
            "revenue": 46974,
            "revenue_4q": null,
            "common_shares": 1106776,
            "book_valuer_per_share": 9.85,
            "book_valuer_per_share_4q_avg": 8.69,
            "equity": 1090063,
            "current_ratio": 418.68,
            "debt_ratio": 32.35,
            "inventory_turnover_ratio": 0.2,
            "account_receivable_turnover_ratio": 0.34,
            "reinvestment_rate": null,
            "research_to_sale_ratio": 4.44,
            "price_fair": 14,
            "eps_avg_yearly": 0.4,
            "eps_latest_yearly": 0.4,
            "eps_growth_yearly": 44.44
        },
        "20152": {
            "year_quarter": 20152,
            "year": 2015,
            "quarter": 2,
            "eps": -0.44,
            "eps_growth_year": null,
            "eps_4q": -0.58,
            "eps_4q_growth_year": -185.33,
            "roe": -4.6,
            "roe_4q": -6,
            "gross_profit": -17991,
            "gross_margin": -33.26,
            "gross_margin_4q_avg": -10.67,
            "net_income": -48953,
            "net_income_4q": null,
            "revenue": 54089,
            "revenue_4q": null,
            "common_shares": 1106776,
            "book_valuer_per_share": 9.39,
            "book_valuer_per_share_4q_avg": 9.16,
            "equity": 1039388,
            "current_ratio": 562.59,
            "debt_ratio": 29.23,
            "inventory_turnover_ratio": 0.19,
            "account_receivable_turnover_ratio": 0.41,
            "reinvestment_rate": null,
            "research_to_sale_ratio": 3.79,
            "price_fair": 14,
            "eps_avg_yearly": 0.4,
            "eps_latest_yearly": 0.4,
            "eps_growth_yearly": 44.44
        },
        "20153": {
            "year_quarter": 20153,
            "year": 2015,
            "quarter": 3,
            "eps": -1.58,
            "eps_growth_year": null,
            "eps_4q": -1.62,
            "eps_4q_growth_year": -507.09,
            "roe": -18.39,
            "roe_4q": -18.800000000000004,
            "gross_profit": -172390,
            "gross_margin": -306.15,
            "gross_margin_4q_avg": -73.51,
            "net_income": -175326,
            "net_income_4q": null,
            "revenue": 56309,
            "revenue_4q": null,
            "common_shares": 1106776,
            "book_valuer_per_share": 7.84,
            "book_valuer_per_share_4q_avg": 9.34,
            "equity": 867639,
            "current_ratio": 480.84,
            "debt_ratio": 31.69,
            "inventory_turnover_ratio": 0.77,
            "account_receivable_turnover_ratio": 0.42,
            "reinvestment_rate": null,
            "research_to_sale_ratio": 3.85,
            "price_fair": 0,
            "eps_avg_yearly": 0,
            "eps_latest_yearly": 0,
            "eps_growth_yearly": 0
        },
        "20154": {
            "year_quarter": 20154,
            "year": 2015,
            "quarter": 4,
            "eps": -0.18,
            "eps_growth_year": -122.02,
            "eps_4q": -2.61,
            "eps_4q_growth_year": -206.49,
            "roe": -2.3,
            "roe_4q": -29.29,
            "gross_profit": -34706,
            "gross_margin": -58.45,
            "gross_margin_4q_avg": -112.54,
            "net_income": -19723,
            "net_income_4q": null,
            "revenue": 59375,
            "revenue_4q": null,
            "common_shares": 1106776,
            "book_valuer_per_share": 7.66,
            "book_valuer_per_share_4q_avg": 8.69,
            "equity": 848252,
            "current_ratio": 485.65,
            "debt_ratio": 29.84,
            "inventory_turnover_ratio": 0.44,
            "account_receivable_turnover_ratio": 0.43,
            "reinvestment_rate": null,
            "research_to_sale_ratio": 3.98,
            "price_fair": 0,
            "eps_avg_yearly": 0,
            "eps_latest_yearly": 0,
            "eps_growth_yearly": 0
        },
        "20161": {
            "year_quarter": 20161,
            "year": 2016,
            "quarter": 1,
            "eps": -0.48,
            "eps_growth_year": null,
            "eps_4q": -2.69,
            "eps_4q_growth_year": null,
            "roe": -6.5,
            "roe_4q": -31.79,
            "gross_profit": -24064,
            "gross_margin": -46.92,
            "gross_margin_4q_avg": -111.2,
            "net_income": -53333,
            "net_income_4q": null,
            "revenue": 51282,
            "revenue_4q": null,
            "common_shares": 1106776,
            "book_valuer_per_share": 7.16,
            "book_valuer_per_share_4q_avg": 8.01,
            "equity": 792329,
            "current_ratio": 428.86,
            "debt_ratio": 30.66,
            "inventory_turnover_ratio": 0.38,
            "account_receivable_turnover_ratio": 0.39,
            "reinvestment_rate": null,
            "research_to_sale_ratio": 3.79,
            "price_fair": 0,
            "eps_avg_yearly": 0,
            "eps_latest_yearly": 0,
            "eps_growth_yearly": 0
        },
        "20162": {
            "year_quarter": 20162,
            "year": 2016,
            "quarter": 2,
            "eps": -0.44,
            "eps_growth_year": null,
            "eps_4q": -2.69,
            "eps_4q_growth_year": null,
            "roe": -6.42,
            "roe_4q": -33.61,
            "gross_profit": -2676,
            "gross_margin": -4.99,
            "gross_margin_4q_avg": -104.13,
            "net_income": -49145,
            "net_income_4q": null,
            "revenue": 53613,
            "revenue_4q": null,
            "common_shares": 1106776,
            "book_valuer_per_share": 6.68,
            "book_valuer_per_share_4q_avg": 7.34,
            "equity": 738910,
            "current_ratio": 310.63,
            "debt_ratio": 33.15,
            "inventory_turnover_ratio": 0.28,
            "account_receivable_turnover_ratio": 0.47,
            "reinvestment_rate": null,
            "research_to_sale_ratio": 3.43,
            "price_fair": 0,
            "eps_avg_yearly": 0,
            "eps_latest_yearly": 0,
            "eps_growth_yearly": 0
        },
        "20163": {
            "year_quarter": 20163,
            "year": 2016,
            "quarter": 3,
            "eps": -0.33,
            "eps_growth_year": null,
            "eps_4q": -1.44,
            "eps_4q_growth_year": null,
            "roe": -5.14,
            "roe_4q": -20.36,
            "gross_profit": -9964,
            "gross_margin": -17.04,
            "gross_margin_4q_avg": -31.85,
            "net_income": -36849,
            "net_income_4q": null,
            "revenue": 58477,
            "revenue_4q": null,
            "common_shares": 1106776,
            "book_valuer_per_share": 6.29,
            "book_valuer_per_share_4q_avg": 6.95,
            "equity": 695927,
            "current_ratio": 293.74,
            "debt_ratio": 32.8,
            "inventory_turnover_ratio": 0.35,
            "account_receivable_turnover_ratio": 0.59,
            "reinvestment_rate": null,
            "research_to_sale_ratio": 3.22,
            "price_fair": 0,
            "eps_avg_yearly": 0,
            "eps_latest_yearly": 0,
            "eps_growth_yearly": 0
        },
        "20164": {
            "year_quarter": 20164,
            "year": 2016,
            "quarter": 4,
            "eps": 0.12,
            "eps_growth_year": null,
            "eps_4q": -1.14,
            "eps_4q_growth_year": null,
            "roe": 1.87,
            "roe_4q": -16.189999999999998,
            "gross_profit": 24889,
            "gross_margin": 38.54,
            "gross_margin_4q_avg": -7.6,
            "net_income": 13068,
            "net_income_4q": null,
            "revenue": 64588,
            "revenue_4q": null,
            "common_shares": 1106776,
            "book_valuer_per_share": 6.35,
            "book_valuer_per_share_4q_avg": 6.62,
            "equity": 702761,
            "current_ratio": 236.63,
            "debt_ratio": 35.8,
            "inventory_turnover_ratio": 0.2,
            "account_receivable_turnover_ratio": 0.63,
            "reinvestment_rate": null,
            "research_to_sale_ratio": 2.51,
            "price_fair": 0,
            "eps_avg_yearly": 0,
            "eps_latest_yearly": 0,
            "eps_growth_yearly": 0
        },
        "20171": {
            "year_quarter": 20171,
            "year": 2017,
            "quarter": 1,
            "eps": -0.46,
            "eps_growth_year": null,
            "eps_4q": -1.12,
            "eps_4q_growth_year": null,
            "roe": -7.62,
            "roe_4q": -17.310000000000002,
            "gross_profit": -17934,
            "gross_margin": -38.73,
            "gross_margin_4q_avg": -5.56,
            "net_income": -51241,
            "net_income_4q": null,
            "revenue": 46305,
            "revenue_4q": null,
            "common_shares": 1106776,
            "book_valuer_per_share": 5.8,
            "book_valuer_per_share_4q_avg": 6.28,
            "equity": 642258,
            "current_ratio": 207.67,
            "debt_ratio": 37.33,
            "inventory_turnover_ratio": 0.3,
            "account_receivable_turnover_ratio": 0.45,
            "reinvestment_rate": null,
            "research_to_sale_ratio": 3.39,
            "price_fair": 0,
            "eps_avg_yearly": 0,
            "eps_latest_yearly": 0,
            "eps_growth_yearly": 0
        },
        "20172": {
            "year_quarter": 20172,
            "year": 2017,
            "quarter": 2,
            "eps": -0.22,
            "eps_growth_year": null,
            "eps_4q": -0.82,
            "eps_4q_growth_year": null,
            "roe": -2.44,
            "roe_4q": -13.330000000000002,
            "gross_profit": -3592,
            "gross_margin": -4.92,
            "gross_margin_4q_avg": -5.54,
            "net_income": -15513,
            "net_income_4q": null,
            "revenue": 73027,
            "revenue_4q": null,
            "common_shares": 1106776,
            "book_valuer_per_share": 5.69,
            "book_valuer_per_share_4q_avg": 6.03,
            "equity": 630205,
            "current_ratio": 177.43,
            "debt_ratio": 40.28,
            "inventory_turnover_ratio": 0.37,
            "account_receivable_turnover_ratio": 0.68,
            "reinvestment_rate": null,
            "research_to_sale_ratio": 2.27,
            "price_fair": 0,
            "eps_avg_yearly": 0,
            "eps_latest_yearly": 0,
            "eps_growth_yearly": 0
        },
        "20173": {
            "year_quarter": 20173,
            "year": 2017,
            "quarter": 3,
            "eps": -0.16,
            "eps_growth_year": null,
            "eps_4q": -0.92,
            "eps_4q_growth_year": null,
            "roe": -1.78,
            "roe_4q": -9.969999999999999,
            "gross_profit": -13251,
            "gross_margin": -20.28,
            "gross_margin_4q_avg": -6.35,
            "net_income": -11141,
            "net_income_4q": null,
            "revenue": 65349,
            "revenue_4q": null,
            "common_shares": 706021,
            "book_valuer_per_share": 8.8,
            "book_valuer_per_share_4q_avg": 6.66,
            "equity": 621626,
            "current_ratio": 169.21,
            "debt_ratio": 41.01,
            "inventory_turnover_ratio": 0.38,
            "account_receivable_turnover_ratio": 0.54,
            "reinvestment_rate": null,
            "research_to_sale_ratio": 2.5,
            "price_fair": 0,
            "eps_avg_yearly": 0,
            "eps_latest_yearly": 0,
            "eps_growth_yearly": 0
        },
        "20174": {
            "year_quarter": 20174,
            "year": 2017,
            "quarter": 4,
            "eps": -0.73,
            "eps_growth_year": -718.39,
            "eps_4q": -1.83,
            "eps_4q_growth_year": null,
            "roe": -8.72,
            "roe_4q": -20.56,
            "gross_profit": -56579,
            "gross_margin": -73.37,
            "gross_margin_4q_avg": -34.33,
            "net_income": -51550,
            "net_income_4q": null,
            "revenue": 77112,
            "revenue_4q": null,
            "common_shares": 706021,
            "book_valuer_per_share": 7.94,
            "book_valuer_per_share_4q_avg": 7.06,
            "equity": 560542,
            "current_ratio": 150.46,
            "debt_ratio": 44.66,
            "inventory_turnover_ratio": 0.65,
            "account_receivable_turnover_ratio": 0.57,
            "reinvestment_rate": null,
            "research_to_sale_ratio": 1.87,
            "price_fair": 0,
            "eps_avg_yearly": 0,
            "eps_latest_yearly": 0,
            "eps_growth_yearly": 0
        },
        "20181": {
            "year_quarter": 20181,
            "year": 2018,
            "quarter": 1,
            "eps": -0.39,
            "eps_growth_year": null,
            "eps_4q": -1.5,
            "eps_4q_growth_year": null,
            "roe": -5.05,
            "roe_4q": -17.99,
            "gross_profit": -18282,
            "gross_margin": -21.01,
            "gross_margin_4q_avg": -29.9,
            "net_income": -27624,
            "net_income_4q": null,
            "revenue": 87034,
            "revenue_4q": null,
            "common_shares": 706021,
            "book_valuer_per_share": 7.56,
            "book_valuer_per_share_4q_avg": 7.5,
            "equity": 533786,
            "current_ratio": 137.28,
            "debt_ratio": 47.74,
            "inventory_turnover_ratio": 0.51,
            "account_receivable_turnover_ratio": 0.61,
            "reinvestment_rate": null,
            "research_to_sale_ratio": 2.46,
            "price_fair": 0,
            "eps_avg_yearly": 0,
            "eps_latest_yearly": 0,
            "eps_growth_yearly": 0
        },
        "20182": {
            "year_quarter": 20182,
            "year": 2018,
            "quarter": 2,
            "eps": -0.67,
            "eps_growth_year": null,
            "eps_4q": -1.95,
            "eps_4q_growth_year": null,
            "roe": -9.27,
            "roe_4q": -24.82,
            "gross_profit": -27633,
            "gross_margin": -31.94,
            "gross_margin_4q_avg": -36.65,
            "net_income": -47286,
            "net_income_4q": null,
            "revenue": 86523,
            "revenue_4q": null,
            "common_shares": 706021,
            "book_valuer_per_share": 6.89,
            "book_valuer_per_share_4q_avg": 7.8,
            "equity": 486269,
            "current_ratio": 124.51,
            "debt_ratio": 50.7,
            "inventory_turnover_ratio": 0.57,
            "account_receivable_turnover_ratio": 0.63,
            "reinvestment_rate": null,
            "research_to_sale_ratio": 1.76,
            "price_fair": 0,
            "eps_avg_yearly": 0,
            "eps_latest_yearly": 0,
            "eps_growth_yearly": 0
        },
        "20183": {
            "year_quarter": 20183,
            "year": 2018,
            "quarter": 3,
            "eps": -0.58,
            "eps_growth_year": null,
            "eps_4q": -2.37,
            "eps_4q_growth_year": null,
            "roe": -8.82,
            "roe_4q": -31.86,
            "gross_profit": -14401,
            "gross_margin": -20.44,
            "gross_margin_4q_avg": -36.69,
            "net_income": -40965,
            "net_income_4q": null,
            "revenue": 70448,
            "revenue_4q": null,
            "common_shares": 706021,
            "book_valuer_per_share": 6.27,
            "book_valuer_per_share_4q_avg": 7.17,
            "equity": 442474,
            "current_ratio": 111.22,
            "debt_ratio": 53.4,
            "inventory_turnover_ratio": 0.44,
            "account_receivable_turnover_ratio": 0.58,
            "reinvestment_rate": null,
            "research_to_sale_ratio": 2.12,
            "price_fair": 0,
            "eps_avg_yearly": 0,
            "eps_latest_yearly": 0,
            "eps_growth_yearly": 0
        },
        "20184": {
            "year_quarter": 20184,
            "year": 2018,
            "quarter": 4,
            "eps": -0.92,
            "eps_growth_year": null,
            "eps_4q": -2.56,
            "eps_4q_growth_year": null,
            "roe": -15.67,
            "roe_4q": -38.81,
            "gross_profit": -46263,
            "gross_margin": -76.23,
            "gross_margin_4q_avg": -37.41,
            "net_income": -64853,
            "net_income_4q": null,
            "revenue": 60690,
            "revenue_4q": null,
            "common_shares": 706021,
            "book_valuer_per_share": 5.45,
            "book_valuer_per_share_4q_avg": 6.54,
            "equity": 385024,
            "current_ratio": 88.4,
            "debt_ratio": 55.79,
            "inventory_turnover_ratio": 0.63,
            "account_receivable_turnover_ratio": 0.64,
            "reinvestment_rate": null,
            "research_to_sale_ratio": 2.17,
            "price_fair": 0,
            "eps_avg_yearly": 0,
            "eps_latest_yearly": 0,
            "eps_growth_yearly": 0
        },
        "20191": {
            "year_quarter": 20191,
            "year": 2019,
            "quarter": 1,
            "eps": -0.46,
            "eps_growth_year": null,
            "eps_4q": -2.63,
            "eps_4q_growth_year": null,
            "roe": -8.87,
            "roe_4q": -42.629999999999995,
            "gross_profit": -15620,
            "gross_margin": -39.1,
            "gross_margin_4q_avg": -41.93,
            "net_income": -32755,
            "net_income_4q": null,
            "revenue": 39947,
            "revenue_4q": null,
            "common_shares": 706021,
            "book_valuer_per_share": 5.01,
            "book_valuer_per_share_4q_avg": 5.91,
            "equity": 353446,
            "current_ratio": 75.65,
            "debt_ratio": 56.68,
            "inventory_turnover_ratio": 0.39,
            "account_receivable_turnover_ratio": 0.58,
            "reinvestment_rate": null,
            "research_to_sale_ratio": 3.8,
            "price_fair": 0,
            "eps_avg_yearly": 0,
            "eps_latest_yearly": 0,
            "eps_growth_yearly": 0
        },
        "20192": {
            "year_quarter": 20192,
            "year": 2019,
            "quarter": 2,
            "eps": -0.73,
            "eps_growth_year": null,
            "eps_4q": -2.7,
            "eps_4q_growth_year": null,
            "roe": -15.86,
            "roe_4q": -49.22,
            "gross_profit": -33680,
            "gross_margin": -71.98,
            "gross_margin_4q_avg": -51.94,
            "net_income": -51778,
            "net_income_4q": null,
            "revenue": 46793,
            "revenue_4q": null,
            "common_shares": 706021,
            "book_valuer_per_share": 4.24,
            "book_valuer_per_share_4q_avg": 5.24,
            "equity": 299315,
            "current_ratio": 71.56,
            "debt_ratio": 63.18,
            "inventory_turnover_ratio": 0.62,
            "account_receivable_turnover_ratio": 0.8,
            "reinvestment_rate": null,
            "research_to_sale_ratio": 2.92,
            "price_fair": 0,
            "eps_avg_yearly": 0,
            "eps_latest_yearly": 0,
            "eps_growth_yearly": 0
        },
        "20193": {
            "year_quarter": 20193,
            "year": 2019,
            "quarter": 3,
            "eps": -0.94,
            "eps_growth_year": null,
            "eps_4q": -3.05,
            "eps_4q_growth_year": null,
            "roe": -25.09,
            "roe_4q": -65.49,
            "gross_profit": -37735,
            "gross_margin": -96.49,
            "gross_margin_4q_avg": -70.95,
            "net_income": -66211,
            "net_income_4q": null,
            "revenue": 39107,
            "revenue_4q": null,
            "common_shares": 706021,
            "book_valuer_per_share": 3.23,
            "book_valuer_per_share_4q_avg": 4.48,
            "equity": 228383,
            "current_ratio": 56.68,
            "debt_ratio": 68.52,
            "inventory_turnover_ratio": 0.71,
            "account_receivable_turnover_ratio": 0.78,
            "reinvestment_rate": null,
            "research_to_sale_ratio": 3.38,
            "price_fair": 0,
            "eps_avg_yearly": 0,
            "eps_latest_yearly": 0,
            "eps_growth_yearly": 0
        },
        "20194": {
            "year_quarter": 20194,
            "year": 2019,
            "quarter": 4,
            "eps": -1.26,
            "eps_growth_year": null,
            "eps_4q": -3.39,
            "eps_4q_growth_year": null,
            "roe": -48.93,
            "roe_4q": -98.75,
            "gross_profit": -74688,
            "gross_margin": -189.65,
            "gross_margin_4q_avg": -99.31,
            "net_income": -88737,
            "net_income_4q": null,
            "revenue": 39382,
            "revenue_4q": null,
            "common_shares": 706021,
            "book_valuer_per_share": 1.9,
            "book_valuer_per_share_4q_avg": 3.6,
            "equity": 134349,
            "current_ratio": 38.82,
            "debt_ratio": 79.47,
            "inventory_turnover_ratio": 1.64,
            "account_receivable_turnover_ratio": 0.91,
            "reinvestment_rate": null,
            "research_to_sale_ratio": 3.58,
            "price_fair": 0,
            "eps_avg_yearly": 0,
            "eps_latest_yearly": 0,
            "eps_growth_yearly": 0
        },
        "20201": {
            "year_quarter": 20201,
            "year": 2020,
            "quarter": 1,
            "eps": -0.29,
            "eps_growth_year": null,
            "eps_4q": -3.22,
            "eps_4q_growth_year": null,
            "roe": -16.43,
            "roe_4q": -106.31,
            "gross_profit": -12170,
            "gross_margin": -38.44,
            "gross_margin_4q_avg": -99.14,
            "net_income": -20355,
            "net_income_4q": null,
            "revenue": 31656,
            "revenue_4q": null,
            "common_shares": 706021,
            "book_valuer_per_share": 1.61,
            "book_valuer_per_share_4q_avg": 2.75,
            "equity": 113451,
            "current_ratio": 33.08,
            "debt_ratio": 81.82,
            "inventory_turnover_ratio": 1.32,
            "account_receivable_turnover_ratio": 0.82,
            "reinvestment_rate": null,
            "research_to_sale_ratio": 9.79,
            "price_fair": 0,
            "eps_avg_yearly": 0,
            "eps_latest_yearly": 0,
            "eps_growth_yearly": 0
        },
        "20202": {
            "year_quarter": 20202,
            "year": 2020,
            "quarter": 2,
            "eps": -0.19,
            "eps_growth_year": null,
            "eps_4q": -2.67,
            "eps_4q_growth_year": null,
            "roe": -12.64,
            "roe_4q": -103.09,
            "gross_profit": 14527,
            "gross_margin": 44.06,
            "gross_margin_4q_avg": -70.13,
            "net_income": -13393,
            "net_income_4q": null,
            "revenue": 32972,
            "revenue_4q": null,
            "common_shares": 706021,
            "book_valuer_per_share": 1.4,
            "book_valuer_per_share_4q_avg": 2.04,
            "equity": 98507,
            "current_ratio": 48.81,
            "debt_ratio": 84.35,
            "inventory_turnover_ratio": 0.7,
            "account_receivable_turnover_ratio": 0.99,
            "reinvestment_rate": null,
            "research_to_sale_ratio": 4.02,
            "price_fair": 0,
            "eps_avg_yearly": 0,
            "eps_latest_yearly": 0,
            "eps_growth_yearly": 0
        },
        "20203": {
            "year_quarter": 20203,
            "year": 2020,
            "quarter": 3,
            "eps": -0.76,
            "eps_growth_year": null,
            "eps_4q": -4.65,
            "eps_4q_growth_year": null,
            "roe": -8.34,
            "roe_4q": -86.34,
            "gross_profit": 6553,
            "gross_margin": 19.06,
            "gross_margin_4q_avg": -41.24,
            "net_income": -12882,
            "net_income_4q": null,
            "revenue": 34377,
            "revenue_4q": null,
            "common_shares": 170000,
            "book_valuer_per_share": 9.13,
            "book_valuer_per_share_4q_avg": 3.51,
            "equity": 210293,
            "current_ratio": 90.27,
            "debt_ratio": 73.12,
            "inventory_turnover_ratio": 1.1,
            "account_receivable_turnover_ratio": 0.68,
            "reinvestment_rate": null,
            "research_to_sale_ratio": 3.23,
            "price_fair": 0,
            "eps_avg_yearly": 0,
            "eps_latest_yearly": 0,
            "eps_growth_yearly": 0
        },
        "20204": {
            "year_quarter": 20204,
            "year": 2020,
            "quarter": 4,
            "eps": 1.49,
            "eps_growth_year": null,
            "eps_4q": -0.23,
            "eps_4q_growth_year": null,
            "roe": 14.78,
            "roe_4q": -22.630000000000003,
            "gross_profit": 1918,
            "gross_margin": 5.52,
            "gross_margin_4q_avg": 7.55,
            "net_income": 40364,
            "net_income_4q": null,
            "revenue": 34718,
            "revenue_4q": null,
            "common_shares": 270000,
            "book_valuer_per_share": 12.44,
            "book_valuer_per_share_4q_avg": 6.15,
            "equity": 335884,
            "current_ratio": 214,
            "debt_ratio": 39.2,
            "inventory_turnover_ratio": 1.63,
            "account_receivable_turnover_ratio": 0.63,
            "reinvestment_rate": null,
            "research_to_sale_ratio": 4.41,
            "price_fair": 0,
            "eps_avg_yearly": 0,
            "eps_latest_yearly": 0,
            "eps_growth_yearly": 0
        },
        "20211": {
            "year_quarter": 20211,
            "year": 2021,
            "quarter": 1,
            "eps": 0.04,
            "eps_growth_year": null,
            "eps_4q": 0.41,
            "eps_4q_growth_year": null,
            "roe": 0.24,
            "roe_4q": -5.960000000000001,
            "gross_profit": 11321,
            "gross_margin": 33.69,
            "gross_margin_4q_avg": 25.58,
            "net_income": 1082,
            "net_income_4q": null,
            "revenue": 33603,
            "revenue_4q": null,
            "common_shares": 370000,
            "book_valuer_per_share": 14.9,
            "book_valuer_per_share_4q_avg": 9.47,
            "equity": 551140,
            "current_ratio": 667.23,
            "debt_ratio": 15.6,
            "inventory_turnover_ratio": 1.06,
            "account_receivable_turnover_ratio": 0.81,
            "reinvestment_rate": null,
            "research_to_sale_ratio": 1.98,
            "price_fair": 0.48,
            "eps_avg_yearly": 0.16,
            "eps_latest_yearly": 0.16,
            "eps_growth_yearly": -389.26
        },
        "20212": {
            "year_quarter": 20212,
            "year": 2021,
            "quarter": 2,
            "eps": -0.11,
            "eps_growth_year": null,
            "eps_4q": 0.66,
            "eps_4q_growth_year": null,
            "roe": -0.77,
            "roe_4q": 5.91,
            "gross_profit": 9178,
            "gross_margin": 22.59,
            "gross_margin_4q_avg": 20.22,
            "net_income": -4225,
            "net_income_4q": null,
            "revenue": 40624,
            "revenue_4q": null,
            "common_shares": 370000,
            "book_valuer_per_share": 14.75,
            "book_valuer_per_share_4q_avg": 12.81,
            "equity": 545823,
            "current_ratio": 786,
            "debt_ratio": 14.71,
            "inventory_turnover_ratio": 1.29,
            "account_receivable_turnover_ratio": 1,
            "reinvestment_rate": null,
            "research_to_sale_ratio": 1.83,
            "price_fair": 0.48,
            "eps_avg_yearly": 0.16,
            "eps_latest_yearly": 0.16,
            "eps_growth_yearly": -389.26
        },
        "20213": {
            "year_quarter": 20213,
            "year": 2021,
            "quarter": 3,
            "eps": -0.31,
            "eps_growth_year": null,
            "eps_4q": 0.69,
            "eps_4q_growth_year": null,
            "roe": -2.16,
            "roe_4q": 12.09,
            "gross_profit": 589,
            "gross_margin": 1.56,
            "gross_margin_4q_avg": 15.84,
            "net_income": -11640,
            "net_income_4q": null,
            "revenue": 37852,
            "revenue_4q": null,
            "common_shares": 370000,
            "book_valuer_per_share": 14.44,
            "book_valuer_per_share_4q_avg": 14.13,
            "equity": 534174,
            "current_ratio": 348.47,
            "debt_ratio": 18.98,
            "inventory_turnover_ratio": 1.62,
            "account_receivable_turnover_ratio": 0.92,
            "reinvestment_rate": null,
            "research_to_sale_ratio": 2.08,
            "price_fair": 0.48,
            "eps_avg_yearly": 0.16,
            "eps_latest_yearly": 0.16,
            "eps_growth_yearly": -389.26
        },
        "20214": {
            "year_quarter": 20214,
            "year": 2021,
            "quarter": 4,
            "eps": -0.11,
            "eps_growth_year": -107.34,
            "eps_4q": -0.51,
            "eps_4q_growth_year": null,
            "roe": -0.76,
            "roe_4q": -3.45,
            "gross_profit": 4111,
            "gross_margin": 17.65,
            "gross_margin_4q_avg": 18.87,
            "net_income": -4060,
            "net_income_4q": null,
            "revenue": 23287,
            "revenue_4q": null,
            "common_shares": 370000,
            "book_valuer_per_share": 14.34,
            "book_valuer_per_share_4q_avg": 14.61,
            "equity": 530397,
            "current_ratio": 331.38,
            "debt_ratio": 18.84,
            "inventory_turnover_ratio": 0.73,
            "account_receivable_turnover_ratio": 0.67,
            "reinvestment_rate": null,
            "research_to_sale_ratio": 3.31,
            "price_fair": 0.48,
            "eps_avg_yearly": 0.16,
            "eps_latest_yearly": 0.16,
            "eps_growth_yearly": -389.26
        },
        "20221": {
            "year_quarter": 20221,
            "year": 2022,
            "quarter": 1,
            "eps": -0.3,
            "eps_growth_year": -850,
            "eps_4q": -0.84,
            "eps_4q_growth_year": -304.67,
            "roe": -2.11,
            "roe_4q": -5.800000000000001,
            "gross_profit": -353,
            "gross_margin": -1.64,
            "gross_margin_4q_avg": 10.04,
            "net_income": -11125,
            "net_income_4q": null,
            "revenue": 21587,
            "revenue_4q": null,
            "common_shares": 370000,
            "book_valuer_per_share": 14.18,
            "book_valuer_per_share_4q_avg": 14.43,
            "equity": 524647,
            "current_ratio": 208.7,
            "debt_ratio": 25.17,
            "inventory_turnover_ratio": 0.57,
            "account_receivable_turnover_ratio": 0.93,
            "reinvestment_rate": null,
            "research_to_sale_ratio": 3.53,
            "price_fair": 0.48,
            "eps_avg_yearly": 0.16,
            "eps_latest_yearly": 0.16,
            "eps_growth_yearly": -389.26
        },
        "20222": {
            "year_quarter": 20222,
            "year": 2022,
            "quarter": 2,
            "eps": -0.49,
            "eps_growth_year": null,
            "eps_4q": -1.21,
            "eps_4q_growth_year": -283.88,
            "roe": -3.48,
            "roe_4q": -8.51,
            "gross_profit": -2555,
            "gross_margin": -9.55,
            "gross_margin_4q_avg": 2.01,
            "net_income": -17929,
            "net_income_4q": null,
            "revenue": 26754,
            "revenue_4q": null,
            "common_shares": 370000,
            "book_valuer_per_share": 13.68,
            "book_valuer_per_share_4q_avg": 14.16,
            "equity": 506169,
            "current_ratio": 184.59,
            "debt_ratio": 24.64,
            "inventory_turnover_ratio": 0.65,
            "account_receivable_turnover_ratio": 1.29,
            "reinvestment_rate": null,
            "research_to_sale_ratio": 3.26,
            "price_fair": 0.48,
            "eps_avg_yearly": 0.16,
            "eps_latest_yearly": 0.16,
            "eps_growth_yearly": -389.26
        },
        "20223": {
            "year_quarter": 20223,
            "year": 2022,
            "quarter": 3,
            "eps": 0.62,
            "eps_growth_year": null,
            "eps_4q": -0.28,
            "eps_4q_growth_year": -139.98,
            "roe": 4.41,
            "roe_4q": -1.9399999999999997,
            "gross_profit": -5365,
            "gross_margin": -23.17,
            "gross_margin_4q_avg": -4.18,
            "net_income": 22886,
            "net_income_4q": null,
            "revenue": 23155,
            "revenue_4q": null,
            "common_shares": 370000,
            "book_valuer_per_share": 14.37,
            "book_valuer_per_share_4q_avg": 14.14,
            "equity": 531653,
            "current_ratio": 207.18,
            "debt_ratio": 26.2,
            "inventory_turnover_ratio": 0.67,
            "account_receivable_turnover_ratio": 1.02,
            "reinvestment_rate": null,
            "research_to_sale_ratio": 7.48,
            "price_fair": 0.48,
            "eps_avg_yearly": 0.16,
            "eps_latest_yearly": 0.16,
            "eps_growth_yearly": -389.26
        },
        "20224": {
            "year_quarter": 20224,
            "year": 2022,
            "quarter": 4,
            "eps": -0.78,
            "eps_growth_year": null,
            "eps_4q": -0.94,
            "eps_4q_growth_year": null,
            "roe": -5.58,
            "roe_4q": -6.76,
            "gross_profit": -4579,
            "gross_margin": -22.47,
            "gross_margin_4q_avg": -14.21,
            "net_income": -28787,
            "net_income_4q": null,
            "revenue": 20374,
            "revenue_4q": null,
            "common_shares": 370000,
            "book_valuer_per_share": 13.53,
            "book_valuer_per_share_4q_avg": 13.94,
            "equity": 500598,
            "current_ratio": 199.27,
            "debt_ratio": 26.26,
            "inventory_turnover_ratio": 0.76,
            "account_receivable_turnover_ratio": 0.98,
            "reinvestment_rate": null,
            "research_to_sale_ratio": 8.52,
            "price_fair": 0.48,
            "eps_avg_yearly": 0.16,
            "eps_latest_yearly": 0.16,
            "eps_growth_yearly": -389.26
        },
        "20231": {
            "year_quarter": 20231,
            "year": 2023,
            "quarter": 1,
            "eps": -0.36,
            "eps_growth_year": null,
            "eps_4q": -1.01,
            "eps_4q_growth_year": null,
            "roe": -2.72,
            "roe_4q": -7.370000000000001,
            "gross_profit": 2204,
            "gross_margin": 20.56,
            "gross_margin_4q_avg": -8.66,
            "net_income": -13420,
            "net_income_4q": null,
            "revenue": 10720,
            "revenue_4q": null,
            "common_shares": 370000,
            "book_valuer_per_share": 13.17,
            "book_valuer_per_share_4q_avg": 13.69,
            "equity": 487326,
            "current_ratio": 155.93,
            "debt_ratio": 27.08,
            "inventory_turnover_ratio": 0.36,
            "account_receivable_turnover_ratio": 0.75,
            "reinvestment_rate": null,
            "research_to_sale_ratio": 18.46,
            "price_fair": 0.48,
            "eps_avg_yearly": 0.16,
            "eps_latest_yearly": 0.16,
            "eps_growth_yearly": -389.26
        },
        "20232": {
            "year_quarter": 20232,
            "year": 2023,
            "quarter": 2,
            "eps": -0.23,
            "eps_growth_year": null,
            "eps_4q": -0.75,
            "eps_4q_growth_year": null,
            "roe": -1.76,
            "roe_4q": -5.65,
            "gross_profit": -7570,
            "gross_margin": -55.71,
            "gross_margin_4q_avg": -20.2,
            "net_income": -8498,
            "net_income_4q": null,
            "revenue": 13589,
            "revenue_4q": null,
            "common_shares": 370000,
            "book_valuer_per_share": 12.91,
            "book_valuer_per_share_4q_avg": 13.5,
            "equity": 477635,
            "current_ratio": 161.29,
            "debt_ratio": 29.69,
            "inventory_turnover_ratio": 1.22,
            "account_receivable_turnover_ratio": 1.44,
            "reinvestment_rate": null,
            "research_to_sale_ratio": 15,
            "price_fair": 0.48,
            "eps_avg_yearly": 0.16,
            "eps_latest_yearly": 0.16,
            "eps_growth_yearly": -389.26
        },
        "20233": {
            "year_quarter": 20233,
            "year": 2023,
            "quarter": 3,
            "eps": -0.3,
            "eps_growth_year": -148.39,
            "eps_4q": -1.67,
            "eps_4q_growth_year": null,
            "roe": -2.31,
            "roe_4q": -12.370000000000001,
            "gross_profit": 5933,
            "gross_margin": 29.04,
            "gross_margin_4q_avg": -7.15,
            "net_income": -10938,
            "net_income_4q": null,
            "revenue": 20428,
            "revenue_4q": null,
            "common_shares": 370000,
            "book_valuer_per_share": 12.68,
            "book_valuer_per_share_4q_avg": 13.07,
            "equity": 469280,
            "current_ratio": 150.07,
            "debt_ratio": 29.88,
            "inventory_turnover_ratio": 1.23,
            "account_receivable_turnover_ratio": 1.39,
            "reinvestment_rate": null,
            "research_to_sale_ratio": 10.15,
            "price_fair": 0.48,
            "eps_avg_yearly": 0.16,
            "eps_latest_yearly": 0.16,
            "eps_growth_yearly": -389.26
        },
        "20234": {
            "year_quarter": 20234,
            "year": 2023,
            "quarter": 4,
            "eps": -0.09,
            "eps_growth_year": null,
            "eps_4q": -0.98,
            "eps_4q_growth_year": null,
            "roe": -0.74,
            "roe_4q": -7.529999999999999,
            "gross_profit": 4323,
            "gross_margin": 23.57,
            "gross_margin_4q_avg": 4.37,
            "net_income": -3453,
            "net_income_4q": null,
            "revenue": 18342,
            "revenue_4q": null,
            "common_shares": 370000,
            "book_valuer_per_share": 12.52,
            "book_valuer_per_share_4q_avg": 12.82,
            "equity": 463333,
            "current_ratio": 157.39,
            "debt_ratio": 28.73,
            "inventory_turnover_ratio": 1.56,
            "account_receivable_turnover_ratio": 0.98,
            "reinvestment_rate": null,
            "research_to_sale_ratio": 10.05,
            "price_fair": 0.48,
            "eps_avg_yearly": 0.16,
            "eps_latest_yearly": 0.16,
            "eps_growth_yearly": -389.26
        }
    },
    "months": {
        "2001-06": {
            "month": "2001-06",
            "price": "25.80",
            "revenue": 31083
        },
        "2001-07": {
            "month": "2001-07",
            "price": "16.95",
            "revenue": 37481
        },
        "2001-08": {
            "month": "2001-08",
            "price": "15.43",
            "revenue": 43186
        },
        "2001-09": {
            "month": "2001-09",
            "price": "11.81",
            "revenue": 46545
        },
        "2001-10": {
            "month": "2001-10",
            "price": "11.15",
            "revenue": 60012
        },
        "2001-11": {
            "month": "2001-11",
            "price": "15.96",
            "revenue": 63551
        },
        "2001-12": {
            "month": "2001-12",
            "price": "22.20",
            "revenue": 51759
        },
        "2002-01": {
            "month": "2002-01",
            "price": "23.85",
            "revenue": 52229
        },
        "2002-02": {
            "month": "2002-02",
            "price": "22.58",
            "revenue": 42408
        },
        "2002-03": {
            "month": "2002-03",
            "price": "25.44",
            "revenue": 53391
        },
        "2002-04": {
            "month": "2002-04",
            "price": "24.56",
            "revenue": 45540
        },
        "2002-05": {
            "month": "2002-05",
            "price": "18.94",
            "revenue": 45315
        },
        "2002-06": {
            "month": "2002-06",
            "price": "16.99",
            "revenue": 40026
        },
        "2002-07": {
            "month": "2002-07",
            "price": "14.09",
            "revenue": 50437
        },
        "2002-08": {
            "month": "2002-08",
            "price": "13.65",
            "revenue": 61417
        },
        "2002-09": {
            "month": "2002-09",
            "price": "14.13",
            "revenue": 65584
        },
        "2002-10": {
            "month": "2002-10",
            "price": "14.19",
            "revenue": 60109
        },
        "2002-11": {
            "month": "2002-11",
            "price": "14.07",
            "revenue": 63948
        },
        "2002-12": {
            "month": "2002-12",
            "price": "13.60",
            "revenue": 31103
        },
        "2003-01": {
            "month": "2003-01",
            "price": "13.30",
            "revenue": 34115
        },
        "2003-02": {
            "month": "2003-02",
            "price": "13.20",
            "revenue": 43755
        },
        "2003-03": {
            "month": "2003-03",
            "price": "13.02",
            "revenue": 45906
        },
        "2003-04": {
            "month": "2003-04",
            "price": "12.52",
            "revenue": 51560
        },
        "2003-05": {
            "month": "2003-05",
            "price": "11.74",
            "revenue": 47415
        },
        "2003-06": {
            "month": "2003-06",
            "price": "14.47",
            "revenue": 31721
        },
        "2003-07": {
            "month": "2003-07",
            "price": "15.31",
            "revenue": 48755
        },
        "2003-08": {
            "month": "2003-08",
            "price": "15.21",
            "revenue": 40190
        },
        "2003-09": {
            "month": "2003-09",
            "price": "15.64",
            "revenue": 40887
        },
        "2003-10": {
            "month": "2003-10",
            "price": "14.26",
            "revenue": 50327
        },
        "2003-11": {
            "month": "2003-11",
            "price": "14.84",
            "revenue": 50196
        },
        "2003-12": {
            "month": "2003-12",
            "price": "14.42",
            "revenue": 40802
        },
        "2004-01": {
            "month": "2004-01",
            "price": "14.57",
            "revenue": 31210
        },
        "2004-02": {
            "month": "2004-02",
            "price": "15.56",
            "revenue": 47579
        },
        "2004-03": {
            "month": "2004-03",
            "price": "14.99",
            "revenue": 69071
        },
        "2004-04": {
            "month": "2004-04",
            "price": "15.39",
            "revenue": 61041
        },
        "2004-05": {
            "month": "2004-05",
            "price": "13.54",
            "revenue": 60689
        },
        "2004-06": {
            "month": "2004-06",
            "price": "13.19",
            "revenue": 52681
        },
        "2004-07": {
            "month": "2004-07",
            "price": "12.67",
            "revenue": 50900
        },
        "2004-08": {
            "month": "2004-08",
            "price": "12.08",
            "revenue": 52333
        },
        "2004-09": {
            "month": "2004-09",
            "price": "11.77",
            "revenue": 51040
        },
        "2004-10": {
            "month": "2004-10",
            "price": "11.53",
            "revenue": 62177
        },
        "2004-11": {
            "month": "2004-11",
            "price": "10.96",
            "revenue": 58252
        },
        "2004-12": {
            "month": "2004-12",
            "price": "10.87",
            "revenue": 45577
        },
        "2005-01": {
            "month": "2005-01",
            "price": "10.74",
            "revenue": 55389
        },
        "2005-02": {
            "month": "2005-02",
            "price": "11.37",
            "revenue": 45442
        },
        "2005-03": {
            "month": "2005-03",
            "price": "11.50",
            "revenue": 65634
        },
        "2005-04": {
            "month": "2005-04",
            "price": "10.87",
            "revenue": 58146
        },
        "2005-05": {
            "month": "2005-05",
            "price": "10.69",
            "revenue": 58137
        },
        "2005-06": {
            "month": "2005-06",
            "price": "11.81",
            "revenue": 60016
        },
        "2005-07": {
            "month": "2005-07",
            "price": "13.09",
            "revenue": 49579
        },
        "2005-08": {
            "month": "2005-08",
            "price": "11.43",
            "revenue": 52277
        },
        "2005-09": {
            "month": "2005-09",
            "price": "11.30",
            "revenue": 50670
        },
        "2005-10": {
            "month": "2005-10",
            "price": "11.36",
            "revenue": 53674
        },
        "2005-11": {
            "month": "2005-11",
            "price": "12.50",
            "revenue": 55266
        },
        "2005-12": {
            "month": "2005-12",
            "price": "13.15",
            "revenue": 53869
        },
        "2006-01": {
            "month": "2006-01",
            "price": "13.93",
            "revenue": 51190
        },
        "2006-02": {
            "month": "2006-02",
            "price": "12.93",
            "revenue": 53312
        },
        "2006-03": {
            "month": "2006-03",
            "price": "13.78",
            "revenue": 61173
        },
        "2006-04": {
            "month": "2006-04",
            "price": "14.94",
            "revenue": 56599
        },
        "2006-05": {
            "month": "2006-05",
            "price": "15.49",
            "revenue": 54113
        },
        "2006-06": {
            "month": "2006-06",
            "price": "15.17",
            "revenue": 62658
        },
        "2006-07": {
            "month": "2006-07",
            "price": "14.10",
            "revenue": 53412
        },
        "2006-08": {
            "month": "2006-08",
            "price": "13.00",
            "revenue": 67079
        },
        "2006-09": {
            "month": "2006-09",
            "price": "13.13",
            "revenue": 72587
        },
        "2006-10": {
            "month": "2006-10",
            "price": "14.44",
            "revenue": 73767
        },
        "2006-11": {
            "month": "2006-11",
            "price": "15.49",
            "revenue": 78572
        },
        "2006-12": {
            "month": "2006-12",
            "price": "18.27",
            "revenue": 55279
        },
        "2007-01": {
            "month": "2007-01",
            "price": "17.26",
            "revenue": 61272
        },
        "2007-02": {
            "month": "2007-02",
            "price": "19.39",
            "revenue": 41983
        },
        "2007-03": {
            "month": "2007-03",
            "price": "19.56",
            "revenue": 57777
        },
        "2007-04": {
            "month": "2007-04",
            "price": "33.89",
            "revenue": 56394
        },
        "2007-05": {
            "month": "2007-05",
            "price": "35.03",
            "revenue": 70533
        },
        "2007-06": {
            "month": "2007-06",
            "price": "37.47",
            "revenue": 68691
        },
        "2007-07": {
            "month": "2007-07",
            "price": "67.86",
            "revenue": 67996
        },
        "2007-08": {
            "month": "2007-08",
            "price": "53.61",
            "revenue": 73328
        },
        "2007-09": {
            "month": "2007-09",
            "price": "58.25",
            "revenue": 64090
        },
        "2007-10": {
            "month": "2007-10",
            "price": "54.33",
            "revenue": 77166
        },
        "2007-11": {
            "month": "2007-11",
            "price": "38.58",
            "revenue": 71358
        },
        "2007-12": {
            "month": "2007-12",
            "price": "37.58",
            "revenue": 50124
        },
        "2008-01": {
            "month": "2008-01",
            "price": "42.28",
            "revenue": 65784
        },
        "2008-02": {
            "month": "2008-02",
            "price": "32.47",
            "revenue": 44227
        },
        "2008-03": {
            "month": "2008-03",
            "price": "34.71",
            "revenue": 67511
        },
        "2008-04": {
            "month": "2008-04",
            "price": "40.57",
            "revenue": 66000
        },
        "2008-05": {
            "month": "2008-05",
            "price": "38.29",
            "revenue": 70295
        },
        "2008-06": {
            "month": "2008-06",
            "price": "29.91",
            "revenue": 64470
        },
        "2008-07": {
            "month": "2008-07",
            "price": "24.32",
            "revenue": 58902
        },
        "2008-08": {
            "month": "2008-08",
            "price": "23.76",
            "revenue": 55957
        },
        "2008-09": {
            "month": "2008-09",
            "price": "15.28",
            "revenue": 53452
        },
        "2008-10": {
            "month": "2008-10",
            "price": "15.39",
            "revenue": 41680
        },
        "2008-11": {
            "month": "2008-11",
            "price": "12.23",
            "revenue": 40177
        },
        "2008-12": {
            "month": "2008-12",
            "price": "11.58",
            "revenue": 29170
        },
        "2009-01": {
            "month": "2009-01",
            "price": "11.96",
            "revenue": 21136
        },
        "2009-02": {
            "month": "2009-02",
            "price": "11.60",
            "revenue": 38484
        },
        "2009-03": {
            "month": "2009-03",
            "price": "13.42",
            "revenue": 64100
        },
        "2009-04": {
            "month": "2009-04",
            "price": "15.14",
            "revenue": 67636
        },
        "2009-05": {
            "month": "2009-05",
            "price": "15.59",
            "revenue": 61223
        },
        "2009-06": {
            "month": "2009-06",
            "price": "15.56",
            "revenue": 63630
        },
        "2009-07": {
            "month": "2009-07",
            "price": "16.23",
            "revenue": 64404
        },
        "2009-08": {
            "month": "2009-08",
            "price": "15.51",
            "revenue": 62616
        },
        "2009-09": {
            "month": "2009-09",
            "price": "15.51",
            "revenue": 56373
        },
        "2009-10": {
            "month": "2009-10",
            "price": "16.35",
            "revenue": 63224
        },
        "2009-11": {
            "month": "2009-11",
            "price": "19.26",
            "revenue": 64365
        },
        "2009-12": {
            "month": "2009-12",
            "price": "22.71",
            "revenue": 53848
        },
        "2010-01": {
            "month": "2010-01",
            "price": "21.32",
            "revenue": 51330
        },
        "2010-02": {
            "month": "2010-02",
            "price": "17.80",
            "revenue": 52305
        },
        "2010-03": {
            "month": "2010-03",
            "price": "19.37",
            "revenue": 68736
        },
        "2010-04": {
            "month": "2010-04",
            "price": "20.39",
            "revenue": 82553
        },
        "2010-05": {
            "month": "2010-05",
            "price": "18.89",
            "revenue": 74928
        },
        "2010-06": {
            "month": "2010-06",
            "price": "18.87",
            "revenue": 66469
        },
        "2010-07": {
            "month": "2010-07",
            "price": "19.85",
            "revenue": 72219
        },
        "2010-08": {
            "month": "2010-08",
            "price": "21.38",
            "revenue": 67426
        },
        "2010-09": {
            "month": "2010-09",
            "price": "20.75",
            "revenue": 67761
        },
        "2010-10": {
            "month": "2010-10",
            "price": "19.88",
            "revenue": 67446
        },
        "2010-11": {
            "month": "2010-11",
            "price": "18.14",
            "revenue": 66210
        },
        "2010-12": {
            "month": "2010-12",
            "price": "18.40",
            "revenue": 80132
        },
        "2011-01": {
            "month": "2011-01",
            "price": "18.24",
            "revenue": 55630
        },
        "2011-02": {
            "month": "2011-02",
            "price": "18.05",
            "revenue": 53646
        },
        "2011-03": {
            "month": "2011-03",
            "price": "17.20",
            "revenue": 80316
        },
        "2011-04": {
            "month": "2011-04",
            "price": "16.65",
            "revenue": 71535
        },
        "2011-05": {
            "month": "2011-05",
            "price": "14.33",
            "revenue": 72196
        },
        "2011-06": {
            "month": "2011-06",
            "price": "12.58",
            "revenue": 71679
        },
        "2011-07": {
            "month": "2011-07",
            "price": "11.42",
            "revenue": 62576
        },
        "2011-08": {
            "month": "2011-08",
            "price": "9.10",
            "revenue": 61598
        },
        "2011-09": {
            "month": "2011-09",
            "price": "8.18",
            "revenue": 61239
        },
        "2011-10": {
            "month": "2011-10",
            "price": "8.19",
            "revenue": 53116
        },
        "2011-11": {
            "month": "2011-11",
            "price": "7.35",
            "revenue": 50705
        },
        "2011-12": {
            "month": "2011-12",
            "price": "6.48",
            "revenue": 52493
        },
        "2012-01": {
            "month": "2012-01",
            "price": "7.19",
            "revenue": 20375
        },
        "2012-02": {
            "month": "2012-02",
            "price": "9.85",
            "revenue": 34079
        },
        "2012-03": {
            "month": "2012-03",
            "price": "8.89",
            "revenue": 43874
        },
        "2012-04": {
            "month": "2012-04",
            "price": "7.25",
            "revenue": 51753
        },
        "2012-05": {
            "month": "2012-05",
            "price": "6.81",
            "revenue": 44054
        },
        "2012-06": {
            "month": "2012-06",
            "price": "6.28",
            "revenue": 37742
        },
        "2012-07": {
            "month": "2012-07",
            "price": "6.25",
            "revenue": 36742
        },
        "2012-08": {
            "month": "2012-08",
            "price": "5.57",
            "revenue": 45652
        },
        "2012-09": {
            "month": "2012-09",
            "price": "5.65",
            "revenue": 39368
        },
        "2012-10": {
            "month": "2012-10",
            "price": "5.26",
            "revenue": 43641
        },
        "2012-11": {
            "month": "2012-11",
            "price": "4.84",
            "revenue": 45730
        },
        "2012-12": {
            "month": "2012-12",
            "price": "5.68",
            "revenue": 53019
        },
        "2013-01": {
            "month": "2013-01",
            "price": "5.68",
            "revenue": 54061
        },
        "2013-02": {
            "month": "2013-02",
            "price": "5.66",
            "revenue": 30961
        },
        "2013-03": {
            "month": "2013-03",
            "price": "5.57",
            "revenue": 37738
        },
        "2013-04": {
            "month": "2013-04",
            "price": "5.67",
            "revenue": 49713
        },
        "2013-05": {
            "month": "2013-05",
            "price": "6.95",
            "revenue": 49866
        },
        "2013-06": {
            "month": "2013-06",
            "price": "6.27",
            "revenue": 31348
        },
        "2013-07": {
            "month": "2013-07",
            "price": "6.00",
            "revenue": 35006
        },
        "2013-08": {
            "month": "2013-08",
            "price": "5.59",
            "revenue": 24774
        },
        "2013-09": {
            "month": "2013-09",
            "price": "5.85",
            "revenue": 30626
        },
        "2013-10": {
            "month": "2013-10",
            "price": "6.38",
            "revenue": 45558
        },
        "2013-11": {
            "month": "2013-11",
            "price": "6.34",
            "revenue": 30872
        },
        "2013-12": {
            "month": "2013-12",
            "price": "6.40",
            "revenue": 36336
        },
        "2014-01": {
            "month": "2014-01",
            "price": "7.17",
            "revenue": 23984
        },
        "2014-02": {
            "month": "2014-02",
            "price": "7.07",
            "revenue": 24622
        },
        "2014-03": {
            "month": "2014-03",
            "price": "7.12",
            "revenue": 13405
        },
        "2014-04": {
            "month": "2014-04",
            "price": "6.77",
            "revenue": 21923
        },
        "2014-05": {
            "month": "2014-05",
            "price": "7.71",
            "revenue": 22174
        },
        "2014-06": {
            "month": "2014-06",
            "price": "11.38",
            "revenue": 27872
        },
        "2014-07": {
            "month": "2014-07",
            "price": "10.53",
            "revenue": 22250
        },
        "2014-08": {
            "month": "2014-08",
            "price": "9.59",
            "revenue": 16123
        },
        "2014-09": {
            "month": "2014-09",
            "price": "8.99",
            "revenue": 16994
        },
        "2014-10": {
            "month": "2014-10",
            "price": "8.06",
            "revenue": 27125
        },
        "2014-11": {
            "month": "2014-11",
            "price": "7.53",
            "revenue": 23065
        },
        "2014-12": {
            "month": "2014-12",
            "price": "7.40",
            "revenue": 16996
        },
        "2015-01": {
            "month": "2015-01",
            "price": "7.69",
            "revenue": 23967
        },
        "2015-02": {
            "month": "2015-02",
            "price": "7.74",
            "revenue": 7789
        },
        "2015-03": {
            "month": "2015-03",
            "price": "7.30",
            "revenue": 17359
        },
        "2015-04": {
            "month": "2015-04",
            "price": "11.15",
            "revenue": 18707
        },
        "2015-05": {
            "month": "2015-05",
            "price": "10.16",
            "revenue": 15539
        },
        "2015-06": {
            "month": "2015-06",
            "price": "7.99",
            "revenue": 19600
        },
        "2015-07": {
            "month": "2015-07",
            "price": "7.13",
            "revenue": 17466
        },
        "2015-08": {
            "month": "2015-08",
            "price": "5.28",
            "revenue": 19779
        },
        "2015-09": {
            "month": "2015-09",
            "price": "5.50",
            "revenue": 19759
        },
        "2015-10": {
            "month": "2015-10",
            "price": "6.01",
            "revenue": 17380
        },
        "2015-11": {
            "month": "2015-11",
            "price": "5.94",
            "revenue": 19904
        },
        "2015-12": {
            "month": "2015-12",
            "price": "5.59",
            "revenue": 20497
        },
        "2016-01": {
            "month": "2016-01",
            "price": "5.86",
            "revenue": 16731
        },
        "2016-02": {
            "month": "2016-02",
            "price": "6.38",
            "revenue": 8254
        },
        "2016-03": {
            "month": "2016-03",
            "price": "6.92",
            "revenue": 26173
        },
        "2016-04": {
            "month": "2016-04",
            "price": "7.60",
            "revenue": 18522
        },
        "2016-05": {
            "month": "2016-05",
            "price": "7.96",
            "revenue": 16599
        },
        "2016-06": {
            "month": "2016-06",
            "price": "7.86",
            "revenue": 17492
        },
        "2016-07": {
            "month": "2016-07",
            "price": "7.48",
            "revenue": 16854
        },
        "2016-08": {
            "month": "2016-08",
            "price": "6.96",
            "revenue": 19788
        },
        "2016-09": {
            "month": "2016-09",
            "price": "6.88",
            "revenue": 21661
        },
        "2016-10": {
            "month": "2016-10",
            "price": "6.41",
            "revenue": 18452
        },
        "2016-11": {
            "month": "2016-11",
            "price": "5.95",
            "revenue": 23117
        },
        "2016-12": {
            "month": "2016-12",
            "price": "5.53",
            "revenue": 26541
        },
        "2017-01": {
            "month": "2017-01",
            "price": "5.64",
            "revenue": 11381
        },
        "2017-02": {
            "month": "2017-02",
            "price": "6.00",
            "revenue": 15490
        },
        "2017-03": {
            "month": "2017-03",
            "price": "5.94",
            "revenue": 19727
        },
        "2017-04": {
            "month": "2017-04",
            "price": "5.63",
            "revenue": 24235
        },
        "2017-05": {
            "month": "2017-05",
            "price": "6.83",
            "revenue": 26188
        },
        "2017-06": {
            "month": "2017-06",
            "price": "6.72",
            "revenue": 22461
        },
        "2017-07": {
            "month": "2017-07",
            "price": "6.06",
            "revenue": 22955
        },
        "2017-08": {
            "month": "2017-08",
            "price": "5.84",
            "revenue": 21797
        },
        "2017-09": {
            "month": "2017-09",
            "price": "6.95",
            "revenue": 23045
        },
        "2017-10": {
            "month": "2017-10",
            "price": "11.10",
            "revenue": 26778
        },
        "2017-11": {
            "month": "2017-11",
            "price": "10.36",
            "revenue": 26192
        },
        "2017-12": {
            "month": "2017-12",
            "price": "9.46",
            "revenue": 25126
        },
        "2018-01": {
            "month": "2018-01",
            "price": "9.24",
            "revenue": 28422
        },
        "2018-02": {
            "month": "2018-02",
            "price": "13.57",
            "revenue": 24313
        },
        "2018-03": {
            "month": "2018-03",
            "price": "18.38",
            "revenue": 35073
        },
        "2018-04": {
            "month": "2018-04",
            "price": "17.22",
            "revenue": 28497
        },
        "2018-05": {
            "month": "2018-05",
            "price": "14.33",
            "revenue": 31746
        },
        "2018-06": {
            "month": "2018-06",
            "price": "16.72",
            "revenue": 27147
        },
        "2018-07": {
            "month": "2018-07",
            "price": "14.32",
            "revenue": 25882
        },
        "2018-08": {
            "month": "2018-08",
            "price": "11.73",
            "revenue": 24993
        },
        "2018-09": {
            "month": "2018-09",
            "price": "11.71",
            "revenue": 19423
        },
        "2018-10": {
            "month": "2018-10",
            "price": "10.77",
            "revenue": 19245
        },
        "2018-11": {
            "month": "2018-11",
            "price": "9.65",
            "revenue": 21126
        },
        "2018-12": {
            "month": "2018-12",
            "price": "9.72",
            "revenue": 18949
        },
        "2019-01": {
            "month": "2019-01",
            "price": "9.10",
            "revenue": 16803
        },
        "2019-02": {
            "month": "2019-02",
            "price": "9.08",
            "revenue": 10074
        },
        "2019-03": {
            "month": "2019-03",
            "price": "8.86",
            "revenue": 13071
        },
        "2019-04": {
            "month": "2019-04",
            "price": "8.31",
            "revenue": 17832
        },
        "2019-05": {
            "month": "2019-05",
            "price": "7.04",
            "revenue": 16201
        },
        "2019-06": {
            "month": "2019-06",
            "price": "6.79",
            "revenue": 13408
        },
        "2019-07": {
            "month": "2019-07",
            "price": "6.55",
            "revenue": 15180
        },
        "2019-08": {
            "month": "2019-08",
            "price": "5.58",
            "revenue": 11974
        },
        "2019-09": {
            "month": "2019-09",
            "price": "5.42",
            "revenue": 11922
        },
        "2019-10": {
            "month": "2019-10",
            "price": "5.90",
            "revenue": 14565
        },
        "2019-11": {
            "month": "2019-11",
            "price": "6.42",
            "revenue": 12953
        },
        "2019-12": {
            "month": "2019-12",
            "price": "6.74",
            "revenue": 12018
        },
        "2020-01": {
            "month": "2020-01",
            "price": "7.00",
            "revenue": 10142
        },
        "2020-02": {
            "month": "2020-02",
            "price": "7.04",
            "revenue": 6420
        },
        "2020-03": {
            "month": "2020-03",
            "price": "6.14",
            "revenue": 14554
        },
        "2020-04": {
            "month": "2020-04",
            "price": "5.93",
            "revenue": 11065
        },
        "2020-05": {
            "month": "2020-05",
            "price": "6.12",
            "revenue": 11806
        },
        "2020-06": {
            "month": "2020-06",
            "price": "6.02",
            "revenue": 10110
        },
        "2020-07": {
            "month": "2020-07",
            "price": "6.03",
            "revenue": 10193
        },
        "2020-08": {
            "month": "2020-08",
            "price": "6.06",
            "revenue": 11086
        },
        "2020-09": {
            "month": "2020-09",
            "price": "19.31",
            "revenue": 11126
        },
        "2020-10": {
            "month": "2020-10",
            "price": "26.18",
            "revenue": 12439
        },
        "2020-11": {
            "month": "2020-11",
            "price": "26.23",
            "revenue": 9379
        },
        "2020-12": {
            "month": "2020-12",
            "price": "26.92",
            "revenue": 14261
        },
        "2021-01": {
            "month": "2021-01",
            "price": "26.84",
            "revenue": 13487
        },
        "2021-02": {
            "month": "2021-02",
            "price": "26.69",
            "revenue": 6838
        },
        "2021-03": {
            "month": "2021-03",
            "price": "29.12",
            "revenue": 13311
        },
        "2021-04": {
            "month": "2021-04",
            "price": "38.63",
            "revenue": 13600
        },
        "2021-05": {
            "month": "2021-05",
            "price": "38.28",
            "revenue": 11842
        },
        "2021-06": {
            "month": "2021-06",
            "price": "38.41",
            "revenue": 14887
        },
        "2021-07": {
            "month": "2021-07",
            "price": "44.70",
            "revenue": 13151
        },
        "2021-08": {
            "month": "2021-08",
            "price": "39.50",
            "revenue": 14297
        },
        "2021-09": {
            "month": "2021-09",
            "price": "38.63",
            "revenue": 10851
        },
        "2021-10": {
            "month": "2021-10",
            "price": "36.98",
            "revenue": 5596
        },
        "2021-11": {
            "month": "2021-11",
            "price": "39.52",
            "revenue": 8787
        },
        "2021-12": {
            "month": "2021-12",
            "price": "39.81",
            "revenue": 8888
        },
        "2022-01": {
            "month": "2022-01",
            "price": "38.16",
            "revenue": 7789
        },
        "2022-02": {
            "month": "2022-02",
            "price": "37.22",
            "revenue": 5599
        },
        "2022-03": {
            "month": "2022-03",
            "price": "35.64",
            "revenue": 8308
        },
        "2022-04": {
            "month": "2022-04",
            "price": "34.88",
            "revenue": 11453
        },
        "2022-05": {
            "month": "2022-05",
            "price": "34.24",
            "revenue": 8654
        },
        "2022-06": {
            "month": "2022-06",
            "price": "32.94",
            "revenue": 6671
        },
        "2022-07": {
            "month": "2022-07",
            "price": "31.42",
            "revenue": 7060
        },
        "2022-08": {
            "month": "2022-08",
            "price": "30.08",
            "revenue": 7716
        },
        "2022-09": {
            "month": "2022-09",
            "price": "28.83",
            "revenue": 8377
        },
        "2022-10": {
            "month": "2022-10",
            "price": "27.68",
            "revenue": 7394
        },
        "2022-11": {
            "month": "2022-11",
            "price": "29.09",
            "revenue": 7313
        },
        "2022-12": {
            "month": "2022-12",
            "price": "28.70",
            "revenue": 5733
        },
        "2023-01": {
            "month": "2023-01",
            "price": "28.28",
            "revenue": 3268
        },
        "2023-02": {
            "month": "2023-02",
            "price": "28.01",
            "revenue": 3210
        },
        "2023-03": {
            "month": "2023-03",
            "price": "30.00",
            "revenue": 4259
        },
        "2023-04": {
            "month": "2023-04",
            "price": "29.86",
            "revenue": 4847
        },
        "2023-05": {
            "month": "2023-05",
            "price": "30.14",
            "revenue": 4795
        },
        "2023-06": {
            "month": "2023-06",
            "price": "30.54",
            "revenue": 3930
        },
        "2023-07": {
            "month": "2023-07",
            "price": "30.48",
            "revenue": 6338
        },
        "2023-08": {
            "month": "2023-08",
            "price": "31.64",
            "revenue": 5833
        },
        "2023-09": {
            "month": "2023-09",
            "price": "36.13",
            "revenue": 8257
        },
        "2023-10": {
            "month": "2023-10",
            "price": "33.32",
            "revenue": 7391
        },
        "2023-11": {
            "month": "2023-11",
            "price": "32.57",
            "revenue": 4141
        },
        "2023-12": {
            "month": "2023-12",
            "price": "34.07",
            "revenue": 6810
        }
    }
}
