{
    "summary": {
        "stock_name": "偉詮電",
        "stock_id": "2436",
        "category": "半導體",
        "main_business": "研發生產銷售數位類比混合式特殊應用IC。<br>研發生產銷售數位式積體電路、類比式IC。<br>兼營與本公司業務相關之進出口貿易業務。",
        "website_url": "http://www.weltrend.com.tw",
        "ceo": "林崇燾",
        "pe_ratio": 100,
        "report_year_from": 2001,
        "report_year_to": 2023,
        "age": 22,
        "eps_negative_percentage": 0,
        "eps_growth_avg": {
            "last_all": 11.34,
            "last_2y": 8.32,
            "last_4y": 19.84,
            "last_8y": 23.25,
            "last_12y": 17.14,
            "last_16y": 21.31,
            "last_20y": 11.34,
            "at_2006_last_3y": -6.75,
            "at_2007_last_3y": 20.6,
            "at_2008_last_3y": 20.92,
            "at_2009_last_3y": 34.84,
            "at_2010_last_3y": 26.76,
            "at_2011_last_3y": -13.24,
            "at_2012_last_3y": -12.23,
            "at_2013_last_3y": 3.39,
            "at_2014_last_3y": 11.37,
            "at_2015_last_3y": 16,
            "at_2016_last_3y": 38.06,
            "at_2017_last_3y": 27.51,
            "at_2018_last_3y": 1.74,
            "at_2019_last_3y": 37.11,
            "at_2020_last_3y": 34.38,
            "at_2021_last_3y": 44.92,
            "at_2022_last_3y": 31.24,
            "at_2023_last_3y": 31.24,
            "at_2006_last_all": -9.26,
            "at_2007_last_all": 8.95,
            "at_2008_last_all": -3.17,
            "at_2009_last_all": 1.91,
            "at_2010_last_all": 6.75,
            "at_2011_last_all": 0.07,
            "at_2012_last_all": -6.47,
            "at_2013_last_all": 2.41,
            "at_2014_last_all": 8.17,
            "at_2015_last_all": 4.62,
            "at_2016_last_all": 5.41,
            "at_2017_last_all": 8.68,
            "at_2018_last_all": 6.66,
            "at_2019_last_all": 11.84,
            "at_2020_last_all": 11.51,
            "at_2021_last_all": 15.93,
            "at_2022_last_all": 11.34,
            "at_2023_last_all": 11.34
        },
        "latest_eps": 0.3,
        "latest_price": 51.9,
        "latest_roe": 0.08,
        "latest_gross_margin": 22.99,
        "latest_equity": 3859370,
        "latest_revenue": 560925,
        "latest_gross_profit": 128948,
        "latest_net_income": 26042,
        "latest_debt_ratio": 33.08,
        "latest_current_ratio": 245.47,
        "latest_account_receivable_turnover_ratio": 0.77,
        "latest_inventory_turnover_ratio": 0.29,
        "latest_reinvestment_rate": 7.54,
        "latest_research_to_sale_ratio": 19.24
    },
    "eps_dividends": {
        "1995": {
            "cash": 0,
            "stock": 4,
            "eps": 0
        },
        "1996": {
            "cash": 0,
            "stock": 6.2,
            "eps": 0
        },
        "1997": {
            "cash": 0,
            "stock": 2.8,
            "eps": 0
        },
        "1998": {
            "cash": 0,
            "stock": 4,
            "eps": 0
        },
        "1999": {
            "cash": 0,
            "stock": 2,
            "eps": 0
        },
        "2000": {
            "cash": 3,
            "stock": 3,
            "eps": 0
        },
        "2001": {
            "cash": 3.6,
            "stock": 2.8,
            "eps": 2.64
        },
        "2002": {
            "cash": 2.1,
            "stock": 1.5,
            "eps": 2.13
        },
        "2003": {
            "cash": 0.6,
            "stock": 1.2,
            "eps": 1.93
        },
        "2004": {
            "cash": 0.84,
            "stock": 0.63,
            "eps": 0.44
        },
        "2005": {
            "cash": 0.3,
            "stock": 0,
            "eps": 0.36
        },
        "2006": {
            "cash": 0.25,
            "stock": 0,
            "eps": 0.64
        },
        "2007": {
            "cash": 0.3,
            "stock": 0.3,
            "eps": 1.66
        },
        "2008": {
            "cash": 0.1,
            "stock": 0.9,
            "eps": 0.4
        },
        "2009": {
            "cash": 0,
            "stock": 0,
            "eps": 0.55
        },
        "2010": {
            "cash": 0.8,
            "stock": 0,
            "eps": 0.8
        },
        "2011": {
            "cash": 0.75,
            "stock": 0,
            "eps": 0.32
        },
        "2012": {
            "cash": 0,
            "stock": 0,
            "eps": 0.09
        },
        "2013": {
            "cash": 0.3,
            "stock": 0,
            "eps": 0.53
        },
        "2014": {
            "cash": 0.18,
            "stock": 0,
            "eps": 0.94
        },
        "2015": {
            "cash": 0.9,
            "stock": 0,
            "eps": 0.55
        },
        "2016": {
            "cash": 0.5,
            "stock": 0,
            "eps": 0.64
        },
        "2017": {
            "cash": 0.5,
            "stock": 0,
            "eps": 1.01
        },
        "2018": {
            "cash": 0.6,
            "stock": 0,
            "eps": 0.75
        },
        "2019": {
            "cash": 1,
            "stock": 0,
            "eps": 1.84
        },
        "2020": {
            "cash": 1.5,
            "stock": 0,
            "eps": 1.94
        },
        "2021": {
            "cash": 1.6,
            "stock": 0,
            "eps": 4.25
        },
        "2022": {
            "cash": 3,
            "stock": 0,
            "eps": 0.83
        },
        "2023": {
            "cash": 1.2,
            "stock": 0,
            "eps": 0.21
        }
    },
    "dividends": {
        "1995-03-06": {
            "cash": 0,
            "stock": 4
        },
        "1996-04-09": {
            "cash": 0,
            "stock": 6.2
        },
        "1997-04-29": {
            "cash": 0,
            "stock": 2.8
        },
        "1998-04-29": {
            "cash": 0,
            "stock": 4
        },
        "1999-05-19": {
            "cash": 0,
            "stock": 2
        },
        "2000-05-23": {
            "cash": 3,
            "stock": 3
        },
        "2001-05-25": {
            "cash": 3.6,
            "stock": 2.8
        },
        "2002-06-25": {
            "cash": 2.1,
            "stock": 1.5
        },
        "2003-03-17": {
            "cash": 0.6,
            "stock": 1.2
        },
        "2004-03-29": {
            "cash": 0.84,
            "stock": 0.63
        },
        "2005-03-23": {
            "cash": 0.3,
            "stock": 0
        },
        "2006-03-27": {
            "cash": 0.25,
            "stock": 0
        },
        "2007-03-27": {
            "cash": 0.3,
            "stock": 0.3
        },
        "2008-03-25": {
            "cash": 0.1,
            "stock": 0.9
        },
        "2010-03-25": {
            "cash": 0.8,
            "stock": 0
        },
        "2011-03-21": {
            "cash": 0.75,
            "stock": 0
        },
        "2013-03-25": {
            "cash": 0.3,
            "stock": 0
        },
        "2014-09-22": {
            "cash": 0.18,
            "stock": 0
        },
        "2015-09-09": {
            "cash": 0.9,
            "stock": 0
        },
        "2016-08-09": {
            "cash": 0.5,
            "stock": 0
        },
        "2017-10-18": {
            "cash": 0.5,
            "stock": 0
        },
        "2018-08-02": {
            "cash": 0.6,
            "stock": 0
        },
        "2019-07-31": {
            "cash": 1,
            "stock": 0
        },
        "2020-07-28": {
            "cash": 1.5,
            "stock": 0
        },
        "2021-08-20": {
            "cash": 1.6,
            "stock": 0
        },
        "2022-09-30": {
            "cash": 3,
            "stock": 0
        },
        "2023-02-24": {
            "cash": 1.2,
            "stock": 0
        }
    },
    "prices": {
        "200101": "56.31",
        "200102": "68.00",
        "200103": "66.61",
        "200104": "73.30",
        "200105": "67.68",
        "200106": "64.22",
        "200107": "38.53",
        "200108": "40.10",
        "200109": "28.99",
        "200110": "21.36",
        "200111": "29.65",
        "200112": "45.57",
        "200201": "50.59",
        "200202": "53.25",
        "200203": "55.55",
        "200204": "52.16",
        "200205": "43.94",
        "200206": "40.34",
        "200207": "37.81",
        "200208": "32.29",
        "200209": "34.92",
        "200210": "34.97",
        "200211": "35.29",
        "200212": "32.92",
        "200301": "30.71",
        "200302": "26.72",
        "200303": "27.89",
        "200304": "26.89",
        "200305": "24.77",
        "200306": "27.46",
        "200307": "28.54",
        "200308": "24.23",
        "200309": "24.15",
        "200310": "24.72",
        "200311": "25.08",
        "200312": "26.10",
        "200401": "27.11",
        "200402": "26.20",
        "200403": "25.70",
        "200404": "25.24",
        "200405": "20.95",
        "200406": "20.02",
        "200407": "17.96",
        "200408": "16.60",
        "200409": "15.71",
        "200410": "14.68",
        "200411": "13.09",
        "200412": "12.73",
        "200501": "12.74",
        "200502": "13.32",
        "200503": "14.66",
        "200504": "13.41",
        "200505": "11.13",
        "200506": "13.18",
        "200507": "14.23",
        "200508": "12.90",
        "200509": "11.19",
        "200510": "10.90",
        "200511": "11.50",
        "200512": "14.03",
        "200601": "14.16",
        "200602": "12.64",
        "200603": "12.22",
        "200604": "13.35",
        "200605": "13.02",
        "200606": "11.08",
        "200607": "10.89",
        "200608": "10.95",
        "200609": "10.86",
        "200610": "11.37",
        "200611": "13.48",
        "200612": "14.84",
        "200701": "20.67",
        "200702": "21.52",
        "200703": "24.63",
        "200704": "25.62",
        "200705": "24.56",
        "200706": "38.95",
        "200707": "48.38",
        "200708": "45.71",
        "200709": "43.89",
        "200710": "41.18",
        "200711": "34.56",
        "200712": "34.92",
        "200801": "31.78",
        "200802": "27.03",
        "200803": "29.86",
        "200804": "33.16",
        "200805": "34.23",
        "200806": "28.37",
        "200807": "23.32",
        "200808": "26.10",
        "200809": "19.07",
        "200810": "17.02",
        "200811": "13.24",
        "200812": "11.96",
        "200901": "12.75",
        "200902": "13.63",
        "200903": "17.44",
        "200904": "17.93",
        "200905": "22.32",
        "200906": "22.64",
        "200907": "24.93",
        "200908": "24.82",
        "200909": "24.85",
        "200910": "26.35",
        "200911": "26.98",
        "200912": "28.93",
        "201001": "29.09",
        "201002": "24.58",
        "201003": "26.46",
        "201004": "26.53",
        "201005": "23.16",
        "201006": "22.83",
        "201007": "22.44",
        "201008": "23.62",
        "201009": "26.99",
        "201010": "26.08",
        "201011": "25.16",
        "201012": "25.89",
        "201101": "25.11",
        "201102": "24.13",
        "201103": "21.73",
        "201104": "20.70",
        "201105": "21.12",
        "201106": "19.39",
        "201107": "16.87",
        "201108": "17.37",
        "201109": "16.93",
        "201110": "18.21",
        "201111": "16.97",
        "201112": "13.74",
        "201201": "13.92",
        "201202": "16.49",
        "201203": "16.55",
        "201204": "14.15",
        "201205": "13.60",
        "201206": "12.88",
        "201207": "12.35",
        "201208": "12.05",
        "201209": "12.93",
        "201210": "11.68",
        "201211": "10.42",
        "201212": "11.45",
        "201301": "12.77",
        "201302": "15.23",
        "201303": "14.27",
        "201304": "13.34",
        "201305": "14.86",
        "201306": "15.77",
        "201307": "16.51",
        "201308": "19.17",
        "201309": "25.43",
        "201310": "25.74",
        "201311": "24.44",
        "201312": "26.28",
        "201401": "26.32",
        "201402": "34.00",
        "201403": "34.02",
        "201404": "30.62",
        "201405": "30.00",
        "201406": "33.66",
        "201407": "34.82",
        "201408": "32.46",
        "201409": "34.55",
        "201410": "30.18",
        "201411": "27.08",
        "201412": "30.42",
        "201501": "32.80",
        "201502": "33.49",
        "201503": "33.87",
        "201504": "30.47",
        "201505": "27.64",
        "201506": "26.13",
        "201507": "22.87",
        "201508": "15.95",
        "201509": "16.96",
        "201510": "19.29",
        "201511": "18.60",
        "201512": "20.72",
        "201601": "18.24",
        "201602": "20.49",
        "201603": "22.55",
        "201604": "23.04",
        "201605": "20.80",
        "201606": "21.48",
        "201607": "21.73",
        "201608": "23.21",
        "201609": "23.63",
        "201610": "23.36",
        "201611": "20.50",
        "201612": "21.12",
        "201701": "21.65",
        "201702": "23.33",
        "201703": "23.65",
        "201704": "27.12",
        "201705": "28.25",
        "201706": "28.10",
        "201707": "28.56",
        "201708": "27.46",
        "201709": "27.71",
        "201710": "30.25",
        "201711": "30.86",
        "201712": "29.54",
        "201801": "30.20",
        "201802": "27.89",
        "201803": "27.95",
        "201804": "26.99",
        "201805": "26.45",
        "201806": "28.36",
        "201807": "26.84",
        "201808": "27.56",
        "201809": "28.52",
        "201810": "24.70",
        "201811": "23.25",
        "201812": "23.62",
        "201901": "23.69",
        "201902": "24.82",
        "201903": "24.68",
        "201904": "25.49",
        "201905": "24.64",
        "201906": "25.62",
        "201907": "26.18",
        "201908": "26.71",
        "201909": "27.59",
        "201910": "27.05",
        "201911": "26.57",
        "201912": "26.64",
        "202001": "25.91",
        "202002": "22.83",
        "202003": "22.10",
        "202004": "24.76",
        "202005": "26.19",
        "202006": "27.60",
        "202007": "29.54",
        "202008": "29.51",
        "202009": "30.51",
        "202010": "31.47",
        "202011": "32.09",
        "202012": "43.87",
        "202101": "47.68",
        "202102": "45.53",
        "202103": "48.93",
        "202104": "73.67",
        "202105": "64.67",
        "202106": "72.92",
        "202107": "82.95",
        "202108": "74.02",
        "202109": "81.77",
        "202110": "79.00",
        "202111": "94.14",
        "202112": "95.73",
        "202201": "88.76",
        "202202": "90.94",
        "202203": "88.14",
        "202204": "76.91",
        "202205": "67.71",
        "202206": "63.36",
        "202207": "54.16",
        "202208": "55.04",
        "202209": "45.79",
        "202210": "40.65",
        "202211": "44.64",
        "202212": "44.04",
        "202301": "44.98",
        "202302": "49.29",
        "202303": "50.96",
        "202304": "51.32",
        "202305": "48.61"
    },
    "quarters": {
        "20011": {
            "year_quarter": 20011,
            "year": 2001,
            "quarter": 1,
            "eps": 1.14,
            "eps_growth_year": -67.98,
            "eps_4q": 3.29,
            "eps_4q_growth_year": -50.42,
            "roe": 6.01,
            "roe_4q": 6.01,
            "gross_profit": 128561,
            "gross_margin": 46.1,
            "gross_margin_4q_avg": 46.1,
            "net_income": 137549,
            "revenue": 278876,
            "common_shares": 1211000,
            "book_valuer_per_share": 19.37,
            "book_valuer_per_share_4q_avg": 19.37,
            "equity": 2345830,
            "current_ratio": 775.02,
            "debt_ratio": 8.45,
            "inventory_turnover_ratio": 0.77,
            "account_receivable_turnover_ratio": null,
            "reinvestment_rate": null,
            "research_to_sale_ratio": null,
            "price_fair": 0,
            "eps_avg_yearly": 0,
            "eps_latest_yearly": 0,
            "eps_growth_yearly": 0
        },
        "20012": {
            "year_quarter": 20012,
            "year": 2001,
            "quarter": 2,
            "eps": 0.46,
            "eps_growth_year": -45.24,
            "eps_4q": 2.3,
            "eps_4q_growth_year": -53.27,
            "roe": 3.18,
            "roe_4q": 9.19,
            "gross_profit": 147853,
            "gross_margin": 44.62,
            "gross_margin_4q_avg": 45.36,
            "net_income": 74306,
            "revenue": 331381,
            "common_shares": 1211000,
            "book_valuer_per_share": 19.2,
            "book_valuer_per_share_4q_avg": 19.29,
            "equity": 2324908,
            "current_ratio": 536.37,
            "debt_ratio": 11.64,
            "inventory_turnover_ratio": 1.12,
            "account_receivable_turnover_ratio": null,
            "reinvestment_rate": null,
            "research_to_sale_ratio": null,
            "price_fair": 0,
            "eps_avg_yearly": 0,
            "eps_latest_yearly": 0,
            "eps_growth_yearly": 0
        },
        "20013": {
            "year_quarter": 20013,
            "year": 2001,
            "quarter": 3,
            "eps": -0.4,
            "eps_growth_year": -132.52,
            "eps_4q": 0.98,
            "eps_4q_growth_year": -82.08,
            "roe": -2.81,
            "roe_4q": 6.38,
            "gross_profit": 138596,
            "gross_margin": 46.32,
            "gross_margin_4q_avg": 45.68,
            "net_income": -64327,
            "revenue": 299186,
            "common_shares": 1614000,
            "book_valuer_per_share": 13.99,
            "book_valuer_per_share_4q_avg": 17.52,
            "equity": 2258273,
            "current_ratio": 776.87,
            "debt_ratio": 8.45,
            "inventory_turnover_ratio": 1.24,
            "account_receivable_turnover_ratio": null,
            "reinvestment_rate": null,
            "research_to_sale_ratio": null,
            "price_fair": 0,
            "eps_avg_yearly": 0,
            "eps_latest_yearly": 0,
            "eps_growth_yearly": 0
        },
        "20014": {
            "year_quarter": 20014,
            "year": 2001,
            "quarter": 4,
            "eps": 1.44,
            "eps_growth_year": 1500,
            "eps_4q": 2.36,
            "eps_4q_growth_year": -49.62,
            "roe": 9.71,
            "roe_4q": 16.09,
            "gross_profit": 150021,
            "gross_margin": 46.08,
            "gross_margin_4q_avg": 45.78,
            "net_income": 231987,
            "revenue": 325541,
            "common_shares": 1614000,
            "book_valuer_per_share": 15.44,
            "book_valuer_per_share_4q_avg": 17,
            "equity": 2519475,
            "current_ratio": 894.24,
            "debt_ratio": 9.39,
            "inventory_turnover_ratio": 1.35,
            "account_receivable_turnover_ratio": null,
            "reinvestment_rate": null,
            "research_to_sale_ratio": null,
            "price_fair": 0,
            "eps_avg_yearly": 0,
            "eps_latest_yearly": 0,
            "eps_growth_yearly": 0
        },
        "20021": {
            "year_quarter": 20021,
            "year": 2002,
            "quarter": 1,
            "eps": 0.63,
            "eps_growth_year": -44.74,
            "eps_4q": 2.14,
            "eps_4q_growth_year": -34.95,
            "roe": 3.97,
            "roe_4q": 14.05,
            "gross_profit": 155489,
            "gross_margin": 45.54,
            "gross_margin_4q_avg": 45.64,
            "net_income": 100881,
            "revenue": 341467,
            "common_shares": 1614000,
            "book_valuer_per_share": 15.85,
            "book_valuer_per_share_4q_avg": 16.12,
            "equity": 2557804,
            "current_ratio": 742.32,
            "debt_ratio": 9.02,
            "inventory_turnover_ratio": 1.39,
            "account_receivable_turnover_ratio": null,
            "reinvestment_rate": null,
            "research_to_sale_ratio": null,
            "price_fair": 7.56,
            "eps_avg_yearly": 2.52,
            "eps_latest_yearly": 2.52,
            "eps_growth_yearly": -225
        },
        "20022": {
            "year_quarter": 20022,
            "year": 2002,
            "quarter": 2,
            "eps": 0.47,
            "eps_growth_year": 2.17,
            "eps_4q": 2.15,
            "eps_4q_growth_year": -6.86,
            "roe": 2.97,
            "roe_4q": 13.840000000000002,
            "gross_profit": 153947,
            "gross_margin": 45.82,
            "gross_margin_4q_avg": 45.94,
            "net_income": 75330,
            "revenue": 335960,
            "common_shares": 1614000,
            "book_valuer_per_share": 15.55,
            "book_valuer_per_share_4q_avg": 15.21,
            "equity": 2509507,
            "current_ratio": 513.74,
            "debt_ratio": 12.77,
            "inventory_turnover_ratio": 1.36,
            "account_receivable_turnover_ratio": null,
            "reinvestment_rate": null,
            "research_to_sale_ratio": null,
            "price_fair": 6.6,
            "eps_avg_yearly": 2.2,
            "eps_latest_yearly": 1.88,
            "eps_growth_yearly": -163.29
        },
        "20023": {
            "year_quarter": 20023,
            "year": 2002,
            "quarter": 3,
            "eps": 0.29,
            "eps_growth_year": null,
            "eps_4q": 2.48,
            "eps_4q_growth_year": 152.55,
            "roe": 2.12,
            "roe_4q": 18.770000000000003,
            "gross_profit": 140990,
            "gross_margin": 39.38,
            "gross_margin_4q_avg": 44.21,
            "net_income": 54028,
            "revenue": 358067,
            "common_shares": 1896000,
            "book_valuer_per_share": 13.6,
            "book_valuer_per_share_4q_avg": 15.11,
            "equity": 2578603,
            "current_ratio": 1001.99,
            "debt_ratio": 6.94,
            "inventory_turnover_ratio": 1.61,
            "account_receivable_turnover_ratio": null,
            "reinvestment_rate": null,
            "research_to_sale_ratio": null,
            "price_fair": 5.56,
            "eps_avg_yearly": 1.85,
            "eps_latest_yearly": 1.16,
            "eps_growth_yearly": -159.93
        },
        "20024": {
            "year_quarter": 20024,
            "year": 2002,
            "quarter": 4,
            "eps": 0.74,
            "eps_growth_year": -48.61,
            "eps_4q": 1.96,
            "eps_4q_growth_year": -16.87,
            "roe": 5.25,
            "roe_4q": 14.31,
            "gross_profit": 173363,
            "gross_margin": 41.31,
            "gross_margin_4q_avg": 43.01,
            "net_income": 139837,
            "revenue": 419646,
            "common_shares": 1896000,
            "book_valuer_per_share": 14.33,
            "book_valuer_per_share_4q_avg": 14.83,
            "equity": 2745991,
            "current_ratio": 722.59,
            "debt_ratio": 11.29,
            "inventory_turnover_ratio": 1.59,
            "account_receivable_turnover_ratio": null,
            "reinvestment_rate": 8.48,
            "research_to_sale_ratio": null,
            "price_fair": 74.55,
            "eps_avg_yearly": 2.13,
            "eps_latest_yearly": 2.96,
            "eps_growth_yearly": 35.23
        },
        "20031": {
            "year_quarter": 20031,
            "year": 2003,
            "quarter": 1,
            "eps": 0.28,
            "eps_growth_year": -55.56,
            "eps_4q": 1.73,
            "eps_4q_growth_year": -19.29,
            "roe": 1.88,
            "roe_4q": 12.22,
            "gross_profit": 141785,
            "gross_margin": 39.1,
            "gross_margin_4q_avg": 41.4,
            "net_income": 52052,
            "revenue": 362627,
            "common_shares": 1896000,
            "book_valuer_per_share": 14.7,
            "book_valuer_per_share_4q_avg": 14.55,
            "equity": 2787696,
            "current_ratio": 1038.43,
            "debt_ratio": 6.68,
            "inventory_turnover_ratio": 1.33,
            "account_receivable_turnover_ratio": null,
            "reinvestment_rate": 9.46,
            "research_to_sale_ratio": null,
            "price_fair": 5.78,
            "eps_avg_yearly": 1.93,
            "eps_latest_yearly": 1.12,
            "eps_growth_yearly": -21.55
        },
        "20032": {
            "year_quarter": 20032,
            "year": 2003,
            "quarter": 2,
            "eps": 0.26,
            "eps_growth_year": -44.68,
            "eps_4q": 1.56,
            "eps_4q_growth_year": -27.19,
            "roe": 1.78,
            "roe_4q": 11.030000000000001,
            "gross_profit": 139812,
            "gross_margin": 38.72,
            "gross_margin_4q_avg": 39.63,
            "net_income": 49105,
            "revenue": 361044,
            "common_shares": 1896000,
            "book_valuer_per_share": 14.38,
            "book_valuer_per_share_4q_avg": 14.25,
            "equity": 2726173,
            "current_ratio": 692.06,
            "debt_ratio": 9.38,
            "inventory_turnover_ratio": 1.51,
            "account_receivable_turnover_ratio": null,
            "reinvestment_rate": 6.99,
            "research_to_sale_ratio": null,
            "price_fair": 5.34,
            "eps_avg_yearly": 1.78,
            "eps_latest_yearly": 1.04,
            "eps_growth_yearly": -22.72
        },
        "20033": {
            "year_quarter": 20033,
            "year": 2003,
            "quarter": 3,
            "eps": 0.64,
            "eps_growth_year": 120.69,
            "eps_4q": 1.75,
            "eps_4q_growth_year": -29.47,
            "roe": 5,
            "roe_4q": 13.91,
            "gross_profit": 137693,
            "gross_margin": 35.96,
            "gross_margin_4q_avg": 38.77,
            "net_income": 138960,
            "revenue": 382885,
            "common_shares": 2163000,
            "book_valuer_per_share": 13.08,
            "book_valuer_per_share_4q_avg": 14.12,
            "equity": 2828776,
            "current_ratio": 1005.06,
            "debt_ratio": 6.49,
            "inventory_turnover_ratio": 1.74,
            "account_receivable_turnover_ratio": null,
            "reinvestment_rate": 3.64,
            "research_to_sale_ratio": null,
            "price_fair": 66.2,
            "eps_avg_yearly": 1.89,
            "eps_latest_yearly": 2.56,
            "eps_growth_yearly": 64.04
        },
        "20034": {
            "year_quarter": 20034,
            "year": 2003,
            "quarter": 4,
            "eps": 0.75,
            "eps_growth_year": 1.35,
            "eps_4q": 1.86,
            "eps_4q_growth_year": -4.95,
            "roe": 5.54,
            "roe_4q": 14.2,
            "gross_profit": 157090,
            "gross_margin": 38.1,
            "gross_margin_4q_avg": 37.97,
            "net_income": 162041,
            "revenue": 412286,
            "common_shares": 2163000,
            "book_valuer_per_share": 13.83,
            "book_valuer_per_share_4q_avg": 14,
            "equity": 3022440,
            "current_ratio": 676.38,
            "debt_ratio": 11.75,
            "inventory_turnover_ratio": 1.6,
            "account_receivable_turnover_ratio": null,
            "reinvestment_rate": 4.66,
            "research_to_sale_ratio": null,
            "price_fair": 71.05,
            "eps_avg_yearly": 2.03,
            "eps_latest_yearly": 3,
            "eps_growth_yearly": 64.63
        },
        "20041": {
            "year_quarter": 20041,
            "year": 2004,
            "quarter": 1,
            "eps": 0.61,
            "eps_growth_year": 117.86,
            "eps_4q": 2.24,
            "eps_4q_growth_year": 29.91,
            "roe": 4.34,
            "roe_4q": 16.66,
            "gross_profit": 122193,
            "gross_margin": 35.58,
            "gross_margin_4q_avg": 37.09,
            "net_income": 130624,
            "revenue": 343412,
            "common_shares": 2163000,
            "book_valuer_per_share": 13.83,
            "book_valuer_per_share_4q_avg": 13.78,
            "equity": 2990376,
            "current_ratio": 864.1,
            "debt_ratio": 7.74,
            "inventory_turnover_ratio": 1.37,
            "account_receivable_turnover_ratio": null,
            "reinvestment_rate": 4.44,
            "research_to_sale_ratio": null,
            "price_fair": 72.64,
            "eps_avg_yearly": 2.08,
            "eps_latest_yearly": 2.44,
            "eps_growth_yearly": 49.15
        },
        "20042": {
            "year_quarter": 20042,
            "year": 2004,
            "quarter": 2,
            "eps": -0.03,
            "eps_growth_year": -111.54,
            "eps_4q": 1.97,
            "eps_4q_growth_year": 25.93,
            "roe": -0.22,
            "roe_4q": 14.66,
            "gross_profit": 134889,
            "gross_margin": 37.4,
            "gross_margin_4q_avg": 36.76,
            "net_income": -6144,
            "revenue": 360680,
            "common_shares": 2163000,
            "book_valuer_per_share": 12.27,
            "book_valuer_per_share_4q_avg": 13.25,
            "equity": 2653913,
            "current_ratio": 477.1,
            "debt_ratio": 12.94,
            "inventory_turnover_ratio": 1.5,
            "account_receivable_turnover_ratio": null,
            "reinvestment_rate": 4.39,
            "research_to_sale_ratio": null,
            "price_fair": 72.64,
            "eps_avg_yearly": 2.08,
            "eps_latest_yearly": 2.44,
            "eps_growth_yearly": 49.15
        },
        "20043": {
            "year_quarter": 20043,
            "year": 2004,
            "quarter": 3,
            "eps": 0.23,
            "eps_growth_year": -64.06,
            "eps_4q": 1.53,
            "eps_4q_growth_year": -12.84,
            "roe": 1.92,
            "roe_4q": 11.58,
            "gross_profit": 126625,
            "gross_margin": 35.96,
            "gross_margin_4q_avg": 36.76,
            "net_income": 50875,
            "revenue": 352092,
            "common_shares": 2330000,
            "book_valuer_per_share": 11.38,
            "book_valuer_per_share_4q_avg": 12.83,
            "equity": 2650909,
            "current_ratio": 610.96,
            "debt_ratio": 10.36,
            "inventory_turnover_ratio": 1.34,
            "account_receivable_turnover_ratio": null,
            "reinvestment_rate": 5.02,
            "research_to_sale_ratio": null,
            "price_fair": 72.64,
            "eps_avg_yearly": 2.08,
            "eps_latest_yearly": 2.44,
            "eps_growth_yearly": 49.15
        },
        "20044": {
            "year_quarter": 20044,
            "year": 2004,
            "quarter": 4,
            "eps": -0.37,
            "eps_growth_year": -149.33,
            "eps_4q": 0.42,
            "eps_4q_growth_year": -77.67,
            "roe": -3.23,
            "roe_4q": 2.8099999999999996,
            "gross_profit": 91541,
            "gross_margin": 33.93,
            "gross_margin_4q_avg": 35.72,
            "net_income": -82634,
            "revenue": 269803,
            "common_shares": 2250000,
            "book_valuer_per_share": 10.88,
            "book_valuer_per_share_4q_avg": 12.09,
            "equity": 2466912,
            "current_ratio": 456.51,
            "debt_ratio": 17.48,
            "inventory_turnover_ratio": 0.77,
            "account_receivable_turnover_ratio": null,
            "reinvestment_rate": 4.6,
            "research_to_sale_ratio": null,
            "price_fair": 72.64,
            "eps_avg_yearly": 2.08,
            "eps_latest_yearly": 2.44,
            "eps_growth_yearly": 49.15
        },
        "20051": {
            "year_quarter": 20051,
            "year": 2005,
            "quarter": 1,
            "eps": 0.02,
            "eps_growth_year": -96.72,
            "eps_4q": -0.13,
            "eps_4q_growth_year": -105.69,
            "roe": 0.21,
            "roe_4q": -1.32,
            "gross_profit": 73222,
            "gross_margin": 30.61,
            "gross_margin_4q_avg": 34.48,
            "net_income": 5131,
            "revenue": 239203,
            "common_shares": 2200000,
            "book_valuer_per_share": 11.05,
            "book_valuer_per_share_4q_avg": 11.4,
            "equity": 2430504,
            "current_ratio": 1059.2,
            "debt_ratio": 6.62,
            "inventory_turnover_ratio": 0.75,
            "account_receivable_turnover_ratio": null,
            "reinvestment_rate": 3.12,
            "research_to_sale_ratio": null,
            "price_fair": 72.64,
            "eps_avg_yearly": 2.08,
            "eps_latest_yearly": 2.44,
            "eps_growth_yearly": 49.15
        },
        "20052": {
            "year_quarter": 20052,
            "year": 2005,
            "quarter": 2,
            "eps": -0.01,
            "eps_growth_year": null,
            "eps_4q": -0.13,
            "eps_4q_growth_year": -106.83,
            "roe": -0.12,
            "roe_4q": -1.2200000000000002,
            "gross_profit": 69654,
            "gross_margin": 30.96,
            "gross_margin_4q_avg": 32.87,
            "net_income": -2912,
            "revenue": 224952,
            "common_shares": 2200000,
            "book_valuer_per_share": 10.7,
            "book_valuer_per_share_4q_avg": 11,
            "equity": 2353793,
            "current_ratio": 636.37,
            "debt_ratio": 9.98,
            "inventory_turnover_ratio": 1.01,
            "account_receivable_turnover_ratio": null,
            "reinvestment_rate": 3.37,
            "research_to_sale_ratio": null,
            "price_fair": 72.64,
            "eps_avg_yearly": 2.08,
            "eps_latest_yearly": 2.44,
            "eps_growth_yearly": 49.15
        },
        "20053": {
            "year_quarter": 20053,
            "year": 2005,
            "quarter": 3,
            "eps": 0.26,
            "eps_growth_year": 13.04,
            "eps_4q": -0.13,
            "eps_4q_growth_year": -108.46,
            "roe": 2.25,
            "roe_4q": -0.8900000000000001,
            "gross_profit": 97853,
            "gross_margin": 31.78,
            "gross_margin_4q_avg": 31.82,
            "net_income": 53752,
            "revenue": 307863,
            "common_shares": 2200000,
            "book_valuer_per_share": 11,
            "book_valuer_per_share_4q_avg": 10.91,
            "equity": 2420263,
            "current_ratio": 709.82,
            "debt_ratio": 9.23,
            "inventory_turnover_ratio": 1.23,
            "account_receivable_turnover_ratio": null,
            "reinvestment_rate": 3.08,
            "research_to_sale_ratio": null,
            "price_fair": 72.64,
            "eps_avg_yearly": 2.08,
            "eps_latest_yearly": 2.44,
            "eps_growth_yearly": 49.15
        },
        "20054": {
            "year_quarter": 20054,
            "year": 2005,
            "quarter": 4,
            "eps": 0.09,
            "eps_growth_year": null,
            "eps_4q": 0.35,
            "eps_4q_growth_year": -15.15,
            "roe": 0.79,
            "roe_4q": 3.13,
            "gross_profit": 109812,
            "gross_margin": 35.4,
            "gross_margin_4q_avg": 32.19,
            "net_income": 19176,
            "revenue": 310230,
            "common_shares": 2200000,
            "book_valuer_per_share": 10.85,
            "book_valuer_per_share_4q_avg": 10.9,
            "equity": 2439171,
            "current_ratio": 407.67,
            "debt_ratio": 20.95,
            "inventory_turnover_ratio": 0.78,
            "account_receivable_turnover_ratio": null,
            "reinvestment_rate": 9.02,
            "research_to_sale_ratio": null,
            "price_fair": 53.47,
            "eps_avg_yearly": 1.9,
            "eps_latest_yearly": 0.36,
            "eps_growth_yearly": 18.09
        },
        "20061": {
            "year_quarter": 20061,
            "year": 2006,
            "quarter": 1,
            "eps": 0.11,
            "eps_growth_year": 450,
            "eps_4q": 0.44,
            "eps_4q_growth_year": null,
            "roe": 0.96,
            "roe_4q": 3.88,
            "gross_profit": 79847,
            "gross_margin": 32.69,
            "gross_margin_4q_avg": 32.71,
            "net_income": 23234,
            "revenue": 244269,
            "common_shares": 2200000,
            "book_valuer_per_share": 10.98,
            "book_valuer_per_share_4q_avg": 10.88,
            "equity": 2415178,
            "current_ratio": 1179.79,
            "debt_ratio": 6.2,
            "inventory_turnover_ratio": 0.69,
            "account_receivable_turnover_ratio": null,
            "reinvestment_rate": 4.4,
            "research_to_sale_ratio": null,
            "price_fair": 59.36,
            "eps_avg_yearly": 1.7,
            "eps_latest_yearly": 0.44,
            "eps_growth_yearly": 49.47
        },
        "20062": {
            "year_quarter": 20062,
            "year": 2006,
            "quarter": 2,
            "eps": 0.05,
            "eps_growth_year": null,
            "eps_4q": 0.49,
            "eps_4q_growth_year": null,
            "roe": 0.47,
            "roe_4q": 4.47,
            "gross_profit": 78077,
            "gross_margin": 34.94,
            "gross_margin_4q_avg": 33.7,
            "net_income": 10994,
            "revenue": 223464,
            "common_shares": 2200000,
            "book_valuer_per_share": 10.41,
            "book_valuer_per_share_4q_avg": 10.81,
            "equity": 2289888,
            "current_ratio": 871.51,
            "debt_ratio": 8.08,
            "inventory_turnover_ratio": 0.95,
            "account_receivable_turnover_ratio": null,
            "reinvestment_rate": 4.33,
            "research_to_sale_ratio": null,
            "price_fair": 53.48,
            "eps_avg_yearly": 1.53,
            "eps_latest_yearly": 0.2,
            "eps_growth_yearly": 37.81
        },
        "20063": {
            "year_quarter": 20063,
            "year": 2006,
            "quarter": 3,
            "eps": 0.09,
            "eps_growth_year": -65.38,
            "eps_4q": 0.35,
            "eps_4q_growth_year": null,
            "roe": 0.81,
            "roe_4q": 3.0300000000000002,
            "gross_profit": 79535,
            "gross_margin": 30.73,
            "gross_margin_4q_avg": 33.44,
            "net_income": 18514,
            "revenue": 258785,
            "common_shares": 2200000,
            "book_valuer_per_share": 10.46,
            "book_valuer_per_share_4q_avg": 10.68,
            "equity": 2301842,
            "current_ratio": 889.19,
            "debt_ratio": 8.02,
            "inventory_turnover_ratio": 1.25,
            "account_receivable_turnover_ratio": null,
            "reinvestment_rate": 3.91,
            "research_to_sale_ratio": null,
            "price_fair": 50.68,
            "eps_avg_yearly": 1.45,
            "eps_latest_yearly": 0.36,
            "eps_growth_yearly": 85.13
        },
        "20064": {
            "year_quarter": 20064,
            "year": 2006,
            "quarter": 4,
            "eps": 0.39,
            "eps_growth_year": 333.33,
            "eps_4q": 0.64,
            "eps_4q_growth_year": 82.28,
            "roe": 3.38,
            "roe_4q": 5.619999999999999,
            "gross_profit": 105206,
            "gross_margin": 20.21,
            "gross_margin_4q_avg": 29.64,
            "net_income": 81335,
            "revenue": 520500,
            "common_shares": 2200000,
            "book_valuer_per_share": 11.28,
            "book_valuer_per_share_4q_avg": 10.78,
            "equity": 2513354,
            "current_ratio": 432.26,
            "debt_ratio": 20.55,
            "inventory_turnover_ratio": 2.14,
            "account_receivable_turnover_ratio": null,
            "reinvestment_rate": 3.35,
            "research_to_sale_ratio": null,
            "price_fair": 45.78,
            "eps_avg_yearly": 1.31,
            "eps_latest_yearly": 1.56,
            "eps_growth_yearly": 156.4
        },
        "20071": {
            "year_quarter": 20071,
            "year": 2007,
            "quarter": 1,
            "eps": 0.27,
            "eps_growth_year": 145.45,
            "eps_4q": 0.8,
            "eps_4q_growth_year": 81.75,
            "roe": 2.11,
            "roe_4q": 6.7700000000000005,
            "gross_profit": 101465,
            "gross_margin": 20.45,
            "gross_margin_4q_avg": 26.58,
            "net_income": 56213,
            "revenue": 496086,
            "common_shares": 2170000,
            "book_valuer_per_share": 12.98,
            "book_valuer_per_share_4q_avg": 11.28,
            "equity": 2816438,
            "current_ratio": 521.86,
            "debt_ratio": 14.75,
            "inventory_turnover_ratio": 1.58,
            "account_receivable_turnover_ratio": null,
            "reinvestment_rate": -3.11,
            "research_to_sale_ratio": null,
            "price_fair": 45.64,
            "eps_avg_yearly": 1.3,
            "eps_latest_yearly": 1.08,
            "eps_growth_yearly": 168.96
        },
        "20072": {
            "year_quarter": 20072,
            "year": 2007,
            "quarter": 2,
            "eps": 0.7,
            "eps_growth_year": 1300,
            "eps_4q": 1.43,
            "eps_4q_growth_year": 193.95,
            "roe": 5.21,
            "roe_4q": 11.51,
            "gross_profit": 119396,
            "gross_margin": 20.79,
            "gross_margin_4q_avg": 23.05,
            "net_income": 149131,
            "revenue": 574432,
            "common_shares": 2170000,
            "book_valuer_per_share": 13.41,
            "book_valuer_per_share_4q_avg": 12.03,
            "equity": 2910120,
            "current_ratio": 433.32,
            "debt_ratio": 17.79,
            "inventory_turnover_ratio": 1.77,
            "account_receivable_turnover_ratio": null,
            "reinvestment_rate": -2.94,
            "research_to_sale_ratio": null,
            "price_fair": 51.8,
            "eps_avg_yearly": 1.48,
            "eps_latest_yearly": 2.8,
            "eps_growth_yearly": 235.52
        },
        "20073": {
            "year_quarter": 20073,
            "year": 2007,
            "quarter": 3,
            "eps": 0.6,
            "eps_growth_year": 566.67,
            "eps_4q": 1.89,
            "eps_4q_growth_year": 441.95,
            "roe": 4.49,
            "roe_4q": 15.189999999999998,
            "gross_profit": 142376,
            "gross_margin": 19.98,
            "gross_margin_4q_avg": 20.36,
            "net_income": 132855,
            "revenue": 712523,
            "common_shares": 2235100,
            "book_valuer_per_share": 13.47,
            "book_valuer_per_share_4q_avg": 12.79,
            "equity": 3010942,
            "current_ratio": 752.63,
            "debt_ratio": 10.67,
            "inventory_turnover_ratio": 2.12,
            "account_receivable_turnover_ratio": null,
            "reinvestment_rate": -0.91,
            "research_to_sale_ratio": null,
            "price_fair": 51.24,
            "eps_avg_yearly": 1.46,
            "eps_latest_yearly": 2.4,
            "eps_growth_yearly": 171.34
        },
        "20074": {
            "year_quarter": 20074,
            "year": 2007,
            "quarter": 4,
            "eps": 0.09,
            "eps_growth_year": -76.92,
            "eps_4q": 1.54,
            "eps_4q_growth_year": 139.35,
            "roe": 0.7,
            "roe_4q": 12.51,
            "gross_profit": 136201,
            "gross_margin": 21,
            "gross_margin_4q_avg": 20.56,
            "net_income": 21009,
            "revenue": 648445,
            "common_shares": 2235100,
            "book_valuer_per_share": 13.11,
            "book_valuer_per_share_4q_avg": 13.24,
            "equity": 2956639,
            "current_ratio": 585.82,
            "debt_ratio": 15.96,
            "inventory_turnover_ratio": 1.8,
            "account_receivable_turnover_ratio": null,
            "reinvestment_rate": -0.1,
            "research_to_sale_ratio": null,
            "price_fair": 42,
            "eps_avg_yearly": 1.2,
            "eps_latest_yearly": 0.36,
            "eps_growth_yearly": 130.47
        },
        "20081": {
            "year_quarter": 20081,
            "year": 2008,
            "quarter": 1,
            "eps": 0.17,
            "eps_growth_year": -37.04,
            "eps_4q": 1.55,
            "eps_4q_growth_year": 93.45,
            "roe": 1.27,
            "roe_4q": 11.67,
            "gross_profit": 112606,
            "gross_margin": 19.49,
            "gross_margin_4q_avg": 20.32,
            "net_income": 37419,
            "revenue": 577783,
            "common_shares": 2235100,
            "book_valuer_per_share": 13.01,
            "book_valuer_per_share_4q_avg": 13.25,
            "equity": 2931605,
            "current_ratio": 754.81,
            "debt_ratio": 12.65,
            "inventory_turnover_ratio": 1.62,
            "account_receivable_turnover_ratio": null,
            "reinvestment_rate": 0.02,
            "research_to_sale_ratio": null,
            "price_fair": 35.84,
            "eps_avg_yearly": 1.02,
            "eps_latest_yearly": 0.68,
            "eps_growth_yearly": 173.49
        },
        "20082": {
            "year_quarter": 20082,
            "year": 2008,
            "quarter": 2,
            "eps": 0.22,
            "eps_growth_year": -68.57,
            "eps_4q": 1.12,
            "eps_4q_growth_year": -21.69,
            "roe": 1.66,
            "roe_4q": 8.120000000000001,
            "gross_profit": 126616,
            "gross_margin": 20.05,
            "gross_margin_4q_avg": 20.13,
            "net_income": 47366,
            "revenue": 631438,
            "common_shares": 2235100,
            "book_valuer_per_share": 12.37,
            "book_valuer_per_share_4q_avg": 12.99,
            "equity": 2783677,
            "current_ratio": 530.77,
            "debt_ratio": 17.38,
            "inventory_turnover_ratio": 1.75,
            "account_receivable_turnover_ratio": null,
            "reinvestment_rate": 0.27,
            "research_to_sale_ratio": null,
            "price_fair": 35.38,
            "eps_avg_yearly": 1.01,
            "eps_latest_yearly": 0.88,
            "eps_growth_yearly": 168.41
        },
        "20083": {
            "year_quarter": 20083,
            "year": 2008,
            "quarter": 3,
            "eps": 0.4,
            "eps_growth_year": -33.33,
            "eps_4q": 0.86,
            "eps_4q_growth_year": -54.85,
            "roe": 3.6,
            "roe_4q": 7.2299999999999995,
            "gross_profit": 145499,
            "gross_margin": 22.39,
            "gross_margin_4q_avg": 20.73,
            "net_income": 96815,
            "revenue": 649939,
            "common_shares": 2468000,
            "book_valuer_per_share": 10.48,
            "book_valuer_per_share_4q_avg": 12.24,
            "equity": 2602140,
            "current_ratio": 543.09,
            "debt_ratio": 17.51,
            "inventory_turnover_ratio": 1.62,
            "account_receivable_turnover_ratio": null,
            "reinvestment_rate": -1.67,
            "research_to_sale_ratio": null,
            "price_fair": 37.1,
            "eps_avg_yearly": 1.06,
            "eps_latest_yearly": 1.6,
            "eps_growth_yearly": 181.65
        },
        "20084": {
            "year_quarter": 20084,
            "year": 2008,
            "quarter": 4,
            "eps": -0.39,
            "eps_growth_year": -533.33,
            "eps_4q": 0.4,
            "eps_4q_growth_year": -73.94,
            "roe": -4.13,
            "roe_4q": 2.4000000000000004,
            "gross_profit": 72548,
            "gross_margin": 21.86,
            "gross_margin_4q_avg": 20.95,
            "net_income": -101953,
            "revenue": 331863,
            "common_shares": 2468000,
            "book_valuer_per_share": 9.41,
            "book_valuer_per_share_4q_avg": 11.32,
            "equity": 2333604,
            "current_ratio": 1027.93,
            "debt_ratio": 10.23,
            "inventory_turnover_ratio": 0.88,
            "account_receivable_turnover_ratio": 1.41,
            "reinvestment_rate": -5.74,
            "research_to_sale_ratio": null,
            "price_fair": 37.1,
            "eps_avg_yearly": 1.06,
            "eps_latest_yearly": 1.6,
            "eps_growth_yearly": 181.65
        },
        "20091": {
            "year_quarter": 20091,
            "year": 2009,
            "quarter": 1,
            "eps": 0.07,
            "eps_growth_year": -58.82,
            "eps_4q": 0.33,
            "eps_4q_growth_year": -78.92,
            "roe": 0.59,
            "roe_4q": 1.72,
            "gross_profit": 94839,
            "gross_margin": 24.17,
            "gross_margin_4q_avg": 22.12,
            "net_income": 14620,
            "revenue": 392458,
            "common_shares": 2468000,
            "book_valuer_per_share": 10.46,
            "book_valuer_per_share_4q_avg": 10.68,
            "equity": 2591471,
            "current_ratio": 838.85,
            "debt_ratio": 12.09,
            "inventory_turnover_ratio": 1.27,
            "account_receivable_turnover_ratio": 0.89,
            "reinvestment_rate": 0.11,
            "research_to_sale_ratio": null,
            "price_fair": 37.1,
            "eps_avg_yearly": 1.06,
            "eps_latest_yearly": 1.6,
            "eps_growth_yearly": 181.65
        },
        "20092": {
            "year_quarter": 20092,
            "year": 2009,
            "quarter": 2,
            "eps": 0.12,
            "eps_growth_year": -45.45,
            "eps_4q": 0.2,
            "eps_4q_growth_year": -81.96,
            "roe": 1.11,
            "roe_4q": 1.1700000000000004,
            "gross_profit": 116498,
            "gross_margin": 23.97,
            "gross_margin_4q_avg": 23.1,
            "net_income": 29582,
            "revenue": 486020,
            "common_shares": 2468000,
            "book_valuer_per_share": 10.97,
            "book_valuer_per_share_4q_avg": 10.33,
            "equity": 2715429,
            "current_ratio": 737.98,
            "debt_ratio": 13.5,
            "inventory_turnover_ratio": 1.71,
            "account_receivable_turnover_ratio": 1,
            "reinvestment_rate": -0.17,
            "research_to_sale_ratio": null,
            "price_fair": 35.54,
            "eps_avg_yearly": 1.02,
            "eps_latest_yearly": 0.48,
            "eps_growth_yearly": 189.65
        },
        "20093": {
            "year_quarter": 20093,
            "year": 2009,
            "quarter": 3,
            "eps": 0.28,
            "eps_growth_year": -30,
            "eps_4q": 0.08,
            "eps_4q_growth_year": -90.57,
            "roe": 2.42,
            "roe_4q": -0.009999999999999787,
            "gross_profit": 138562,
            "gross_margin": 21.8,
            "gross_margin_4q_avg": 22.95,
            "net_income": 68072,
            "revenue": 635675,
            "common_shares": 2468000,
            "book_valuer_per_share": 11.77,
            "book_valuer_per_share_4q_avg": 10.65,
            "equity": 2910556,
            "current_ratio": 635.86,
            "debt_ratio": 15.49,
            "inventory_turnover_ratio": 2.11,
            "account_receivable_turnover_ratio": 1,
            "reinvestment_rate": 0.74,
            "research_to_sale_ratio": null,
            "price_fair": 35.8,
            "eps_avg_yearly": 1.02,
            "eps_latest_yearly": 1.12,
            "eps_growth_yearly": 214.2
        },
        "20094": {
            "year_quarter": 20094,
            "year": 2009,
            "quarter": 4,
            "eps": 0.08,
            "eps_growth_year": null,
            "eps_4q": 0.55,
            "eps_4q_growth_year": 38.05,
            "roe": 0.66,
            "roe_4q": 4.78,
            "gross_profit": 127976,
            "gross_margin": 22.31,
            "gross_margin_4q_avg": 23.06,
            "net_income": 19808,
            "revenue": 573514,
            "common_shares": 2468000,
            "book_valuer_per_share": 12.67,
            "book_valuer_per_share_4q_avg": 11.47,
            "equity": 3132979,
            "current_ratio": 744.99,
            "debt_ratio": 13.57,
            "inventory_turnover_ratio": 1.97,
            "account_receivable_turnover_ratio": 1.84,
            "reinvestment_rate": 66.13,
            "research_to_sale_ratio": null,
            "price_fair": 35.7,
            "eps_avg_yearly": 1.02,
            "eps_latest_yearly": 0.32,
            "eps_growth_yearly": 212.48
        },
        "20101": {
            "year_quarter": 20101,
            "year": 2010,
            "quarter": 1,
            "eps": 0.19,
            "eps_growth_year": 171.43,
            "eps_4q": 0.67,
            "eps_4q_growth_year": 105.11,
            "roe": 1.51,
            "roe_4q": 5.7,
            "gross_profit": 154823,
            "gross_margin": 25.92,
            "gross_margin_4q_avg": 23.5,
            "net_income": 47372,
            "revenue": 597366,
            "common_shares": 2468000,
            "book_valuer_per_share": 12.77,
            "book_valuer_per_share_4q_avg": 12.05,
            "equity": 3155074,
            "current_ratio": 729.36,
            "debt_ratio": 13.84,
            "inventory_turnover_ratio": 1.88,
            "account_receivable_turnover_ratio": 0.9,
            "reinvestment_rate": 69.53,
            "research_to_sale_ratio": 6.6,
            "price_fair": 36.5,
            "eps_avg_yearly": 1.04,
            "eps_latest_yearly": 0.76,
            "eps_growth_yearly": 245.41
        },
        "20102": {
            "year_quarter": 20102,
            "year": 2010,
            "quarter": 2,
            "eps": 0.34,
            "eps_growth_year": 180.8,
            "eps_4q": 0.88,
            "eps_4q_growth_year": 337.19,
            "roe": 2.74,
            "roe_4q": 7.33,
            "gross_profit": 166199,
            "gross_margin": 26.59,
            "gross_margin_4q_avg": 24.16,
            "net_income": 83192,
            "revenue": 624948,
            "common_shares": 2468000,
            "book_valuer_per_share": 11.85,
            "book_valuer_per_share_4q_avg": 12.27,
            "equity": 2928119,
            "current_ratio": 486.92,
            "debt_ratio": 20.01,
            "inventory_turnover_ratio": 1.67,
            "account_receivable_turnover_ratio": 0.86,
            "reinvestment_rate": 62,
            "research_to_sale_ratio": 7.18,
            "price_fair": 39.4,
            "eps_avg_yearly": 1.13,
            "eps_latest_yearly": 1.36,
            "eps_growth_yearly": 283.55
        },
        "20103": {
            "year_quarter": 20103,
            "year": 2010,
            "quarter": 3,
            "eps": 0.28,
            "eps_growth_year": 1.02,
            "eps_4q": 0.89,
            "eps_4q_growth_year": 1004.43,
            "roe": 2.33,
            "roe_4q": 7.24,
            "gross_profit": 129024,
            "gross_margin": 22.88,
            "gross_margin_4q_avg": 24.43,
            "net_income": 69961,
            "revenue": 564013,
            "common_shares": 2468000,
            "book_valuer_per_share": 12.47,
            "book_valuer_per_share_4q_avg": 12.44,
            "equity": 3082583,
            "current_ratio": 760.96,
            "debt_ratio": 13.39,
            "inventory_turnover_ratio": 1.53,
            "account_receivable_turnover_ratio": 0.78,
            "reinvestment_rate": 60.85,
            "research_to_sale_ratio": 10.1,
            "price_fair": 41.3,
            "eps_avg_yearly": 1.18,
            "eps_latest_yearly": 1.12,
            "eps_growth_yearly": 255.65
        },
        "20104": {
            "year_quarter": 20104,
            "year": 2010,
            "quarter": 4,
            "eps": -0.01,
            "eps_growth_year": -110.06,
            "eps_4q": 0.8,
            "eps_4q_growth_year": 45.17,
            "roe": -0.06,
            "roe_4q": 6.52,
            "gross_profit": 107130,
            "gross_margin": 21.89,
            "gross_margin_4q_avg": 24.32,
            "net_income": -1904,
            "revenue": 489511,
            "common_shares": 2468000,
            "book_valuer_per_share": 12.65,
            "book_valuer_per_share_4q_avg": 12.44,
            "equity": 3126985,
            "current_ratio": 737.8,
            "debt_ratio": 13.78,
            "inventory_turnover_ratio": 1.49,
            "account_receivable_turnover_ratio": 0.77,
            "reinvestment_rate": 65.87,
            "research_to_sale_ratio": 11.51,
            "price_fair": 40.28,
            "eps_avg_yearly": 1.15,
            "eps_latest_yearly": 1.12,
            "eps_growth_yearly": 172.76
        },
        "20111": {
            "year_quarter": 20111,
            "year": 2011,
            "quarter": 1,
            "eps": 0.11,
            "eps_growth_year": -42.11,
            "eps_4q": 0.73,
            "eps_4q_growth_year": 8.24,
            "roe": 0.92,
            "roe_4q": 5.930000000000001,
            "gross_profit": 100349,
            "gross_margin": 19.58,
            "gross_margin_4q_avg": 22.74,
            "net_income": 28401,
            "revenue": 512580,
            "common_shares": 2468000,
            "book_valuer_per_share": 12.23,
            "book_valuer_per_share_4q_avg": 12.3,
            "equity": 3022793,
            "current_ratio": 711.57,
            "debt_ratio": 14.19,
            "inventory_turnover_ratio": 1.62,
            "account_receivable_turnover_ratio": 0.88,
            "reinvestment_rate": 68.07,
            "research_to_sale_ratio": 9.34,
            "price_fair": 40.48,
            "eps_avg_yearly": 1.16,
            "eps_latest_yearly": 1.12,
            "eps_growth_yearly": 197.41
        },
        "20112": {
            "year_quarter": 20112,
            "year": 2011,
            "quarter": 2,
            "eps": 0.07,
            "eps_growth_year": -80.21,
            "eps_4q": 0.46,
            "eps_4q_growth_year": -48.42,
            "roe": 0.57,
            "roe_4q": 3.76,
            "gross_profit": 105109,
            "gross_margin": 18.78,
            "gross_margin_4q_avg": 20.78,
            "net_income": 16478,
            "revenue": 559654,
            "common_shares": 2468000,
            "book_valuer_per_share": 11.24,
            "book_valuer_per_share_4q_avg": 12.15,
            "equity": 2777330,
            "current_ratio": 464.6,
            "debt_ratio": 20.94,
            "inventory_turnover_ratio": 1.61,
            "account_receivable_turnover_ratio": 0.89,
            "reinvestment_rate": 76.45,
            "research_to_sale_ratio": 8.66,
            "price_fair": 33.13,
            "eps_avg_yearly": 0.95,
            "eps_latest_yearly": 0.28,
            "eps_growth_yearly": 132.2
        },
        "20113": {
            "year_quarter": 20113,
            "year": 2011,
            "quarter": 3,
            "eps": 0.24,
            "eps_growth_year": -16.79,
            "eps_4q": 0.41,
            "eps_4q_growth_year": -54.15,
            "roe": 2.18,
            "roe_4q": 3.61,
            "gross_profit": 121735,
            "gross_margin": 22.03,
            "gross_margin_4q_avg": 20.57,
            "net_income": 58153,
            "revenue": 552622,
            "common_shares": 2468000,
            "book_valuer_per_share": 10.36,
            "book_valuer_per_share_4q_avg": 11.62,
            "equity": 2560688,
            "current_ratio": 612.23,
            "debt_ratio": 16.31,
            "inventory_turnover_ratio": 1.52,
            "account_receivable_turnover_ratio": 0.8,
            "reinvestment_rate": 75.83,
            "research_to_sale_ratio": 9.04,
            "price_fair": 28.93,
            "eps_avg_yearly": 0.83,
            "eps_latest_yearly": 0.96,
            "eps_growth_yearly": 217.92
        },
        "20114": {
            "year_quarter": 20114,
            "year": 2011,
            "quarter": 4,
            "eps": -0.1,
            "eps_growth_year": null,
            "eps_4q": 0.31,
            "eps_4q_growth_year": -60.99,
            "roe": -1,
            "roe_4q": 2.67,
            "gross_profit": 102321,
            "gross_margin": 21.61,
            "gross_margin_4q_avg": 20.5,
            "net_income": -25584,
            "revenue": 473583,
            "common_shares": 2468000,
            "book_valuer_per_share": 10.43,
            "book_valuer_per_share_4q_avg": 11.07,
            "equity": 2578047,
            "current_ratio": 770.42,
            "debt_ratio": 13.71,
            "inventory_turnover_ratio": 1.49,
            "account_receivable_turnover_ratio": 0.74,
            "reinvestment_rate": 74.52,
            "research_to_sale_ratio": 9.78,
            "price_fair": 30.42,
            "eps_avg_yearly": 0.87,
            "eps_latest_yearly": 0.96,
            "eps_growth_yearly": 268.63
        },
        "20121": {
            "year_quarter": 20121,
            "year": 2012,
            "quarter": 1,
            "eps": -0.04,
            "eps_growth_year": -136.36,
            "eps_4q": 0.16,
            "eps_4q_growth_year": -78,
            "roe": -0.36,
            "roe_4q": 1.3900000000000001,
            "gross_profit": 93481,
            "gross_margin": 20.7,
            "gross_margin_4q_avg": 20.78,
            "net_income": -9619,
            "revenue": 451592,
            "common_shares": 2468000,
            "book_valuer_per_share": 10.95,
            "book_valuer_per_share_4q_avg": 10.75,
            "equity": 2706346,
            "current_ratio": 790.33,
            "debt_ratio": 13.38,
            "inventory_turnover_ratio": 1.57,
            "account_receivable_turnover_ratio": 0.85,
            "reinvestment_rate": 87.74,
            "research_to_sale_ratio": 11.87,
            "price_fair": 31.08,
            "eps_avg_yearly": 0.89,
            "eps_latest_yearly": 0.96,
            "eps_growth_yearly": 259.94
        },
        "20122": {
            "year_quarter": 20122,
            "year": 2012,
            "quarter": 2,
            "eps": 0.14,
            "eps_growth_year": 106.37,
            "eps_4q": 0.23,
            "eps_4q_growth_year": -49.41,
            "roe": 1.27,
            "roe_4q": 2.0900000000000003,
            "gross_profit": 113164,
            "gross_margin": 21.37,
            "gross_margin_4q_avg": 21.43,
            "net_income": 33963,
            "revenue": 529578,
            "common_shares": 2468000,
            "book_valuer_per_share": 10.72,
            "book_valuer_per_share_4q_avg": 10.62,
            "equity": 2649119,
            "current_ratio": 689.09,
            "debt_ratio": 15.06,
            "inventory_turnover_ratio": 1.67,
            "account_receivable_turnover_ratio": 0.96,
            "reinvestment_rate": 87.49,
            "research_to_sale_ratio": 9.13,
            "price_fair": 31.11,
            "eps_avg_yearly": 0.89,
            "eps_latest_yearly": 0.96,
            "eps_growth_yearly": 275.75
        },
        "20123": {
            "year_quarter": 20123,
            "year": 2012,
            "quarter": 3,
            "eps": 0.11,
            "eps_growth_year": -54.78,
            "eps_4q": 0.1,
            "eps_4q_growth_year": -75.08,
            "roe": 0.98,
            "roe_4q": 0.8900000000000001,
            "gross_profit": 109939,
            "gross_margin": 20.92,
            "gross_margin_4q_avg": 21.15,
            "net_income": 26366,
            "revenue": 525499,
            "common_shares": 2468000,
            "book_valuer_per_share": 11.1,
            "book_valuer_per_share_4q_avg": 10.8,
            "equity": 2742589,
            "current_ratio": 758.86,
            "debt_ratio": 13.93,
            "inventory_turnover_ratio": 1.61,
            "account_receivable_turnover_ratio": 0.89,
            "reinvestment_rate": 111.51,
            "research_to_sale_ratio": 9.94,
            "price_fair": 26.6,
            "eps_avg_yearly": 0.76,
            "eps_latest_yearly": 0.44,
            "eps_growth_yearly": 229.87
        },
        "20124": {
            "year_quarter": 20124,
            "year": 2012,
            "quarter": 4,
            "eps": -0.12,
            "eps_growth_year": null,
            "eps_4q": 0.08,
            "eps_4q_growth_year": -73.8,
            "roe": -1.11,
            "roe_4q": 0.7799999999999999,
            "gross_profit": 86505,
            "gross_margin": 19.05,
            "gross_margin_4q_avg": 20.51,
            "net_income": -30467,
            "revenue": 453992,
            "common_shares": 2468000,
            "book_valuer_per_share": 11.08,
            "book_valuer_per_share_4q_avg": 10.96,
            "equity": 2737557,
            "current_ratio": 770.42,
            "debt_ratio": 13.71,
            "inventory_turnover_ratio": 1.5,
            "account_receivable_turnover_ratio": 0.84,
            "reinvestment_rate": 98.47,
            "research_to_sale_ratio": 11.28,
            "price_fair": 26.6,
            "eps_avg_yearly": 0.76,
            "eps_latest_yearly": 0.44,
            "eps_growth_yearly": 229.87
        },
        "20131": {
            "year_quarter": 20131,
            "year": 2013,
            "quarter": 1,
            "eps": 0.17,
            "eps_growth_year": null,
            "eps_4q": 0.3,
            "eps_4q_growth_year": 85.15,
            "roe": 1.57,
            "roe_4q": 2.71,
            "gross_profit": 89836,
            "gross_margin": 22.95,
            "gross_margin_4q_avg": 21.07,
            "net_income": 43112,
            "revenue": 391380,
            "common_shares": 2460000,
            "book_valuer_per_share": 11.16,
            "book_valuer_per_share_4q_avg": 11.02,
            "equity": 2749099,
            "current_ratio": 905.01,
            "debt_ratio": 12.91,
            "inventory_turnover_ratio": 1.15,
            "account_receivable_turnover_ratio": 0.83,
            "reinvestment_rate": 7.94,
            "research_to_sale_ratio": 11,
            "price_fair": 26.6,
            "eps_avg_yearly": 0.76,
            "eps_latest_yearly": 0.44,
            "eps_growth_yearly": 229.87
        },
        "20132": {
            "year_quarter": 20132,
            "year": 2013,
            "quarter": 2,
            "eps": 0.05,
            "eps_growth_year": -63.67,
            "eps_4q": 0.23,
            "eps_4q_growth_year": -0.87,
            "roe": 0.45,
            "roe_4q": 1.89,
            "gross_profit": 94672,
            "gross_margin": 20.64,
            "gross_margin_4q_avg": 20.89,
            "net_income": 11772,
            "revenue": 458669,
            "common_shares": 2214000,
            "book_valuer_per_share": 11.06,
            "book_valuer_per_share_4q_avg": 11.1,
            "equity": 2452956,
            "current_ratio": 450.86,
            "debt_ratio": 23.01,
            "inventory_turnover_ratio": 1.26,
            "account_receivable_turnover_ratio": 0.96,
            "reinvestment_rate": 9.1,
            "research_to_sale_ratio": 10.46,
            "price_fair": 25.51,
            "eps_avg_yearly": 0.73,
            "eps_latest_yearly": 0.2,
            "eps_growth_yearly": 166.75
        },
        "20133": {
            "year_quarter": 20133,
            "year": 2013,
            "quarter": 3,
            "eps": 0.18,
            "eps_growth_year": 69.13,
            "eps_4q": 0.3,
            "eps_4q_growth_year": 197.97,
            "roe": 1.72,
            "roe_4q": 2.63,
            "gross_profit": 109002,
            "gross_margin": 22.35,
            "gross_margin_4q_avg": 21.25,
            "net_income": 42889,
            "revenue": 487734,
            "common_shares": 2214000,
            "book_valuer_per_share": 11.47,
            "book_valuer_per_share_4q_avg": 11.19,
            "equity": 2544581,
            "current_ratio": 498.02,
            "debt_ratio": 21.02,
            "inventory_turnover_ratio": 1.34,
            "account_receivable_turnover_ratio": 0.92,
            "reinvestment_rate": 15.6,
            "research_to_sale_ratio": 9.85,
            "price_fair": 23.96,
            "eps_avg_yearly": 0.68,
            "eps_latest_yearly": 0.72,
            "eps_growth_yearly": 223.04
        },
        "20134": {
            "year_quarter": 20134,
            "year": 2013,
            "quarter": 4,
            "eps": 0.13,
            "eps_growth_year": null,
            "eps_4q": 0.57,
            "eps_4q_growth_year": 599.07,
            "roe": 1.14,
            "roe_4q": 4.88,
            "gross_profit": 119025,
            "gross_margin": 24.04,
            "gross_margin_4q_avg": 22.5,
            "net_income": 29497,
            "revenue": 495134,
            "common_shares": 2214000,
            "book_valuer_per_share": 11.92,
            "book_valuer_per_share_4q_avg": 11.4,
            "equity": 2644475,
            "current_ratio": 711.72,
            "debt_ratio": 15.52,
            "inventory_turnover_ratio": 1.37,
            "account_receivable_turnover_ratio": 0.91,
            "reinvestment_rate": -106.98,
            "research_to_sale_ratio": 12.68,
            "price_fair": 24.73,
            "eps_avg_yearly": 0.71,
            "eps_latest_yearly": 0.52,
            "eps_growth_yearly": 242.44
        },
        "20141": {
            "year_quarter": 20141,
            "year": 2014,
            "quarter": 1,
            "eps": 0.25,
            "eps_growth_year": 47.06,
            "eps_4q": 0.63,
            "eps_4q_growth_year": 112.16,
            "roe": 2,
            "roe_4q": 5.31,
            "gross_profit": 94421,
            "gross_margin": 23.29,
            "gross_margin_4q_avg": 22.58,
            "net_income": 54932,
            "revenue": 405415,
            "common_shares": 2214000,
            "book_valuer_per_share": 12.89,
            "book_valuer_per_share_4q_avg": 11.84,
            "equity": 2859706,
            "current_ratio": 876.37,
            "debt_ratio": 13.11,
            "inventory_turnover_ratio": 1.15,
            "account_receivable_turnover_ratio": 0.79,
            "reinvestment_rate": -103.8,
            "research_to_sale_ratio": 13.11,
            "price_fair": 25.67,
            "eps_avg_yearly": 0.73,
            "eps_latest_yearly": 1,
            "eps_growth_yearly": 222.36
        },
        "20142": {
            "year_quarter": 20142,
            "year": 2014,
            "quarter": 2,
            "eps": 0.17,
            "eps_growth_year": 240,
            "eps_4q": 0.74,
            "eps_4q_growth_year": 224.49,
            "roe": 1.27,
            "roe_4q": 6.13,
            "gross_profit": 101991,
            "gross_margin": 21.76,
            "gross_margin_4q_avg": 22.86,
            "net_income": 37330,
            "revenue": 468692,
            "common_shares": 2214000,
            "book_valuer_per_share": 13.53,
            "book_valuer_per_share_4q_avg": 12.45,
            "equity": 3001169,
            "current_ratio": 663.33,
            "debt_ratio": 16.28,
            "inventory_turnover_ratio": 1.21,
            "account_receivable_turnover_ratio": 0.93,
            "reinvestment_rate": -108.81,
            "research_to_sale_ratio": 10.98,
            "price_fair": 23.02,
            "eps_avg_yearly": 0.66,
            "eps_latest_yearly": 0.68,
            "eps_growth_yearly": 173.05
        },
        "20143": {
            "year_quarter": 20143,
            "year": 2014,
            "quarter": 3,
            "eps": 0.4,
            "eps_growth_year": 122.22,
            "eps_4q": 0.95,
            "eps_4q_growth_year": 214.11,
            "roe": 3,
            "roe_4q": 7.409999999999999,
            "gross_profit": 122676,
            "gross_margin": 22.19,
            "gross_margin_4q_avg": 22.82,
            "net_income": 89516,
            "revenue": 552888,
            "common_shares": 2214000,
            "book_valuer_per_share": 13.35,
            "book_valuer_per_share_4q_avg": 12.92,
            "equity": 2960856,
            "current_ratio": 673.75,
            "debt_ratio": 16.1,
            "inventory_turnover_ratio": 1.18,
            "account_receivable_turnover_ratio": 0.96,
            "reinvestment_rate": -106.76,
            "research_to_sale_ratio": 11.33,
            "price_fair": 24.89,
            "eps_avg_yearly": 0.71,
            "eps_latest_yearly": 1.6,
            "eps_growth_yearly": 241.02
        },
        "20144": {
            "year_quarter": 20144,
            "year": 2014,
            "quarter": 4,
            "eps": 0.12,
            "eps_growth_year": -7.96,
            "eps_4q": 0.94,
            "eps_4q_growth_year": 64.15,
            "roe": 0.91,
            "roe_4q": 7.18,
            "gross_profit": 101370,
            "gross_margin": 22.52,
            "gross_margin_4q_avg": 22.44,
            "net_income": 27229,
            "revenue": 450072,
            "common_shares": 2214000,
            "book_valuer_per_share": 13.55,
            "book_valuer_per_share_4q_avg": 13.33,
            "equity": 3004694,
            "current_ratio": 803.28,
            "debt_ratio": 13.92,
            "inventory_turnover_ratio": 0.91,
            "account_receivable_turnover_ratio": 0.75,
            "reinvestment_rate": -100.55,
            "research_to_sale_ratio": 13.96,
            "price_fair": 24.08,
            "eps_avg_yearly": 0.69,
            "eps_latest_yearly": 0.48,
            "eps_growth_yearly": 188.92
        },
        "20151": {
            "year_quarter": 20151,
            "year": 2015,
            "quarter": 1,
            "eps": 0.08,
            "eps_growth_year": -68,
            "eps_4q": 0.77,
            "eps_4q_growth_year": 22.81,
            "roe": 0.56,
            "roe_4q": 5.74,
            "gross_profit": 92207,
            "gross_margin": 23.05,
            "gross_margin_4q_avg": 22.38,
            "net_income": 16930,
            "revenue": 400016,
            "common_shares": 2214000,
            "book_valuer_per_share": 13.72,
            "book_valuer_per_share_4q_avg": 13.54,
            "equity": 3041828,
            "current_ratio": 901.46,
            "debt_ratio": 12.65,
            "inventory_turnover_ratio": 0.86,
            "account_receivable_turnover_ratio": 0.75,
            "reinvestment_rate": -96.5,
            "research_to_sale_ratio": 13.13,
            "price_fair": 22.91,
            "eps_avg_yearly": 0.65,
            "eps_latest_yearly": 0.32,
            "eps_growth_yearly": 159.62
        },
        "20152": {
            "year_quarter": 20152,
            "year": 2015,
            "quarter": 2,
            "eps": 0.16,
            "eps_growth_year": -5.88,
            "eps_4q": 0.77,
            "eps_4q_growth_year": 3.25,
            "roe": 1.25,
            "roe_4q": 5.720000000000001,
            "gross_profit": 100282,
            "gross_margin": 23.29,
            "gross_margin_4q_avg": 22.76,
            "net_income": 36113,
            "revenue": 430538,
            "common_shares": 2214000,
            "book_valuer_per_share": 12.26,
            "book_valuer_per_share_4q_avg": 13.22,
            "equity": 2719149,
            "current_ratio": 483.49,
            "debt_ratio": 21.4,
            "inventory_turnover_ratio": 0.85,
            "account_receivable_turnover_ratio": 0.87,
            "reinvestment_rate": -84.55,
            "research_to_sale_ratio": 12.69,
            "price_fair": 24.05,
            "eps_avg_yearly": 0.69,
            "eps_latest_yearly": 0.64,
            "eps_growth_yearly": 209.21
        },
        "20153": {
            "year_quarter": 20153,
            "year": 2015,
            "quarter": 3,
            "eps": 0.26,
            "eps_growth_year": -35,
            "eps_4q": 0.62,
            "eps_4q_growth_year": -34.8,
            "roe": 2.17,
            "roe_4q": 4.89,
            "gross_profit": 110095,
            "gross_margin": 23.29,
            "gross_margin_4q_avg": 23.04,
            "net_income": 57486,
            "revenue": 472656,
            "common_shares": 2214000,
            "book_valuer_per_share": 11.67,
            "book_valuer_per_share_4q_avg": 12.8,
            "equity": 2587446,
            "current_ratio": 512.33,
            "debt_ratio": 20.47,
            "inventory_turnover_ratio": 0.9,
            "account_receivable_turnover_ratio": 0.89,
            "reinvestment_rate": -72.95,
            "research_to_sale_ratio": 12.33,
            "price_fair": 24.31,
            "eps_avg_yearly": 0.69,
            "eps_latest_yearly": 1.04,
            "eps_growth_yearly": 143.63
        },
        "20154": {
            "year_quarter": 20154,
            "year": 2015,
            "quarter": 4,
            "eps": 0.05,
            "eps_growth_year": -58.21,
            "eps_4q": 0.55,
            "eps_4q_growth_year": -41.66,
            "roe": 0.42,
            "roe_4q": 4.4,
            "gross_profit": 114606,
            "gross_margin": 24.08,
            "gross_margin_4q_avg": 23.43,
            "net_income": 11318,
            "revenue": 475872,
            "common_shares": 2214000,
            "book_valuer_per_share": 12.56,
            "book_valuer_per_share_4q_avg": 12.55,
            "equity": 2785915,
            "current_ratio": 627.12,
            "debt_ratio": 17.24,
            "inventory_turnover_ratio": 1,
            "account_receivable_turnover_ratio": 0.83,
            "reinvestment_rate": -68.45,
            "research_to_sale_ratio": 11.37,
            "price_fair": 22.87,
            "eps_avg_yearly": 0.65,
            "eps_latest_yearly": 0.2,
            "eps_growth_yearly": 104.73
        },
        "20161": {
            "year_quarter": 20161,
            "year": 2016,
            "quarter": 1,
            "eps": 0.08,
            "eps_growth_year": 0,
            "eps_4q": 0.55,
            "eps_4q_growth_year": -28.27,
            "roe": 0.63,
            "roe_4q": 4.47,
            "gross_profit": 118506,
            "gross_margin": 26.81,
            "gross_margin_4q_avg": 24.37,
            "net_income": 17616,
            "revenue": 442015,
            "common_shares": 2214000,
            "book_valuer_per_share": 12.67,
            "book_valuer_per_share_4q_avg": 12.29,
            "equity": 2809524,
            "current_ratio": 625.86,
            "debt_ratio": 17.26,
            "inventory_turnover_ratio": 0.94,
            "account_receivable_turnover_ratio": 0.79,
            "reinvestment_rate": -70.53,
            "research_to_sale_ratio": 11.34,
            "price_fair": 21.97,
            "eps_avg_yearly": 0.63,
            "eps_latest_yearly": 0.32,
            "eps_growth_yearly": 115.14
        },
        "20162": {
            "year_quarter": 20162,
            "year": 2016,
            "quarter": 2,
            "eps": 0.13,
            "eps_growth_year": -18.75,
            "eps_4q": 0.52,
            "eps_4q_growth_year": -32.76,
            "roe": 1,
            "roe_4q": 4.22,
            "gross_profit": 119560,
            "gross_margin": 24.4,
            "gross_margin_4q_avg": 24.65,
            "net_income": 27754,
            "revenue": 489997,
            "common_shares": 2214000,
            "book_valuer_per_share": 12.29,
            "book_valuer_per_share_4q_avg": 12.3,
            "equity": 2726682,
            "current_ratio": 478.33,
            "debt_ratio": 21.73,
            "inventory_turnover_ratio": 0.99,
            "account_receivable_turnover_ratio": 0.89,
            "reinvestment_rate": -69.44,
            "research_to_sale_ratio": 11.12,
            "price_fair": 21.7,
            "eps_avg_yearly": 0.62,
            "eps_latest_yearly": 0.52,
            "eps_growth_yearly": 124.77
        },
        "20163": {
            "year_quarter": 20163,
            "year": 2016,
            "quarter": 3,
            "eps": 0.31,
            "eps_growth_year": 19.23,
            "eps_4q": 0.57,
            "eps_4q_growth_year": -8.84,
            "roe": 2.47,
            "roe_4q": 4.5200000000000005,
            "gross_profit": 139278,
            "gross_margin": 23.76,
            "gross_margin_4q_avg": 24.76,
            "net_income": 69044,
            "revenue": 586136,
            "common_shares": 2220200,
            "book_valuer_per_share": 12.91,
            "book_valuer_per_share_4q_avg": 12.61,
            "equity": 2871323,
            "current_ratio": 456.23,
            "debt_ratio": 21.78,
            "inventory_turnover_ratio": 1.16,
            "account_receivable_turnover_ratio": 0.95,
            "reinvestment_rate": -41.3,
            "research_to_sale_ratio": 10.76,
            "price_fair": 23.7,
            "eps_avg_yearly": 0.68,
            "eps_latest_yearly": 1.24,
            "eps_growth_yearly": 170.46
        },
        "20164": {
            "year_quarter": 20164,
            "year": 2016,
            "quarter": 4,
            "eps": 0.12,
            "eps_growth_year": 139.63,
            "eps_4q": 0.64,
            "eps_4q_growth_year": 16.1,
            "roe": 0.95,
            "roe_4q": 5.05,
            "gross_profit": 123966,
            "gross_margin": 23.41,
            "gross_margin_4q_avg": 24.6,
            "net_income": 27358,
            "revenue": 529575,
            "common_shares": 2220200,
            "book_valuer_per_share": 13.1,
            "book_valuer_per_share_4q_avg": 12.74,
            "equity": 2914230,
            "current_ratio": 492.86,
            "debt_ratio": 20.3,
            "inventory_turnover_ratio": 1.14,
            "account_receivable_turnover_ratio": 0.79,
            "reinvestment_rate": -40.91,
            "research_to_sale_ratio": 12.98,
            "price_fair": 23.24,
            "eps_avg_yearly": 0.66,
            "eps_latest_yearly": 0.48,
            "eps_growth_yearly": 142.75
        },
        "20171": {
            "year_quarter": 20171,
            "year": 2017,
            "quarter": 1,
            "eps": 0.02,
            "eps_growth_year": -75,
            "eps_4q": 0.58,
            "eps_4q_growth_year": 4.31,
            "roe": 0.14,
            "roe_4q": 4.5600000000000005,
            "gross_profit": 121532,
            "gross_margin": 24.54,
            "gross_margin_4q_avg": 24.03,
            "net_income": 4118,
            "revenue": 495209,
            "common_shares": 2220200,
            "book_valuer_per_share": 13.85,
            "book_valuer_per_share_4q_avg": 13.04,
            "equity": 3081106,
            "current_ratio": 465.97,
            "debt_ratio": 21.36,
            "inventory_turnover_ratio": 1.05,
            "account_receivable_turnover_ratio": 0.78,
            "reinvestment_rate": 24.2,
            "research_to_sale_ratio": 11.38,
            "price_fair": 21.96,
            "eps_avg_yearly": 0.63,
            "eps_latest_yearly": 0.08,
            "eps_growth_yearly": 112.99
        },
        "20172": {
            "year_quarter": 20172,
            "year": 2017,
            "quarter": 2,
            "eps": 0.23,
            "eps_growth_year": 76.92,
            "eps_4q": 0.68,
            "eps_4q_growth_year": 32.01,
            "roe": 1.66,
            "roe_4q": 5.220000000000001,
            "gross_profit": 138496,
            "gross_margin": 24.73,
            "gross_margin_4q_avg": 24.11,
            "net_income": 51154,
            "revenue": 559921,
            "common_shares": 2226000,
            "book_valuer_per_share": 13.9,
            "book_valuer_per_share_4q_avg": 13.44,
            "equity": 3099061,
            "current_ratio": 388.51,
            "debt_ratio": 25.2,
            "inventory_turnover_ratio": 1,
            "account_receivable_turnover_ratio": 0.89,
            "reinvestment_rate": 22.86,
            "research_to_sale_ratio": 12.43,
            "price_fair": 23.54,
            "eps_avg_yearly": 0.67,
            "eps_latest_yearly": 0.92,
            "eps_growth_yearly": 393.14
        },
        "20173": {
            "year_quarter": 20173,
            "year": 2017,
            "quarter": 3,
            "eps": 0.51,
            "eps_growth_year": 64.52,
            "eps_4q": 0.88,
            "eps_4q_growth_year": 55.6,
            "roe": 3.62,
            "roe_4q": 6.37,
            "gross_profit": 176360,
            "gross_margin": 25.71,
            "gross_margin_4q_avg": 24.6,
            "net_income": 113969,
            "revenue": 685847,
            "common_shares": 2226000,
            "book_valuer_per_share": 14.37,
            "book_valuer_per_share_4q_avg": 13.81,
            "equity": 3204255,
            "current_ratio": 400.58,
            "debt_ratio": 24.61,
            "inventory_turnover_ratio": 1.09,
            "account_receivable_turnover_ratio": 0.94,
            "reinvestment_rate": 15.1,
            "research_to_sale_ratio": 11.01,
            "price_fair": 26.43,
            "eps_avg_yearly": 0.76,
            "eps_latest_yearly": 2.04,
            "eps_growth_yearly": 358.57
        },
        "20174": {
            "year_quarter": 20174,
            "year": 2017,
            "quarter": 4,
            "eps": 0.25,
            "eps_growth_year": 105.57,
            "eps_4q": 1.01,
            "eps_4q_growth_year": 58.5,
            "roe": 1.74,
            "roe_4q": 7.16,
            "gross_profit": 165417,
            "gross_margin": 25.84,
            "gross_margin_4q_avg": 25.21,
            "net_income": 56389,
            "revenue": 640168,
            "common_shares": 2225730,
            "book_valuer_per_share": 14.77,
            "book_valuer_per_share_4q_avg": 14.22,
            "equity": 3294218,
            "current_ratio": 447.1,
            "debt_ratio": 22.54,
            "inventory_turnover_ratio": 1.06,
            "account_receivable_turnover_ratio": 0.81,
            "reinvestment_rate": 1.13,
            "research_to_sale_ratio": 11.61,
            "price_fair": 27.48,
            "eps_avg_yearly": 0.79,
            "eps_latest_yearly": 1,
            "eps_growth_yearly": 352.77
        },
        "20181": {
            "year_quarter": 20181,
            "year": 2018,
            "quarter": 1,
            "eps": 0.2,
            "eps_growth_year": 900,
            "eps_4q": 1.19,
            "eps_4q_growth_year": 106.3,
            "roe": 1.32,
            "roe_4q": 8.34,
            "gross_profit": 136237,
            "gross_margin": 23.09,
            "gross_margin_4q_avg": 24.84,
            "net_income": 43933,
            "revenue": 590026,
            "common_shares": 2225730,
            "book_valuer_per_share": 14.98,
            "book_valuer_per_share_4q_avg": 14.51,
            "equity": 3340727,
            "current_ratio": 422.48,
            "debt_ratio": 24.07,
            "inventory_turnover_ratio": 0.99,
            "account_receivable_turnover_ratio": 0.8,
            "reinvestment_rate": -11.34,
            "research_to_sale_ratio": 10.77,
            "price_fair": 27.04,
            "eps_avg_yearly": 0.77,
            "eps_latest_yearly": 0.8,
            "eps_growth_yearly": 324.7
        },
        "20182": {
            "year_quarter": 20182,
            "year": 2018,
            "quarter": 2,
            "eps": 0.66,
            "eps_growth_year": 186.96,
            "eps_4q": 1.62,
            "eps_4q_growth_year": 137.57,
            "roe": 4.35,
            "roe_4q": 11.030000000000001,
            "gross_profit": 163416,
            "gross_margin": 24.48,
            "gross_margin_4q_avg": 24.78,
            "net_income": 145600,
            "revenue": 667640,
            "common_shares": 2225590,
            "book_valuer_per_share": 15.05,
            "book_valuer_per_share_4q_avg": 14.79,
            "equity": 3353967,
            "current_ratio": 368.32,
            "debt_ratio": 27.29,
            "inventory_turnover_ratio": 0.99,
            "account_receivable_turnover_ratio": 0.89,
            "reinvestment_rate": -9.21,
            "research_to_sale_ratio": 11.73,
            "price_fair": 31.33,
            "eps_avg_yearly": 0.9,
            "eps_latest_yearly": 2.64,
            "eps_growth_yearly": 390.2
        },
        "20183": {
            "year_quarter": 20183,
            "year": 2018,
            "quarter": 3,
            "eps": 0.27,
            "eps_growth_year": -47.06,
            "eps_4q": 1.68,
            "eps_4q_growth_year": 90.89,
            "roe": 1.7,
            "roe_4q": 9.11,
            "gross_profit": 181054,
            "gross_margin": 26.19,
            "gross_margin_4q_avg": 24.9,
            "net_income": 53813,
            "revenue": 691305,
            "common_shares": 1780444,
            "book_valuer_per_share": 16.61,
            "book_valuer_per_share_4q_avg": 15.35,
            "equity": 2962294,
            "current_ratio": 354.96,
            "debt_ratio": 28.28,
            "inventory_turnover_ratio": 0.96,
            "account_receivable_turnover_ratio": 0.83,
            "reinvestment_rate": -9.53,
            "research_to_sale_ratio": 9.47,
            "price_fair": 30.19,
            "eps_avg_yearly": 0.86,
            "eps_latest_yearly": 1.08,
            "eps_growth_yearly": 341.6
        },
        "20184": {
            "year_quarter": 20184,
            "year": 2018,
            "quarter": 4,
            "eps": -0.38,
            "eps_growth_year": -248.47,
            "eps_4q": 0.99,
            "eps_4q_growth_year": -2.13,
            "roe": -2.29,
            "roe_4q": 5.08,
            "gross_profit": 153628,
            "gross_margin": 24.96,
            "gross_margin_4q_avg": 24.68,
            "net_income": -67081,
            "revenue": 615486,
            "common_shares": 1780444,
            "book_valuer_per_share": 16.2,
            "book_valuer_per_share_4q_avg": 15.71,
            "equity": 2890113,
            "current_ratio": 409.81,
            "debt_ratio": 24.69,
            "inventory_turnover_ratio": 0.97,
            "account_receivable_turnover_ratio": 0.77,
            "reinvestment_rate": -13.35,
            "research_to_sale_ratio": 8.38,
            "price_fair": 31.08,
            "eps_avg_yearly": 0.89,
            "eps_latest_yearly": 1.08,
            "eps_growth_yearly": 383.04
        },
        "20191": {
            "year_quarter": 20191,
            "year": 2019,
            "quarter": 1,
            "eps": 0.62,
            "eps_growth_year": 210,
            "eps_4q": 1.37,
            "eps_4q_growth_year": 14.72,
            "roe": 3.76,
            "roe_4q": 7.52,
            "gross_profit": 117145,
            "gross_margin": 23.41,
            "gross_margin_4q_avg": 24.76,
            "net_income": 110776,
            "revenue": 500444,
            "common_shares": 1780444,
            "book_valuer_per_share": 16.82,
            "book_valuer_per_share_4q_avg": 16.17,
            "equity": 2999589,
            "current_ratio": 560.31,
            "debt_ratio": 19.16,
            "inventory_turnover_ratio": 0.9,
            "account_receivable_turnover_ratio": 0.72,
            "reinvestment_rate": -6.79,
            "research_to_sale_ratio": 13.71,
            "price_fair": 32.5,
            "eps_avg_yearly": 0.93,
            "eps_latest_yearly": 1.08,
            "eps_growth_yearly": 419.92
        },
        "20192": {
            "year_quarter": 20192,
            "year": 2019,
            "quarter": 2,
            "eps": 0.25,
            "eps_growth_year": -62.12,
            "eps_4q": 0.8,
            "eps_4q_growth_year": -50.54,
            "roe": 1.54,
            "roe_4q": 4.71,
            "gross_profit": 151082,
            "gross_margin": 25.74,
            "gross_margin_4q_avg": 25.08,
            "net_income": 44995,
            "revenue": 586969,
            "common_shares": 1780144,
            "book_valuer_per_share": 15.97,
            "book_valuer_per_share_4q_avg": 16.4,
            "equity": 2847910,
            "current_ratio": 402.82,
            "debt_ratio": 25.83,
            "inventory_turnover_ratio": 1.09,
            "account_receivable_turnover_ratio": 0.88,
            "reinvestment_rate": -6.52,
            "research_to_sale_ratio": 11.29,
            "price_fair": 33.4,
            "eps_avg_yearly": 0.95,
            "eps_latest_yearly": 1,
            "eps_growth_yearly": 374.3
        },
        "20193": {
            "year_quarter": 20193,
            "year": 2019,
            "quarter": 3,
            "eps": 0.51,
            "eps_growth_year": 88.89,
            "eps_4q": 1.02,
            "eps_4q_growth_year": -39.67,
            "roe": 3.16,
            "roe_4q": 6.170000000000001,
            "gross_profit": 159215,
            "gross_margin": 25.08,
            "gross_margin_4q_avg": 24.8,
            "net_income": 89967,
            "revenue": 634894,
            "common_shares": 1780144,
            "book_valuer_per_share": 16.2,
            "book_valuer_per_share_4q_avg": 16.3,
            "equity": 2851804,
            "current_ratio": 407.52,
            "debt_ratio": 25.4,
            "inventory_turnover_ratio": 1.36,
            "account_receivable_turnover_ratio": 0.86,
            "reinvestment_rate": -6.57,
            "research_to_sale_ratio": 13.35,
            "price_fair": 35.9,
            "eps_avg_yearly": 1.03,
            "eps_latest_yearly": 2.04,
            "eps_growth_yearly": 386.16
        },
        "20194": {
            "year_quarter": 20194,
            "year": 2019,
            "quarter": 4,
            "eps": 0.46,
            "eps_growth_year": null,
            "eps_4q": 1.86,
            "eps_4q_growth_year": 87.68,
            "roe": 2.76,
            "roe_4q": 11.219999999999999,
            "gross_profit": 147883,
            "gross_margin": 24.66,
            "gross_margin_4q_avg": 24.72,
            "net_income": 80384,
            "revenue": 599809,
            "common_shares": 1780144,
            "book_valuer_per_share": 16.94,
            "book_valuer_per_share_4q_avg": 16.48,
            "equity": 2972963,
            "current_ratio": 493.28,
            "debt_ratio": 21.83,
            "inventory_turnover_ratio": 1.3,
            "account_receivable_turnover_ratio": 0.81,
            "reinvestment_rate": -4.53,
            "research_to_sale_ratio": 15.1,
            "price_fair": 40,
            "eps_avg_yearly": 1.14,
            "eps_latest_yearly": 1.84,
            "eps_growth_yearly": 406.44
        },
        "20201": {
            "year_quarter": 20201,
            "year": 2020,
            "quarter": 1,
            "eps": -0.73,
            "eps_growth_year": -217.74,
            "eps_4q": 0.48,
            "eps_4q_growth_year": -64.55,
            "roe": -4.59,
            "roe_4q": 2.87,
            "gross_profit": 117952,
            "gross_margin": 24.84,
            "gross_margin_4q_avg": 25.08,
            "net_income": -130449,
            "revenue": 474829,
            "common_shares": 1780100,
            "book_valuer_per_share": 15.45,
            "book_valuer_per_share_4q_avg": 16.14,
            "equity": 2710969,
            "current_ratio": 393.38,
            "debt_ratio": 26.23,
            "inventory_turnover_ratio": 0.95,
            "account_receivable_turnover_ratio": 0.72,
            "reinvestment_rate": -4.12,
            "research_to_sale_ratio": 13.81,
            "price_fair": 42.22,
            "eps_avg_yearly": 1.21,
            "eps_latest_yearly": 1.84,
            "eps_growth_yearly": 419.24
        },
        "20202": {
            "year_quarter": 20202,
            "year": 2020,
            "quarter": 2,
            "eps": 0.87,
            "eps_growth_year": 248,
            "eps_4q": 1.11,
            "eps_4q_growth_year": 38.76,
            "roe": 5.68,
            "roe_4q": 7.01,
            "gross_profit": 173832,
            "gross_margin": 26.06,
            "gross_margin_4q_avg": 25.16,
            "net_income": 154742,
            "revenue": 667101,
            "common_shares": 1780100,
            "book_valuer_per_share": 15.59,
            "book_valuer_per_share_4q_avg": 16.05,
            "equity": 2735202,
            "current_ratio": 304.92,
            "debt_ratio": 32.78,
            "inventory_turnover_ratio": 1.17,
            "account_receivable_turnover_ratio": 0.97,
            "reinvestment_rate": -2,
            "research_to_sale_ratio": 11.35,
            "price_fair": 44.22,
            "eps_avg_yearly": 1.26,
            "eps_latest_yearly": 1.84,
            "eps_growth_yearly": 433.34
        },
        "20203": {
            "year_quarter": 20203,
            "year": 2020,
            "quarter": 3,
            "eps": 0.85,
            "eps_growth_year": 66.67,
            "eps_4q": 1.44,
            "eps_4q_growth_year": 42.31,
            "roe": 5.28,
            "roe_4q": 9.13,
            "gross_profit": 183204,
            "gross_margin": 25.43,
            "gross_margin_4q_avg": 25.25,
            "net_income": 149887,
            "revenue": 720422,
            "common_shares": 1780100,
            "book_valuer_per_share": 16.69,
            "book_valuer_per_share_4q_avg": 16.17,
            "equity": 2940800,
            "current_ratio": 316.26,
            "debt_ratio": 31.57,
            "inventory_turnover_ratio": 1.12,
            "account_receivable_turnover_ratio": 0.91,
            "reinvestment_rate": -15.52,
            "research_to_sale_ratio": 12.69,
            "price_fair": 50.52,
            "eps_avg_yearly": 1.44,
            "eps_latest_yearly": 3.4,
            "eps_growth_yearly": 386.42
        },
        "20204": {
            "year_quarter": 20204,
            "year": 2020,
            "quarter": 4,
            "eps": 0.95,
            "eps_growth_year": 107.53,
            "eps_4q": 1.94,
            "eps_4q_growth_year": 4.34,
            "roe": 5.46,
            "roe_4q": 11.830000000000002,
            "gross_profit": 191281,
            "gross_margin": 25.25,
            "gross_margin_4q_avg": 25.4,
            "net_income": 167324,
            "revenue": 757625,
            "common_shares": 1780100,
            "book_valuer_per_share": 18.09,
            "book_valuer_per_share_4q_avg": 16.46,
            "equity": 3187255,
            "current_ratio": 385.39,
            "debt_ratio": 26.04,
            "inventory_turnover_ratio": 1.25,
            "account_receivable_turnover_ratio": 0.88,
            "reinvestment_rate": -12.78,
            "research_to_sale_ratio": 12.45,
            "price_fair": 60.2,
            "eps_avg_yearly": 1.72,
            "eps_latest_yearly": 3.8,
            "eps_growth_yearly": 410.77
        },
        "20211": {
            "year_quarter": 20211,
            "year": 2021,
            "quarter": 1,
            "eps": 1.05,
            "eps_growth_year": null,
            "eps_4q": 3.71,
            "eps_4q_growth_year": 666.09,
            "roe": 5.57,
            "roe_4q": 21.990000000000002,
            "gross_profit": 185202,
            "gross_margin": 24.61,
            "gross_margin_4q_avg": 25.34,
            "net_income": 185768,
            "revenue": 752592,
            "common_shares": 1780100,
            "book_valuer_per_share": 19.64,
            "book_valuer_per_share_4q_avg": 17.5,
            "equity": 3485947,
            "current_ratio": 490.53,
            "debt_ratio": 20.92,
            "inventory_turnover_ratio": 1.49,
            "account_receivable_turnover_ratio": 0.85,
            "reinvestment_rate": -10.06,
            "research_to_sale_ratio": 12.86,
            "price_fair": 72.22,
            "eps_avg_yearly": 2.06,
            "eps_latest_yearly": 4.2,
            "eps_growth_yearly": 442.06
        },
        "20212": {
            "year_quarter": 20212,
            "year": 2021,
            "quarter": 2,
            "eps": 1.14,
            "eps_growth_year": 31.03,
            "eps_4q": 3.97,
            "eps_4q_growth_year": 258.36,
            "roe": 5.82,
            "roe_4q": 22.130000000000003,
            "gross_profit": 269336,
            "gross_margin": 29.81,
            "gross_margin_4q_avg": 26.28,
            "net_income": 201910,
            "revenue": 903621,
            "common_shares": 1780100,
            "book_valuer_per_share": 19.46,
            "book_valuer_per_share_4q_avg": 18.47,
            "equity": 3453670,
            "current_ratio": 328.84,
            "debt_ratio": 29.98,
            "inventory_turnover_ratio": 1.51,
            "account_receivable_turnover_ratio": 0.94,
            "reinvestment_rate": -8.72,
            "research_to_sale_ratio": 9.78,
            "price_fair": 82.83,
            "eps_avg_yearly": 2.37,
            "eps_latest_yearly": 4.56,
            "eps_growth_yearly": 94.92
        },
        "20213": {
            "year_quarter": 20213,
            "year": 2021,
            "quarter": 3,
            "eps": 1.01,
            "eps_growth_year": 18.82,
            "eps_4q": 4.14,
            "eps_4q_growth_year": 186.54,
            "roe": 5.1,
            "roe_4q": 21.950000000000003,
            "gross_profit": 305341,
            "gross_margin": 31.32,
            "gross_margin_4q_avg": 27.75,
            "net_income": 178633,
            "revenue": 974818,
            "common_shares": 1780100,
            "book_valuer_per_share": 20.02,
            "book_valuer_per_share_4q_avg": 19.3,
            "equity": 3551823,
            "current_ratio": 332.18,
            "debt_ratio": 29.6,
            "inventory_turnover_ratio": 1.33,
            "account_receivable_turnover_ratio": 0.91,
            "reinvestment_rate": -6.97,
            "research_to_sale_ratio": 9.56,
            "price_fair": 88.67,
            "eps_avg_yearly": 2.53,
            "eps_latest_yearly": 4.04,
            "eps_growth_yearly": 50.54
        },
        "20214": {
            "year_quarter": 20214,
            "year": 2021,
            "quarter": 4,
            "eps": 1.05,
            "eps_growth_year": 10.65,
            "eps_4q": 4.28,
            "eps_4q_growth_year": 120.47,
            "roe": 5.13,
            "roe_4q": 21.62,
            "gross_profit": 345990,
            "gross_margin": 35.63,
            "gross_margin_4q_avg": 30.34,
            "net_income": 185033,
            "revenue": 970952,
            "common_shares": 1780100,
            "book_valuer_per_share": 20.83,
            "book_valuer_per_share_4q_avg": 19.99,
            "equity": 3666107,
            "current_ratio": 324.58,
            "debt_ratio": 30.3,
            "inventory_turnover_ratio": 0.97,
            "account_receivable_turnover_ratio": 0.84,
            "reinvestment_rate": -0.08,
            "research_to_sale_ratio": 9.72,
            "price_fair": 98,
            "eps_avg_yearly": 2.8,
            "eps_latest_yearly": 4.2,
            "eps_growth_yearly": 68.85
        },
        "20221": {
            "year_quarter": 20221,
            "year": 2022,
            "quarter": 1,
            "eps": 0.74,
            "eps_growth_year": -29.52,
            "eps_4q": 3.94,
            "eps_4q_growth_year": 6.38,
            "roe": 3.49,
            "roe_4q": 19.54,
            "gross_profit": 327225,
            "gross_margin": 34.54,
            "gross_margin_4q_avg": 32.83,
            "net_income": 130897,
            "revenue": 947342,
            "common_shares": 1780100,
            "book_valuer_per_share": 21.74,
            "book_valuer_per_share_4q_avg": 20.51,
            "equity": 3843311,
            "current_ratio": 376.73,
            "debt_ratio": 26.22,
            "inventory_turnover_ratio": 0.72,
            "account_receivable_turnover_ratio": 0.8,
            "reinvestment_rate": 8.98,
            "research_to_sale_ratio": 9.62,
            "price_fair": 104.3,
            "eps_avg_yearly": 2.98,
            "eps_latest_yearly": 2.96,
            "eps_growth_yearly": 65.67
        },
        "20222": {
            "year_quarter": 20222,
            "year": 2022,
            "quarter": 2,
            "eps": 0.18,
            "eps_growth_year": -84.21,
            "eps_4q": 2.98,
            "eps_4q_growth_year": -24.93,
            "roe": 0.91,
            "roe_4q": 14.63,
            "gross_profit": 211452,
            "gross_margin": 31.86,
            "gross_margin_4q_avg": 33.34,
            "net_income": 31927,
            "revenue": 663669,
            "common_shares": 1780100,
            "book_valuer_per_share": 17.89,
            "book_valuer_per_share_4q_avg": 20.12,
            "equity": 3162250,
            "current_ratio": 266.45,
            "debt_ratio": 36.03,
            "inventory_turnover_ratio": 0.4,
            "account_receivable_turnover_ratio": 0.63,
            "reinvestment_rate": 8.72,
            "research_to_sale_ratio": 9.69,
            "price_fair": 8.46,
            "eps_avg_yearly": 2.82,
            "eps_latest_yearly": 0.72,
            "eps_growth_yearly": -36.22
        },
        "20223": {
            "year_quarter": 20223,
            "year": 2022,
            "quarter": 3,
            "eps": -0.15,
            "eps_growth_year": -114.85,
            "eps_4q": 1.82,
            "eps_4q_growth_year": -56.01,
            "roe": -0.81,
            "roe_4q": 8.72,
            "gross_profit": 163836,
            "gross_margin": 27.02,
            "gross_margin_4q_avg": 32.26,
            "net_income": -28004,
            "revenue": 606384,
            "common_shares": 1780100,
            "book_valuer_per_share": 17.64,
            "book_valuer_per_share_4q_avg": 19.53,
            "equity": 3762679,
            "current_ratio": 200.49,
            "debt_ratio": 40.86,
            "inventory_turnover_ratio": 0.29,
            "account_receivable_turnover_ratio": 0.69,
            "reinvestment_rate": 9.5,
            "research_to_sale_ratio": 14.69,
            "price_fair": 8.93,
            "eps_avg_yearly": 2.98,
            "eps_latest_yearly": 0.72,
            "eps_growth_yearly": -18.02
        },
        "20224": {
            "year_quarter": 20224,
            "year": 2022,
            "quarter": 4,
            "eps": 0.06,
            "eps_growth_year": -94.65,
            "eps_4q": 0.83,
            "eps_4q_growth_year": -80.56,
            "roe": -0.72,
            "roe_4q": 2.87,
            "gross_profit": 141108,
            "gross_margin": 21.04,
            "gross_margin_4q_avg": 28.62,
            "net_income": -26950,
            "revenue": 670758,
            "common_shares": 1780100,
            "book_valuer_per_share": 17.85,
            "book_valuer_per_share_4q_avg": 18.78,
            "equity": 3764655,
            "current_ratio": 215.2,
            "debt_ratio": 37.17,
            "inventory_turnover_ratio": 0.32,
            "account_receivable_turnover_ratio": 0.82,
            "reinvestment_rate": 10.14,
            "research_to_sale_ratio": 14.07,
            "price_fair": 8.93,
            "eps_avg_yearly": 2.98,
            "eps_latest_yearly": 0.72,
            "eps_growth_yearly": -18.02
        },
        "20231": {
            "year_quarter": 20231,
            "year": 2023,
            "quarter": 1,
            "eps": 0.21,
            "eps_growth_year": -71.62,
            "eps_4q": 0.3,
            "eps_4q_growth_year": -92.33,
            "roe": 0.68,
            "roe_4q": 0.06000000000000005,
            "gross_profit": 128948,
            "gross_margin": 22.99,
            "gross_margin_4q_avg": 25.73,
            "net_income": 26042,
            "revenue": 560925,
            "common_shares": 1780100,
            "book_valuer_per_share": 18.63,
            "book_valuer_per_share_4q_avg": 18,
            "equity": 3859370,
            "current_ratio": 245.47,
            "debt_ratio": 33.08,
            "inventory_turnover_ratio": 0.29,
            "account_receivable_turnover_ratio": 0.77,
            "reinvestment_rate": 7.54,
            "research_to_sale_ratio": 19.24,
            "price_fair": 98,
            "eps_avg_yearly": 2.8,
            "eps_latest_yearly": 0.84,
            "eps_growth_yearly": 66.81
        }
    },
    "months": {
        "2001-06": {
            "month": "2001-06",
            "price": "64.22",
            "revenue": 85316
        },
        "2001-07": {
            "month": "2001-07",
            "price": "38.53",
            "revenue": 85438
        },
        "2001-08": {
            "month": "2001-08",
            "price": "40.10",
            "revenue": 113277
        },
        "2001-09": {
            "month": "2001-09",
            "price": "28.99",
            "revenue": 100471
        },
        "2001-10": {
            "month": "2001-10",
            "price": "21.36",
            "revenue": 101955
        },
        "2001-11": {
            "month": "2001-11",
            "price": "29.65",
            "revenue": 111300
        },
        "2001-12": {
            "month": "2001-12",
            "price": "45.57",
            "revenue": 112285
        },
        "2002-01": {
            "month": "2002-01",
            "price": "50.59",
            "revenue": 119368
        },
        "2002-02": {
            "month": "2002-02",
            "price": "53.25",
            "revenue": 95607
        },
        "2002-03": {
            "month": "2002-03",
            "price": "55.55",
            "revenue": 126492
        },
        "2002-04": {
            "month": "2002-04",
            "price": "52.16",
            "revenue": 120124
        },
        "2002-05": {
            "month": "2002-05",
            "price": "43.94",
            "revenue": 111599
        },
        "2002-06": {
            "month": "2002-06",
            "price": "40.34",
            "revenue": 104237
        },
        "2002-07": {
            "month": "2002-07",
            "price": "37.81",
            "revenue": 105228
        },
        "2002-08": {
            "month": "2002-08",
            "price": "32.29",
            "revenue": 116617
        },
        "2002-09": {
            "month": "2002-09",
            "price": "34.92",
            "revenue": 136222
        },
        "2002-10": {
            "month": "2002-10",
            "price": "34.97",
            "revenue": 147863
        },
        "2002-11": {
            "month": "2002-11",
            "price": "35.29",
            "revenue": 154481
        },
        "2002-12": {
            "month": "2002-12",
            "price": "32.92",
            "revenue": 117302
        },
        "2003-01": {
            "month": "2003-01",
            "price": "30.71",
            "revenue": 130119
        },
        "2003-02": {
            "month": "2003-02",
            "price": "26.72",
            "revenue": 105994
        },
        "2003-03": {
            "month": "2003-03",
            "price": "27.89",
            "revenue": 126514
        },
        "2003-04": {
            "month": "2003-04",
            "price": "26.89",
            "revenue": 139475
        },
        "2003-05": {
            "month": "2003-05",
            "price": "24.77",
            "revenue": 112016
        },
        "2003-06": {
            "month": "2003-06",
            "price": "27.46",
            "revenue": 109553
        },
        "2003-07": {
            "month": "2003-07",
            "price": "28.54",
            "revenue": 117241
        },
        "2003-08": {
            "month": "2003-08",
            "price": "24.23",
            "revenue": 123080
        },
        "2003-09": {
            "month": "2003-09",
            "price": "24.15",
            "revenue": 142564
        },
        "2003-10": {
            "month": "2003-10",
            "price": "24.72",
            "revenue": 150209
        },
        "2003-11": {
            "month": "2003-11",
            "price": "25.08",
            "revenue": 130008
        },
        "2003-12": {
            "month": "2003-12",
            "price": "26.10",
            "revenue": 132069
        },
        "2004-01": {
            "month": "2004-01",
            "price": "27.11",
            "revenue": 100327
        },
        "2004-02": {
            "month": "2004-02",
            "price": "26.20",
            "revenue": 120164
        },
        "2004-03": {
            "month": "2004-03",
            "price": "25.70",
            "revenue": 122921
        },
        "2004-04": {
            "month": "2004-04",
            "price": "25.24",
            "revenue": 124723
        },
        "2004-05": {
            "month": "2004-05",
            "price": "20.95",
            "revenue": 125923
        },
        "2004-06": {
            "month": "2004-06",
            "price": "20.02",
            "revenue": 110032
        },
        "2004-07": {
            "month": "2004-07",
            "price": "17.96",
            "revenue": 111824
        },
        "2004-08": {
            "month": "2004-08",
            "price": "16.60",
            "revenue": 129352
        },
        "2004-09": {
            "month": "2004-09",
            "price": "15.71",
            "revenue": 110916
        },
        "2004-10": {
            "month": "2004-10",
            "price": "14.68",
            "revenue": 94530
        },
        "2004-11": {
            "month": "2004-11",
            "price": "13.09",
            "revenue": 92352
        },
        "2004-12": {
            "month": "2004-12",
            "price": "12.73",
            "revenue": 82921
        },
        "2005-01": {
            "month": "2005-01",
            "price": "12.74",
            "revenue": 92015
        },
        "2005-02": {
            "month": "2005-02",
            "price": "13.32",
            "revenue": 68167
        },
        "2005-03": {
            "month": "2005-03",
            "price": "14.66",
            "revenue": 79021
        },
        "2005-04": {
            "month": "2005-04",
            "price": "13.41",
            "revenue": 77894
        },
        "2005-05": {
            "month": "2005-05",
            "price": "11.13",
            "revenue": 77211
        },
        "2005-06": {
            "month": "2005-06",
            "price": "13.18",
            "revenue": 69847
        },
        "2005-07": {
            "month": "2005-07",
            "price": "14.23",
            "revenue": 107199
        },
        "2005-08": {
            "month": "2005-08",
            "price": "12.90",
            "revenue": 95559
        },
        "2005-09": {
            "month": "2005-09",
            "price": "11.19",
            "revenue": 105105
        },
        "2005-10": {
            "month": "2005-10",
            "price": "10.90",
            "revenue": 113018
        },
        "2005-11": {
            "month": "2005-11",
            "price": "11.50",
            "revenue": 112315
        },
        "2005-12": {
            "month": "2005-12",
            "price": "14.03",
            "revenue": 84897
        },
        "2006-01": {
            "month": "2006-01",
            "price": "14.16",
            "revenue": 89542
        },
        "2006-02": {
            "month": "2006-02",
            "price": "12.64",
            "revenue": 71538
        },
        "2006-03": {
            "month": "2006-03",
            "price": "12.22",
            "revenue": 83189
        },
        "2006-04": {
            "month": "2006-04",
            "price": "13.35",
            "revenue": 77943
        },
        "2006-05": {
            "month": "2006-05",
            "price": "13.02",
            "revenue": 77561
        },
        "2006-06": {
            "month": "2006-06",
            "price": "11.08",
            "revenue": 67960
        },
        "2006-07": {
            "month": "2006-07",
            "price": "10.89",
            "revenue": 88069
        },
        "2006-08": {
            "month": "2006-08",
            "price": "10.95",
            "revenue": 85593
        },
        "2006-09": {
            "month": "2006-09",
            "price": "10.86",
            "revenue": 85123
        },
        "2006-10": {
            "month": "2006-10",
            "price": "11.37",
            "revenue": 147204
        },
        "2006-11": {
            "month": "2006-11",
            "price": "13.48",
            "revenue": 208860
        },
        "2006-12": {
            "month": "2006-12",
            "price": "14.84",
            "revenue": 164435
        },
        "2007-01": {
            "month": "2007-01",
            "price": "20.67",
            "revenue": 172820
        },
        "2007-02": {
            "month": "2007-02",
            "price": "21.52",
            "revenue": 123490
        },
        "2007-03": {
            "month": "2007-03",
            "price": "24.63",
            "revenue": 199747
        },
        "2007-04": {
            "month": "2007-04",
            "price": "25.62",
            "revenue": 190194
        },
        "2007-05": {
            "month": "2007-05",
            "price": "24.56",
            "revenue": 213729
        },
        "2007-06": {
            "month": "2007-06",
            "price": "38.95",
            "revenue": 170510
        },
        "2007-07": {
            "month": "2007-07",
            "price": "48.38",
            "revenue": 225582
        },
        "2007-08": {
            "month": "2007-08",
            "price": "45.71",
            "revenue": 261960
        },
        "2007-09": {
            "month": "2007-09",
            "price": "43.89",
            "revenue": 225008
        },
        "2007-10": {
            "month": "2007-10",
            "price": "41.18",
            "revenue": 269013
        },
        "2007-11": {
            "month": "2007-11",
            "price": "34.56",
            "revenue": 214057
        },
        "2007-12": {
            "month": "2007-12",
            "price": "34.92",
            "revenue": 165375
        },
        "2008-01": {
            "month": "2008-01",
            "price": "31.78",
            "revenue": 207983
        },
        "2008-02": {
            "month": "2008-02",
            "price": "27.03",
            "revenue": 163228
        },
        "2008-03": {
            "month": "2008-03",
            "price": "29.86",
            "revenue": 197835
        },
        "2008-04": {
            "month": "2008-04",
            "price": "33.16",
            "revenue": 221560
        },
        "2008-05": {
            "month": "2008-05",
            "price": "34.23",
            "revenue": 215274
        },
        "2008-06": {
            "month": "2008-06",
            "price": "28.37",
            "revenue": 189399
        },
        "2008-07": {
            "month": "2008-07",
            "price": "23.32",
            "revenue": 204416
        },
        "2008-08": {
            "month": "2008-08",
            "price": "26.10",
            "revenue": 212708
        },
        "2008-09": {
            "month": "2008-09",
            "price": "19.07",
            "revenue": 231503
        },
        "2008-10": {
            "month": "2008-10",
            "price": "17.02",
            "revenue": 161954
        },
        "2008-11": {
            "month": "2008-11",
            "price": "13.24",
            "revenue": 88697
        },
        "2008-12": {
            "month": "2008-12",
            "price": "11.96",
            "revenue": 79166
        },
        "2009-01": {
            "month": "2009-01",
            "price": "12.75",
            "revenue": 82022
        },
        "2009-02": {
            "month": "2009-02",
            "price": "13.63",
            "revenue": 139125
        },
        "2009-03": {
            "month": "2009-03",
            "price": "17.44",
            "revenue": 161228
        },
        "2009-04": {
            "month": "2009-04",
            "price": "17.93",
            "revenue": 173916
        },
        "2009-05": {
            "month": "2009-05",
            "price": "22.32",
            "revenue": 145327
        },
        "2009-06": {
            "month": "2009-06",
            "price": "22.64",
            "revenue": 162232
        },
        "2009-07": {
            "month": "2009-07",
            "price": "24.93",
            "revenue": 191842
        },
        "2009-08": {
            "month": "2009-08",
            "price": "24.82",
            "revenue": 201993
        },
        "2009-09": {
            "month": "2009-09",
            "price": "24.85",
            "revenue": 232948
        },
        "2009-10": {
            "month": "2009-10",
            "price": "26.35",
            "revenue": 211091
        },
        "2009-11": {
            "month": "2009-11",
            "price": "26.98",
            "revenue": 179367
        },
        "2009-12": {
            "month": "2009-12",
            "price": "28.93",
            "revenue": 187355
        },
        "2010-01": {
            "month": "2010-01",
            "price": "29.09",
            "revenue": 214096
        },
        "2010-02": {
            "month": "2010-02",
            "price": "24.58",
            "revenue": 160377
        },
        "2010-03": {
            "month": "2010-03",
            "price": "26.46",
            "revenue": 221834
        },
        "2010-04": {
            "month": "2010-04",
            "price": "26.53",
            "revenue": 219116
        },
        "2010-05": {
            "month": "2010-05",
            "price": "23.16",
            "revenue": 204840
        },
        "2010-06": {
            "month": "2010-06",
            "price": "22.83",
            "revenue": 200873
        },
        "2010-07": {
            "month": "2010-07",
            "price": "22.44",
            "revenue": 203033
        },
        "2010-08": {
            "month": "2010-08",
            "price": "23.62",
            "revenue": 189621
        },
        "2010-09": {
            "month": "2010-09",
            "price": "26.99",
            "revenue": 170557
        },
        "2010-10": {
            "month": "2010-10",
            "price": "26.08",
            "revenue": 166486
        },
        "2010-11": {
            "month": "2010-11",
            "price": "25.16",
            "revenue": 165981
        },
        "2010-12": {
            "month": "2010-12",
            "price": "25.89",
            "revenue": 156373
        },
        "2011-01": {
            "month": "2011-01",
            "price": "25.11",
            "revenue": 162104
        },
        "2011-02": {
            "month": "2011-02",
            "price": "24.13",
            "revenue": 151204
        },
        "2011-03": {
            "month": "2011-03",
            "price": "21.73",
            "revenue": 197649
        },
        "2011-04": {
            "month": "2011-04",
            "price": "20.70",
            "revenue": 189166
        },
        "2011-05": {
            "month": "2011-05",
            "price": "21.12",
            "revenue": 194525
        },
        "2011-06": {
            "month": "2011-06",
            "price": "19.39",
            "revenue": 172567
        },
        "2011-07": {
            "month": "2011-07",
            "price": "16.87",
            "revenue": 190908
        },
        "2011-08": {
            "month": "2011-08",
            "price": "17.37",
            "revenue": 183943
        },
        "2011-09": {
            "month": "2011-09",
            "price": "16.93",
            "revenue": 174628
        },
        "2011-10": {
            "month": "2011-10",
            "price": "18.21",
            "revenue": 165628
        },
        "2011-11": {
            "month": "2011-11",
            "price": "16.97",
            "revenue": 168224
        },
        "2011-12": {
            "month": "2011-12",
            "price": "13.74",
            "revenue": 136603
        },
        "2012-01": {
            "month": "2012-01",
            "price": "13.92",
            "revenue": 121337
        },
        "2012-02": {
            "month": "2012-02",
            "price": "16.49",
            "revenue": 151856
        },
        "2012-03": {
            "month": "2012-03",
            "price": "16.55",
            "revenue": 177513
        },
        "2012-04": {
            "month": "2012-04",
            "price": "14.15",
            "revenue": 184487
        },
        "2012-05": {
            "month": "2012-05",
            "price": "13.60",
            "revenue": 178598
        },
        "2012-06": {
            "month": "2012-06",
            "price": "12.88",
            "revenue": 165368
        },
        "2012-07": {
            "month": "2012-07",
            "price": "12.35",
            "revenue": 170588
        },
        "2012-08": {
            "month": "2012-08",
            "price": "12.05",
            "revenue": 177229
        },
        "2012-09": {
            "month": "2012-09",
            "price": "12.93",
            "revenue": 177514
        },
        "2012-10": {
            "month": "2012-10",
            "price": "11.68",
            "revenue": 163563
        },
        "2012-11": {
            "month": "2012-11",
            "price": "10.42",
            "revenue": 154031
        },
        "2012-12": {
            "month": "2012-12",
            "price": "11.45",
            "revenue": 133997
        },
        "2013-01": {
            "month": "2013-01",
            "price": "12.77",
            "revenue": 161040
        },
        "2013-02": {
            "month": "2013-02",
            "price": "15.23",
            "revenue": 99972
        },
        "2013-03": {
            "month": "2013-03",
            "price": "14.27",
            "revenue": 130368
        },
        "2013-04": {
            "month": "2013-04",
            "price": "13.34",
            "revenue": 146815
        },
        "2013-05": {
            "month": "2013-05",
            "price": "14.86",
            "revenue": 160911
        },
        "2013-06": {
            "month": "2013-06",
            "price": "15.77",
            "revenue": 150943
        },
        "2013-07": {
            "month": "2013-07",
            "price": "16.51",
            "revenue": 158118
        },
        "2013-08": {
            "month": "2013-08",
            "price": "19.17",
            "revenue": 167130
        },
        "2013-09": {
            "month": "2013-09",
            "price": "25.43",
            "revenue": 162486
        },
        "2013-10": {
            "month": "2013-10",
            "price": "25.74",
            "revenue": 177173
        },
        "2013-11": {
            "month": "2013-11",
            "price": "24.44",
            "revenue": 166033
        },
        "2013-12": {
            "month": "2013-12",
            "price": "26.28",
            "revenue": 151927
        },
        "2014-01": {
            "month": "2014-01",
            "price": "26.32",
            "revenue": 133036
        },
        "2014-02": {
            "month": "2014-02",
            "price": "34.00",
            "revenue": 124879
        },
        "2014-03": {
            "month": "2014-03",
            "price": "34.02",
            "revenue": 147500
        },
        "2014-04": {
            "month": "2014-04",
            "price": "30.62",
            "revenue": 153262
        },
        "2014-05": {
            "month": "2014-05",
            "price": "30.00",
            "revenue": 157742
        },
        "2014-06": {
            "month": "2014-06",
            "price": "33.66",
            "revenue": 157688
        },
        "2014-07": {
            "month": "2014-07",
            "price": "34.82",
            "revenue": 201290
        },
        "2014-08": {
            "month": "2014-08",
            "price": "32.46",
            "revenue": 176416
        },
        "2014-09": {
            "month": "2014-09",
            "price": "34.55",
            "revenue": 175182
        },
        "2014-10": {
            "month": "2014-10",
            "price": "30.18",
            "revenue": 153377
        },
        "2014-11": {
            "month": "2014-11",
            "price": "27.08",
            "revenue": 144185
        },
        "2014-12": {
            "month": "2014-12",
            "price": "30.42",
            "revenue": 152509
        },
        "2015-01": {
            "month": "2015-01",
            "price": "32.80",
            "revenue": 156485
        },
        "2015-02": {
            "month": "2015-02",
            "price": "33.49",
            "revenue": 106317
        },
        "2015-03": {
            "month": "2015-03",
            "price": "33.87",
            "revenue": 137214
        },
        "2015-04": {
            "month": "2015-04",
            "price": "30.47",
            "revenue": 148621
        },
        "2015-05": {
            "month": "2015-05",
            "price": "27.64",
            "revenue": 144503
        },
        "2015-06": {
            "month": "2015-06",
            "price": "26.13",
            "revenue": 137415
        },
        "2015-07": {
            "month": "2015-07",
            "price": "22.87",
            "revenue": 150113
        },
        "2015-08": {
            "month": "2015-08",
            "price": "15.95",
            "revenue": 153159
        },
        "2015-09": {
            "month": "2015-09",
            "price": "16.96",
            "revenue": 169384
        },
        "2015-10": {
            "month": "2015-10",
            "price": "19.29",
            "revenue": 164267
        },
        "2015-11": {
            "month": "2015-11",
            "price": "18.60",
            "revenue": 159274
        },
        "2015-12": {
            "month": "2015-12",
            "price": "20.72",
            "revenue": 152331
        },
        "2016-01": {
            "month": "2016-01",
            "price": "18.24",
            "revenue": 174514
        },
        "2016-02": {
            "month": "2016-02",
            "price": "20.49",
            "revenue": 111435
        },
        "2016-03": {
            "month": "2016-03",
            "price": "22.55",
            "revenue": 156066
        },
        "2016-04": {
            "month": "2016-04",
            "price": "23.04",
            "revenue": 156386
        },
        "2016-05": {
            "month": "2016-05",
            "price": "20.80",
            "revenue": 161606
        },
        "2016-06": {
            "month": "2016-06",
            "price": "21.48",
            "revenue": 172005
        },
        "2016-07": {
            "month": "2016-07",
            "price": "21.73",
            "revenue": 190915
        },
        "2016-08": {
            "month": "2016-08",
            "price": "23.21",
            "revenue": 200328
        },
        "2016-09": {
            "month": "2016-09",
            "price": "23.63",
            "revenue": 194892
        },
        "2016-10": {
            "month": "2016-10",
            "price": "23.36",
            "revenue": 177742
        },
        "2016-11": {
            "month": "2016-11",
            "price": "20.50",
            "revenue": 182872
        },
        "2016-12": {
            "month": "2016-12",
            "price": "21.12",
            "revenue": 168961
        },
        "2017-01": {
            "month": "2017-01",
            "price": "21.65",
            "revenue": 157361
        },
        "2017-02": {
            "month": "2017-02",
            "price": "23.33",
            "revenue": 136168
        },
        "2017-03": {
            "month": "2017-03",
            "price": "23.65",
            "revenue": 201680
        },
        "2017-04": {
            "month": "2017-04",
            "price": "27.12",
            "revenue": 169656
        },
        "2017-05": {
            "month": "2017-05",
            "price": "28.25",
            "revenue": 185213
        },
        "2017-06": {
            "month": "2017-06",
            "price": "28.10",
            "revenue": 205051
        },
        "2017-07": {
            "month": "2017-07",
            "price": "28.56",
            "revenue": 209431
        },
        "2017-08": {
            "month": "2017-08",
            "price": "27.46",
            "revenue": 234316
        },
        "2017-09": {
            "month": "2017-09",
            "price": "27.71",
            "revenue": 242100
        },
        "2017-10": {
            "month": "2017-10",
            "price": "30.25",
            "revenue": 198613
        },
        "2017-11": {
            "month": "2017-11",
            "price": "30.86",
            "revenue": 225892
        },
        "2017-12": {
            "month": "2017-12",
            "price": "29.54",
            "revenue": 215663
        },
        "2018-01": {
            "month": "2018-01",
            "price": "30.20",
            "revenue": 225046
        },
        "2018-02": {
            "month": "2018-02",
            "price": "27.89",
            "revenue": 150556
        },
        "2018-03": {
            "month": "2018-03",
            "price": "27.95",
            "revenue": 214423
        },
        "2018-04": {
            "month": "2018-04",
            "price": "26.99",
            "revenue": 218421
        },
        "2018-05": {
            "month": "2018-05",
            "price": "26.45",
            "revenue": 225147
        },
        "2018-06": {
            "month": "2018-06",
            "price": "28.36",
            "revenue": 224073
        },
        "2018-07": {
            "month": "2018-07",
            "price": "26.84",
            "revenue": 232217
        },
        "2018-08": {
            "month": "2018-08",
            "price": "27.56",
            "revenue": 236386
        },
        "2018-09": {
            "month": "2018-09",
            "price": "28.52",
            "revenue": 222702
        },
        "2018-10": {
            "month": "2018-10",
            "price": "24.70",
            "revenue": 214251
        },
        "2018-11": {
            "month": "2018-11",
            "price": "23.25",
            "revenue": 210871
        },
        "2018-12": {
            "month": "2018-12",
            "price": "23.62",
            "revenue": 190364
        },
        "2019-01": {
            "month": "2019-01",
            "price": "23.69",
            "revenue": 196273
        },
        "2019-02": {
            "month": "2019-02",
            "price": "24.82",
            "revenue": 126742
        },
        "2019-03": {
            "month": "2019-03",
            "price": "24.68",
            "revenue": 177430
        },
        "2019-04": {
            "month": "2019-04",
            "price": "25.49",
            "revenue": 182221
        },
        "2019-05": {
            "month": "2019-05",
            "price": "24.64",
            "revenue": 200454
        },
        "2019-06": {
            "month": "2019-06",
            "price": "25.62",
            "revenue": 204294
        },
        "2019-07": {
            "month": "2019-07",
            "price": "26.18",
            "revenue": 222773
        },
        "2019-08": {
            "month": "2019-08",
            "price": "26.71",
            "revenue": 204811
        },
        "2019-09": {
            "month": "2019-09",
            "price": "27.59",
            "revenue": 207310
        },
        "2019-10": {
            "month": "2019-10",
            "price": "27.05",
            "revenue": 201369
        },
        "2019-11": {
            "month": "2019-11",
            "price": "26.57",
            "revenue": 200108
        },
        "2019-12": {
            "month": "2019-12",
            "price": "26.64",
            "revenue": 198331
        },
        "2020-01": {
            "month": "2020-01",
            "price": "25.91",
            "revenue": 118033
        },
        "2020-02": {
            "month": "2020-02",
            "price": "22.83",
            "revenue": 143307
        },
        "2020-03": {
            "month": "2020-03",
            "price": "22.10",
            "revenue": 213489
        },
        "2020-04": {
            "month": "2020-04",
            "price": "24.76",
            "revenue": 235845
        },
        "2020-05": {
            "month": "2020-05",
            "price": "26.19",
            "revenue": 213510
        },
        "2020-06": {
            "month": "2020-06",
            "price": "27.60",
            "revenue": 217746
        },
        "2020-07": {
            "month": "2020-07",
            "price": "29.54",
            "revenue": 219736
        },
        "2020-08": {
            "month": "2020-08",
            "price": "29.51",
            "revenue": 244685
        },
        "2020-09": {
            "month": "2020-09",
            "price": "30.51",
            "revenue": 256001
        },
        "2020-10": {
            "month": "2020-10",
            "price": "31.47",
            "revenue": 230853
        },
        "2020-11": {
            "month": "2020-11",
            "price": "32.09",
            "revenue": 259775
        },
        "2020-12": {
            "month": "2020-12",
            "price": "43.87",
            "revenue": 266996
        },
        "2021-01": {
            "month": "2021-01",
            "price": "47.68",
            "revenue": 260609
        },
        "2021-02": {
            "month": "2021-02",
            "price": "45.53",
            "revenue": 194055
        },
        "2021-03": {
            "month": "2021-03",
            "price": "48.93",
            "revenue": 297928
        },
        "2021-04": {
            "month": "2021-04",
            "price": "73.67",
            "revenue": 270935
        },
        "2021-05": {
            "month": "2021-05",
            "price": "64.67",
            "revenue": 299224
        },
        "2021-06": {
            "month": "2021-06",
            "price": "72.92",
            "revenue": 333462
        },
        "2021-07": {
            "month": "2021-07",
            "price": "82.95",
            "revenue": 340110
        },
        "2021-08": {
            "month": "2021-08",
            "price": "74.02",
            "revenue": 318460
        },
        "2021-09": {
            "month": "2021-09",
            "price": "81.77",
            "revenue": 316247
        },
        "2021-10": {
            "month": "2021-10",
            "price": "79.00",
            "revenue": 325229
        },
        "2021-11": {
            "month": "2021-11",
            "price": "94.14",
            "revenue": 320962
        },
        "2021-12": {
            "month": "2021-12",
            "price": "95.73",
            "revenue": 324760
        },
        "2022-01": {
            "month": "2022-01",
            "price": "88.76",
            "revenue": 339166
        },
        "2022-02": {
            "month": "2022-02",
            "price": "90.94",
            "revenue": 283594
        },
        "2022-03": {
            "month": "2022-03",
            "price": "88.14",
            "revenue": 324582
        },
        "2022-04": {
            "month": "2022-04",
            "price": "76.91",
            "revenue": 233274
        },
        "2022-05": {
            "month": "2022-05",
            "price": "67.71",
            "revenue": 222635
        },
        "2022-06": {
            "month": "2022-06",
            "price": "63.36",
            "revenue": 207760
        },
        "2022-07": {
            "month": "2022-07",
            "price": "54.16",
            "revenue": 192134
        },
        "2022-08": {
            "month": "2022-08",
            "price": "55.04",
            "revenue": 194038
        },
        "2022-09": {
            "month": "2022-09",
            "price": "45.79",
            "revenue": 220211
        },
        "2022-10": {
            "month": "2022-10",
            "price": "40.65",
            "revenue": 226746
        },
        "2022-11": {
            "month": "2022-11",
            "price": "44.64",
            "revenue": 229978
        },
        "2022-12": {
            "month": "2022-12",
            "price": "44.04",
            "revenue": 214034
        },
        "2023-01": {
            "month": "2023-01",
            "price": "44.98",
            "revenue": 160495
        },
        "2023-02": {
            "month": "2023-02",
            "price": "49.29",
            "revenue": 177974
        },
        "2023-03": {
            "month": "2023-03",
            "price": "50.96",
            "revenue": 222456
        },
        "2023-04": {
            "month": "2023-04",
            "price": "51.32",
            "revenue": 218425
        }
    }
}
