{
    "summary": {
        "stock_name": "旺詮",
        "stock_id": "2437",
        "category": "電子零組件",
        "main_business": "電阻器",
        "website_url": "",
        "ceo": "徐禹銘",
        "pe_ratio": 14,
        "report_year_from": 2001,
        "report_year_to": 2017,
        "age": 22,
        "eps_negative_percentage": 0,
        "eps_growth_avg": {
            "last_all": -5.48,
            "last_2y": -33.27,
            "last_4y": -1.1,
            "last_8y": 6.74,
            "last_12y": -3.1,
            "last_16y": null,
            "last_20y": null,
            "at_2006_last_3y": -30.52,
            "at_2007_last_3y": -17.02,
            "at_2008_last_3y": -25.23,
            "at_2009_last_3y": 10.52,
            "at_2010_last_3y": 45.49,
            "at_2011_last_3y": 8.61,
            "at_2012_last_3y": 16.54,
            "at_2013_last_3y": 9.27,
            "at_2014_last_3y": 4.74,
            "at_2015_last_3y": 16.32,
            "at_2016_last_3y": 21.36,
            "at_2017_last_3y": -19.1,
            "at_2018_last_3y": -19.1,
            "at_2019_last_3y": -19.1,
            "at_2020_last_3y": -19.1,
            "at_2021_last_3y": -19.1,
            "at_2022_last_3y": -19.1,
            "at_2023_last_3y": -19.1,
            "at_2006_last_all": -37.75,
            "at_2007_last_all": -14.79,
            "at_2008_last_all": -21.19,
            "at_2009_last_all": -6.04,
            "at_2010_last_all": -0.75,
            "at_2011_last_all": -5.43,
            "at_2012_last_all": -7.47,
            "at_2013_last_all": -0.93,
            "at_2014_last_all": 0.94,
            "at_2015_last_all": 0.78,
            "at_2016_last_all": 0.22,
            "at_2017_last_all": -5.48,
            "at_2018_last_all": -5.48,
            "at_2019_last_all": -5.48,
            "at_2020_last_all": -5.48,
            "at_2021_last_all": -5.48,
            "at_2022_last_all": -5.48,
            "at_2023_last_all": -5.48
        },
        "latest_eps": 4.65,
        "latest_price": 63.9,
        "latest_roe": 9.52,
        "latest_gross_margin": 20.2,
        "latest_equity": 3284844,
        "latest_revenue": 954949,
        "latest_gross_profit": 192907,
        "latest_net_income": 32170,
        "latest_debt_ratio": 42.33,
        "latest_current_ratio": 258.59,
        "latest_account_receivable_turnover_ratio": 0.74,
        "latest_inventory_turnover_ratio": 0.85,
        "latest_reinvestment_rate": 38.38,
        "latest_research_to_sale_ratio": 1.33
    },
    "eps_dividends": {
        "1999": {
            "cash": 0,
            "stock": 1,
            "eps": 0
        },
        "2000": {
            "cash": 0,
            "stock": 2.6,
            "eps": 0
        },
        "2001": {
            "cash": 0,
            "stock": 5,
            "eps": 3
        },
        "2002": {
            "cash": 0.5,
            "stock": 2.5,
            "eps": 1
        },
        "2003": {
            "cash": 0.5,
            "stock": 0.71,
            "eps": 1.46
        },
        "2004": {
            "cash": 0.5,
            "stock": 1.01,
            "eps": 1.07
        },
        "2005": {
            "cash": 0.38,
            "stock": 0.49,
            "eps": 0.61
        },
        "2006": {
            "cash": 0.76,
            "stock": 0,
            "eps": 0.01
        },
        "2007": {
            "cash": 0,
            "stock": 0,
            "eps": 3.76
        },
        "2008": {
            "cash": 3.2,
            "stock": 0,
            "eps": 1.52
        },
        "2009": {
            "cash": 1.3,
            "stock": 0.08,
            "eps": 5.13
        },
        "2010": {
            "cash": 4,
            "stock": 0.52,
            "eps": 7.26
        },
        "2011": {
            "cash": 6,
            "stock": 0,
            "eps": 3.81
        },
        "2012": {
            "cash": 1.5,
            "stock": 0,
            "eps": 2.75
        },
        "2013": {
            "cash": 1.5,
            "stock": 0,
            "eps": 4.7
        },
        "2014": {
            "cash": 4,
            "stock": 0,
            "eps": 5.8
        },
        "2015": {
            "cash": 5,
            "stock": 0,
            "eps": 5.73
        },
        "2016": {
            "cash": 4,
            "stock": 0,
            "eps": 5.29
        },
        "2017": {
            "cash": 3.12,
            "stock": 0,
            "eps": 0.48
        }
    },
    "dividends": {
        "1999-03-26": {
            "cash": 0,
            "stock": 1
        },
        "2000-03-13": {
            "cash": 0,
            "stock": 2.6
        },
        "2001-03-22": {
            "cash": 0,
            "stock": 5
        },
        "2002-05-21": {
            "cash": 0.5,
            "stock": 2.5
        },
        "2003-03-14": {
            "cash": 0.5,
            "stock": 0.71
        },
        "2004-03-22": {
            "cash": 0.5,
            "stock": 1.01
        },
        "2005-03-14": {
            "cash": 0.38,
            "stock": 0.49
        },
        "2006-04-21": {
            "cash": 0.76,
            "stock": 0
        },
        "2008-03-17": {
            "cash": 3.2,
            "stock": 0
        },
        "2009-03-13": {
            "cash": 1.3,
            "stock": 0.08
        },
        "2010-03-19": {
            "cash": 4,
            "stock": 0.52
        },
        "2011-04-28": {
            "cash": 6,
            "stock": 0
        },
        "2012-03-15": {
            "cash": 1.5,
            "stock": 0
        },
        "2013-05-07": {
            "cash": 1.5,
            "stock": 0
        },
        "2014-07-31": {
            "cash": 4,
            "stock": 0
        },
        "2015-05-11": {
            "cash": 5,
            "stock": 0
        },
        "2016-03-07": {
            "cash": 4,
            "stock": 0
        },
        "2017-03-30": {
            "cash": 3.12,
            "stock": 0
        }
    },
    "prices": {
        "200101": "51.89",
        "200102": "70.76",
        "200103": "80.86",
        "200104": "84.45",
        "200105": "54.56",
        "200106": "42.79",
        "200107": "33.61",
        "200108": "39.17",
        "200109": "30.76",
        "200110": "26.26",
        "200111": "33.20",
        "200112": "38.78",
        "200201": "36.55",
        "200202": "35.68",
        "200203": "40.23",
        "200204": "41.05",
        "200205": "33.35",
        "200206": "31.40",
        "200207": "26.30",
        "200208": "20.16",
        "200209": "16.71",
        "200210": "17.18",
        "200211": "18.67",
        "200212": "17.36",
        "200301": "16.96",
        "200302": "17.11",
        "200303": "18.82",
        "200304": "19.33",
        "200305": "19.26",
        "200306": "22.80",
        "200307": "23.24",
        "200308": "20.51",
        "200309": "19.10",
        "200310": "19.35",
        "200311": "21.38",
        "200312": "23.93",
        "200401": "23.93",
        "200402": "25.16",
        "200403": "22.78",
        "200404": "23.03",
        "200405": "18.80",
        "200406": "17.59",
        "200407": "16.06",
        "200408": "15.41",
        "200409": "15.54",
        "200410": "14.63",
        "200411": "13.44",
        "200412": "12.91",
        "200501": "12.31",
        "200502": "12.83",
        "200503": "13.10",
        "200504": "12.46",
        "200505": "12.78",
        "200506": "13.20",
        "200507": "13.50",
        "200508": "11.76",
        "200509": "12.68",
        "200510": "13.19",
        "200511": "13.82",
        "200512": "14.90",
        "200601": "17.25",
        "200602": "17.69",
        "200603": "17.66",
        "200604": "18.85",
        "200605": "17.79",
        "200606": "16.47",
        "200607": "16.14",
        "200608": "16.75",
        "200609": "16.34",
        "200610": "18.53",
        "200611": "26.80",
        "200612": "27.17",
        "200701": "28.68",
        "200702": "30.72",
        "200703": "35.45",
        "200704": "40.27",
        "200705": "41.21",
        "200706": "43.76",
        "200707": "51.89",
        "200708": "62.69",
        "200709": "59.22",
        "200710": "57.84",
        "200711": "39.12",
        "200712": "36.54",
        "200801": "37.88",
        "200802": "35.64",
        "200803": "37.33",
        "200804": "39.88",
        "200805": "37.72",
        "200806": "33.86",
        "200807": "26.02",
        "200808": "24.33",
        "200809": "20.68",
        "200810": "16.80",
        "200811": "15.44",
        "200812": "14.91",
        "200901": "15.39",
        "200902": "15.18",
        "200903": "19.25",
        "200904": "22.04",
        "200905": "25.81",
        "200906": "24.83",
        "200907": "26.06",
        "200908": "31.56",
        "200909": "40.51",
        "200910": "42.46",
        "200911": "43.09",
        "200912": "45.60",
        "201001": "50.74",
        "201002": "50.95",
        "201003": "56.39",
        "201004": "70.08",
        "201005": "67.72",
        "201006": "63.22",
        "201007": "66.44",
        "201008": "65.23",
        "201009": "63.62",
        "201010": "61.38",
        "201011": "57.50",
        "201012": "59.75",
        "201101": "59.05",
        "201102": "60.46",
        "201103": "61.25",
        "201104": "61.99",
        "201105": "60.94",
        "201106": "61.03",
        "201107": "47.99",
        "201108": "39.71",
        "201109": "39.63",
        "201110": "38.98",
        "201111": "37.00",
        "201112": "34.71",
        "201201": "34.95",
        "201202": "38.47",
        "201203": "37.37",
        "201204": "31.54",
        "201205": "28.17",
        "201206": "28.15",
        "201207": "29.74",
        "201208": "30.02",
        "201209": "30.13",
        "201210": "28.80",
        "201211": "28.14",
        "201212": "28.92",
        "201301": "29.91",
        "201302": "32.31",
        "201303": "32.13",
        "201304": "31.48",
        "201305": "32.45",
        "201306": "32.64",
        "201307": "32.29",
        "201308": "39.94",
        "201309": "43.16",
        "201310": "43.50",
        "201311": "42.43",
        "201312": "51.51",
        "201401": "54.50",
        "201402": "52.86",
        "201403": "58.50",
        "201404": "59.40",
        "201405": "58.52",
        "201406": "58.32",
        "201407": "56.27",
        "201408": "61.50",
        "201409": "61.78",
        "201410": "57.32",
        "201411": "55.11",
        "201412": "54.63",
        "201501": "56.30",
        "201502": "58.18",
        "201503": "63.07",
        "201504": "65.41",
        "201505": "62.05",
        "201506": "58.27",
        "201507": "54.81",
        "201508": "45.85",
        "201509": "46.17",
        "201510": "49.55",
        "201511": "49.62",
        "201512": "49.97",
        "201601": "48.80",
        "201602": "50.24",
        "201603": "52.63",
        "201604": "51.04",
        "201605": "47.24",
        "201606": "48.94",
        "201607": "46.76",
        "201608": "48.01",
        "201609": "49.36",
        "201610": "48.24",
        "201611": "46.44",
        "201612": "47.10",
        "201701": "47.54",
        "201702": "55.83",
        "201703": "56.48",
        "201704": "56.87",
        "201705": "62.19",
        "201706": "64.93",
        "201707": "無",
        "201708": "無",
        "201709": "無",
        "201710": "無",
        "201711": "無",
        "201712": "無",
        "201801": "無",
        "201802": "無",
        "201803": "無",
        "201804": "無",
        "201805": "無",
        "201806": "無",
        "201807": "無",
        "201808": "無",
        "201809": "無",
        "201810": "無",
        "201811": "無",
        "201812": "無",
        "201901": "無",
        "201902": "無",
        "201903": "無",
        "201904": "無",
        "201905": "無",
        "201906": "無",
        "201907": "無",
        "201908": "無",
        "201909": "無",
        "201910": "無",
        "201911": "無",
        "201912": "無",
        "202001": "無",
        "202002": "無",
        "202003": "無",
        "202004": "無",
        "202005": "無",
        "202006": "無",
        "202007": "無",
        "202008": "無",
        "202009": "無",
        "202010": "無",
        "202011": "無",
        "202012": "無",
        "202101": "無",
        "202102": "無",
        "202103": "無",
        "202104": "無",
        "202105": "無",
        "202106": "無",
        "202107": "無",
        "202108": "無",
        "202109": "無",
        "202110": "無",
        "202111": "無",
        "202112": "無",
        "202201": "無",
        "202202": "無",
        "202203": "無",
        "202204": "無",
        "202205": "無",
        "202206": "無",
        "202207": "無",
        "202208": "無",
        "202209": "無",
        "202210": "無",
        "202211": "無",
        "202212": "無",
        "202301": "無",
        "202302": "無",
        "202303": "無",
        "202304": "無",
        "202305": "無",
        "202306": "無"
    },
    "quarters": {
        "20011": {
            "year_quarter": 20011,
            "year": 2001,
            "quarter": 1,
            "eps": 1.32,
            "eps_growth_year": -10.81,
            "eps_4q": 6.17,
            "eps_4q_growth_year": 69.42,
            "roe": 3.4,
            "roe_4q": 3.4,
            "gross_profit": 152009,
            "gross_margin": 47.66,
            "gross_margin_4q_avg": 47.66,
            "net_income": 104142,
            "revenue": 318966,
            "common_shares": 790300,
            "book_valuer_per_share": 39.36,
            "book_valuer_per_share_4q_avg": 39.36,
            "equity": 3110454,
            "current_ratio": 673.79,
            "debt_ratio": 14.4,
            "inventory_turnover_ratio": 0.65,
            "account_receivable_turnover_ratio": null,
            "reinvestment_rate": null,
            "research_to_sale_ratio": null,
            "price_fair": 0,
            "eps_avg_yearly": 0,
            "eps_latest_yearly": 0,
            "eps_growth_yearly": 0
        },
        "20012": {
            "year_quarter": 20012,
            "year": 2001,
            "quarter": 2,
            "eps": 0.7,
            "eps_growth_year": -54.25,
            "eps_4q": 3.84,
            "eps_4q_growth_year": -3.75,
            "roe": 2.77,
            "roe_4q": 6.17,
            "gross_profit": 125360,
            "gross_margin": 43.97,
            "gross_margin_4q_avg": 45.82,
            "net_income": 87734,
            "revenue": 285087,
            "common_shares": 1255450,
            "book_valuer_per_share": 25.6,
            "book_valuer_per_share_4q_avg": 32.48,
            "equity": 3214211,
            "current_ratio": 848.39,
            "debt_ratio": 12.17,
            "inventory_turnover_ratio": 0.6,
            "account_receivable_turnover_ratio": null,
            "reinvestment_rate": null,
            "research_to_sale_ratio": null,
            "price_fair": 0,
            "eps_avg_yearly": 0,
            "eps_latest_yearly": 0,
            "eps_growth_yearly": 0
        },
        "20013": {
            "year_quarter": 20013,
            "year": 2001,
            "quarter": 3,
            "eps": 0.4,
            "eps_growth_year": -81.98,
            "eps_4q": 3.03,
            "eps_4q_growth_year": -44.26,
            "roe": 1.56,
            "roe_4q": 7.73,
            "gross_profit": 41448,
            "gross_margin": 18.87,
            "gross_margin_4q_avg": 36.83,
            "net_income": 50639,
            "revenue": 219647,
            "common_shares": 1255450,
            "book_valuer_per_share": 26.01,
            "book_valuer_per_share_4q_avg": 30.32,
            "equity": 3265889,
            "current_ratio": 1185.31,
            "debt_ratio": 8.44,
            "inventory_turnover_ratio": 0.63,
            "account_receivable_turnover_ratio": null,
            "reinvestment_rate": null,
            "research_to_sale_ratio": null,
            "price_fair": 0,
            "eps_avg_yearly": 0,
            "eps_latest_yearly": 0,
            "eps_growth_yearly": 0
        },
        "20014": {
            "year_quarter": 20014,
            "year": 2001,
            "quarter": 4,
            "eps": 0.58,
            "eps_growth_year": -71.29,
            "eps_4q": 2.51,
            "eps_4q_growth_year": -60.98,
            "roe": 2.23,
            "roe_4q": 9.96,
            "gross_profit": 49025,
            "gross_margin": 19.09,
            "gross_margin_4q_avg": 32.4,
            "net_income": 73032,
            "revenue": 256867,
            "common_shares": 1255450,
            "book_valuer_per_share": 26.18,
            "book_valuer_per_share_4q_avg": 29.29,
            "equity": 3287308,
            "current_ratio": 1147.22,
            "debt_ratio": 6.6,
            "inventory_turnover_ratio": 0.59,
            "account_receivable_turnover_ratio": null,
            "reinvestment_rate": null,
            "research_to_sale_ratio": null,
            "price_fair": 0,
            "eps_avg_yearly": 0,
            "eps_latest_yearly": 0,
            "eps_growth_yearly": 0
        },
        "20021": {
            "year_quarter": 20021,
            "year": 2002,
            "quarter": 1,
            "eps": 0.07,
            "eps_growth_year": -94.7,
            "eps_4q": 1.86,
            "eps_4q_growth_year": -69.81,
            "roe": 0.25,
            "roe_4q": 6.8100000000000005,
            "gross_profit": 44078,
            "gross_margin": 21.54,
            "gross_margin_4q_avg": 25.87,
            "net_income": 8252,
            "revenue": 204667,
            "common_shares": 1255450,
            "book_valuer_per_share": 26.25,
            "book_valuer_per_share_4q_avg": 26.01,
            "equity": 3295566,
            "current_ratio": 1449.2,
            "debt_ratio": 7.18,
            "inventory_turnover_ratio": 0.5,
            "account_receivable_turnover_ratio": null,
            "reinvestment_rate": null,
            "research_to_sale_ratio": null,
            "price_fair": 0.84,
            "eps_avg_yearly": 0.28,
            "eps_latest_yearly": 0.28,
            "eps_growth_yearly": -351.72
        },
        "20022": {
            "year_quarter": 20022,
            "year": 2002,
            "quarter": 2,
            "eps": 0.11,
            "eps_growth_year": -84.29,
            "eps_4q": 0.94,
            "eps_4q_growth_year": -75.57,
            "roe": 0.54,
            "roe_4q": 4.58,
            "gross_profit": 61325,
            "gross_margin": 22.06,
            "gross_margin_4q_avg": 20.39,
            "net_income": 17502,
            "revenue": 277932,
            "common_shares": 1255450,
            "book_valuer_per_share": 25.78,
            "book_valuer_per_share_4q_avg": 26.06,
            "equity": 3236329,
            "current_ratio": 985.7,
            "debt_ratio": 9.65,
            "inventory_turnover_ratio": 1.07,
            "account_receivable_turnover_ratio": null,
            "reinvestment_rate": null,
            "research_to_sale_ratio": null,
            "price_fair": 1.08,
            "eps_avg_yearly": 0.36,
            "eps_latest_yearly": 0.44,
            "eps_growth_yearly": -61.58
        },
        "20023": {
            "year_quarter": 20023,
            "year": 2002,
            "quarter": 3,
            "eps": 0.41,
            "eps_growth_year": 2.5,
            "eps_4q": 1.02,
            "eps_4q_growth_year": -66.23,
            "roe": 2.01,
            "roe_4q": 5.029999999999999,
            "gross_profit": 69343,
            "gross_margin": 24.1,
            "gross_margin_4q_avg": 21.7,
            "net_income": 65946,
            "revenue": 287727,
            "common_shares": 1613722,
            "book_valuer_per_share": 20.57,
            "book_valuer_per_share_4q_avg": 24.7,
            "equity": 3319675,
            "current_ratio": 1156.41,
            "debt_ratio": 8.02,
            "inventory_turnover_ratio": 1.22,
            "account_receivable_turnover_ratio": null,
            "reinvestment_rate": null,
            "research_to_sale_ratio": null,
            "price_fair": 27.53,
            "eps_avg_yearly": 0.79,
            "eps_latest_yearly": 1.64,
            "eps_growth_yearly": 322.59
        },
        "20024": {
            "year_quarter": 20024,
            "year": 2002,
            "quarter": 4,
            "eps": 0.41,
            "eps_growth_year": -29.31,
            "eps_4q": 0.99,
            "eps_4q_growth_year": -60.64,
            "roe": 1.95,
            "roe_4q": 4.75,
            "gross_profit": 81838,
            "gross_margin": 28.12,
            "gross_margin_4q_avg": 23.96,
            "net_income": 65228,
            "revenue": 291028,
            "common_shares": 1613722,
            "book_valuer_per_share": 20.94,
            "book_valuer_per_share_4q_avg": 23.39,
            "equity": 3379589,
            "current_ratio": 843.06,
            "debt_ratio": 8.64,
            "inventory_turnover_ratio": 0.88,
            "account_receivable_turnover_ratio": null,
            "reinvestment_rate": 72.63,
            "research_to_sale_ratio": null,
            "price_fair": 35,
            "eps_avg_yearly": 1,
            "eps_latest_yearly": 1.64,
            "eps_growth_yearly": 241.94
        },
        "20031": {
            "year_quarter": 20031,
            "year": 2003,
            "quarter": 1,
            "eps": 0.34,
            "eps_growth_year": 385.71,
            "eps_4q": 1.28,
            "eps_4q_growth_year": -31.22,
            "roe": 1.59,
            "roe_4q": 6.09,
            "gross_profit": 68139,
            "gross_margin": 24.96,
            "gross_margin_4q_avg": 24.81,
            "net_income": 53682,
            "revenue": 272986,
            "common_shares": 1613722,
            "book_valuer_per_share": 20.92,
            "book_valuer_per_share_4q_avg": 22.05,
            "equity": 3376006,
            "current_ratio": 1143.05,
            "debt_ratio": 7.14,
            "inventory_turnover_ratio": 0.96,
            "account_receivable_turnover_ratio": null,
            "reinvestment_rate": 19.4,
            "research_to_sale_ratio": null,
            "price_fair": 37.52,
            "eps_avg_yearly": 1.07,
            "eps_latest_yearly": 1.36,
            "eps_growth_yearly": 179.89
        },
        "20032": {
            "year_quarter": 20032,
            "year": 2003,
            "quarter": 2,
            "eps": 0.33,
            "eps_growth_year": 200,
            "eps_4q": 1.52,
            "eps_4q_growth_year": 61.42,
            "roe": 1.53,
            "roe_4q": 7.08,
            "gross_profit": 117195,
            "gross_margin": 37.2,
            "gross_margin_4q_avg": 28.6,
            "net_income": 51437,
            "revenue": 315071,
            "common_shares": 1613722,
            "book_valuer_per_share": 20.61,
            "book_valuer_per_share_4q_avg": 20.76,
            "equity": 3326255,
            "current_ratio": 750.55,
            "debt_ratio": 10.98,
            "inventory_turnover_ratio": 1.56,
            "account_receivable_turnover_ratio": null,
            "reinvestment_rate": 16.81,
            "research_to_sale_ratio": null,
            "price_fair": 38.97,
            "eps_avg_yearly": 1.11,
            "eps_latest_yearly": 1.32,
            "eps_growth_yearly": 147.95
        },
        "20033": {
            "year_quarter": 20033,
            "year": 2003,
            "quarter": 3,
            "eps": 0.36,
            "eps_growth_year": -12.2,
            "eps_4q": 1.36,
            "eps_4q_growth_year": 32.49,
            "roe": 1.84,
            "roe_4q": 6.91,
            "gross_profit": 135426,
            "gross_margin": 43.22,
            "gross_margin_4q_avg": 33.38,
            "net_income": 61515,
            "revenue": 313346,
            "common_shares": 1743230,
            "book_valuer_per_share": 19.33,
            "book_valuer_per_share_4q_avg": 20.45,
            "equity": 3370032,
            "current_ratio": 1163.62,
            "debt_ratio": 8.37,
            "inventory_turnover_ratio": 1.45,
            "account_receivable_turnover_ratio": null,
            "reinvestment_rate": 4.74,
            "research_to_sale_ratio": null,
            "price_fair": 40.6,
            "eps_avg_yearly": 1.16,
            "eps_latest_yearly": 1.44,
            "eps_growth_yearly": 132.01
        },
        "20034": {
            "year_quarter": 20034,
            "year": 2003,
            "quarter": 4,
            "eps": 0.43,
            "eps_growth_year": 4.88,
            "eps_4q": 1.42,
            "eps_4q_growth_year": 44.22,
            "roe": 2.12,
            "roe_4q": 7.08,
            "gross_profit": 122553,
            "gross_margin": 41.56,
            "gross_margin_4q_avg": 36.74,
            "net_income": 72190,
            "revenue": 294893,
            "common_shares": 1743230,
            "book_valuer_per_share": 19.78,
            "book_valuer_per_share_4q_avg": 20.16,
            "equity": 3448072,
            "current_ratio": 730.32,
            "debt_ratio": 10.15,
            "inventory_turnover_ratio": 0.8,
            "account_receivable_turnover_ratio": null,
            "reinvestment_rate": 54.25,
            "research_to_sale_ratio": null,
            "price_fair": 43.05,
            "eps_avg_yearly": 1.23,
            "eps_latest_yearly": 1.72,
            "eps_growth_yearly": 125.23
        },
        "20041": {
            "year_quarter": 20041,
            "year": 2004,
            "quarter": 1,
            "eps": 0.3,
            "eps_growth_year": -11.76,
            "eps_4q": 1.41,
            "eps_4q_growth_year": 10.28,
            "roe": 1.44,
            "roe_4q": 6.930000000000001,
            "gross_profit": 73502,
            "gross_margin": 30.49,
            "gross_margin_4q_avg": 38.12,
            "net_income": 49884,
            "revenue": 241077,
            "common_shares": 1743230,
            "book_valuer_per_share": 19.95,
            "book_valuer_per_share_4q_avg": 19.92,
            "equity": 3476963,
            "current_ratio": 924.72,
            "debt_ratio": 9.37,
            "inventory_turnover_ratio": 0.76,
            "account_receivable_turnover_ratio": null,
            "reinvestment_rate": -3.38,
            "research_to_sale_ratio": null,
            "price_fair": 42.93,
            "eps_avg_yearly": 1.23,
            "eps_latest_yearly": 1.2,
            "eps_growth_yearly": 97.88
        },
        "20042": {
            "year_quarter": 20042,
            "year": 2004,
            "quarter": 2,
            "eps": 0.43,
            "eps_growth_year": 30.3,
            "eps_4q": 1.51,
            "eps_4q_growth_year": -0.21,
            "roe": 2.1,
            "roe_4q": 7.5,
            "gross_profit": 70135,
            "gross_margin": 26.29,
            "gross_margin_4q_avg": 35.39,
            "net_income": 72909,
            "revenue": 266813,
            "common_shares": 1690870,
            "book_valuer_per_share": 20.57,
            "book_valuer_per_share_4q_avg": 19.91,
            "equity": 3478881,
            "current_ratio": 758.28,
            "debt_ratio": 10.4,
            "inventory_turnover_ratio": 1.56,
            "account_receivable_turnover_ratio": null,
            "reinvestment_rate": -7.01,
            "research_to_sale_ratio": null,
            "price_fair": 44.66,
            "eps_avg_yearly": 1.28,
            "eps_latest_yearly": 1.72,
            "eps_growth_yearly": 105.42
        },
        "20043": {
            "year_quarter": 20043,
            "year": 2004,
            "quarter": 3,
            "eps": 0.27,
            "eps_growth_year": -25,
            "eps_4q": 1.33,
            "eps_4q_growth_year": -2.08,
            "roe": 1.43,
            "roe_4q": 7.090000000000001,
            "gross_profit": 67001,
            "gross_margin": 25.28,
            "gross_margin_4q_avg": 30.91,
            "net_income": 49729,
            "revenue": 265047,
            "common_shares": 1888830,
            "book_valuer_per_share": 18.3,
            "book_valuer_per_share_4q_avg": 19.65,
            "equity": 3456670,
            "current_ratio": 1139.14,
            "debt_ratio": 7.27,
            "inventory_turnover_ratio": 1.47,
            "account_receivable_turnover_ratio": null,
            "reinvestment_rate": -18.13,
            "research_to_sale_ratio": null,
            "price_fair": 44.04,
            "eps_avg_yearly": 1.26,
            "eps_latest_yearly": 1.08,
            "eps_growth_yearly": 82.31
        },
        "20044": {
            "year_quarter": 20044,
            "year": 2004,
            "quarter": 4,
            "eps": 0.07,
            "eps_growth_year": -83.72,
            "eps_4q": 1.06,
            "eps_4q_growth_year": -25.48,
            "roe": 0.36,
            "roe_4q": 5.33,
            "gross_profit": 40400,
            "gross_margin": 20.33,
            "gross_margin_4q_avg": 25.6,
            "net_income": 12197,
            "revenue": 198726,
            "common_shares": 1888830,
            "book_valuer_per_share": 18.05,
            "book_valuer_per_share_4q_avg": 19.22,
            "equity": 3409449,
            "current_ratio": 801.93,
            "debt_ratio": 9.45,
            "inventory_turnover_ratio": 0.63,
            "account_receivable_turnover_ratio": null,
            "reinvestment_rate": 35.93,
            "research_to_sale_ratio": null,
            "price_fair": 41.18,
            "eps_avg_yearly": 1.18,
            "eps_latest_yearly": 0.28,
            "eps_growth_yearly": 50.76
        },
        "20051": {
            "year_quarter": 20051,
            "year": 2005,
            "quarter": 1,
            "eps": 0.08,
            "eps_growth_year": -73.33,
            "eps_4q": 0.87,
            "eps_4q_growth_year": -38.13,
            "roe": 0.4,
            "roe_4q": 4.29,
            "gross_profit": 17163,
            "gross_margin": 12.08,
            "gross_margin_4q_avg": 21,
            "net_income": 13578,
            "revenue": 142055,
            "common_shares": 1760230,
            "book_valuer_per_share": 18.95,
            "book_valuer_per_share_4q_avg": 18.97,
            "equity": 3334873,
            "current_ratio": 2467.47,
            "debt_ratio": 3.75,
            "inventory_turnover_ratio": 0.53,
            "account_receivable_turnover_ratio": null,
            "reinvestment_rate": -45.83,
            "research_to_sale_ratio": null,
            "price_fair": 38.88,
            "eps_avg_yearly": 1.11,
            "eps_latest_yearly": 0.32,
            "eps_growth_yearly": 51.25
        },
        "20052": {
            "year_quarter": 20052,
            "year": 2005,
            "quarter": 2,
            "eps": 0,
            "eps_growth_year": -100,
            "eps_4q": 0.47,
            "eps_4q_growth_year": -69.23,
            "roe": -0.02,
            "roe_4q": 2.17,
            "gross_profit": 7999,
            "gross_margin": 6.01,
            "gross_margin_4q_avg": 15.93,
            "net_income": -550,
            "revenue": 133152,
            "common_shares": 1610230,
            "book_valuer_per_share": 19.11,
            "book_valuer_per_share_4q_avg": 18.6,
            "equity": 3076514,
            "current_ratio": 1215.66,
            "debt_ratio": 6.45,
            "inventory_turnover_ratio": 1.18,
            "account_receivable_turnover_ratio": null,
            "reinvestment_rate": -56.64,
            "research_to_sale_ratio": null,
            "price_fair": 38.88,
            "eps_avg_yearly": 1.11,
            "eps_latest_yearly": 0.32,
            "eps_growth_yearly": 51.25
        },
        "20053": {
            "year_quarter": 20053,
            "year": 2005,
            "quarter": 3,
            "eps": 0.25,
            "eps_growth_year": -7.41,
            "eps_4q": 0.39,
            "eps_4q_growth_year": -70.44,
            "roe": 1.42,
            "roe_4q": 2.1599999999999997,
            "gross_profit": 25928,
            "gross_margin": 16.11,
            "gross_margin_4q_avg": 13.63,
            "net_income": 44187,
            "revenue": 160924,
            "common_shares": 1704440,
            "book_valuer_per_share": 18.58,
            "book_valuer_per_share_4q_avg": 18.67,
            "equity": 3166138,
            "current_ratio": 1661.86,
            "debt_ratio": 5.16,
            "inventory_turnover_ratio": 1.46,
            "account_receivable_turnover_ratio": null,
            "reinvestment_rate": -58.19,
            "research_to_sale_ratio": null,
            "price_fair": 38.88,
            "eps_avg_yearly": 1.11,
            "eps_latest_yearly": 0.32,
            "eps_growth_yearly": 51.25
        },
        "20054": {
            "year_quarter": 20054,
            "year": 2005,
            "quarter": 4,
            "eps": 0.28,
            "eps_growth_year": 300,
            "eps_4q": 0.6,
            "eps_4q_growth_year": -43.06,
            "roe": 1.55,
            "roe_4q": 3.3499999999999996,
            "gross_profit": 17725,
            "gross_margin": 13.44,
            "gross_margin_4q_avg": 11.91,
            "net_income": 49503,
            "revenue": 131849,
            "common_shares": 1704440,
            "book_valuer_per_share": 18.94,
            "book_valuer_per_share_4q_avg": 18.9,
            "equity": 3228922,
            "current_ratio": 1078.33,
            "debt_ratio": 8.06,
            "inventory_turnover_ratio": 0.59,
            "account_receivable_turnover_ratio": null,
            "reinvestment_rate": -8.04,
            "research_to_sale_ratio": null,
            "price_fair": 38.9,
            "eps_avg_yearly": 1.11,
            "eps_latest_yearly": 1.12,
            "eps_growth_yearly": 51.02
        },
        "20061": {
            "year_quarter": 20061,
            "year": 2006,
            "quarter": 1,
            "eps": -0.05,
            "eps_growth_year": -162.5,
            "eps_4q": 0.47,
            "eps_4q_growth_year": -46.77,
            "roe": -0.28,
            "roe_4q": 2.67,
            "gross_profit": 4192,
            "gross_margin": 3.38,
            "gross_margin_4q_avg": 9.74,
            "net_income": -9034,
            "revenue": 124141,
            "common_shares": 1704440,
            "book_valuer_per_share": 18.81,
            "book_valuer_per_share_4q_avg": 18.86,
            "equity": 3206514,
            "current_ratio": 1796.73,
            "debt_ratio": 4.65,
            "inventory_turnover_ratio": 0.64,
            "account_receivable_turnover_ratio": null,
            "reinvestment_rate": -59.74,
            "research_to_sale_ratio": null,
            "price_fair": 41.14,
            "eps_avg_yearly": 1.18,
            "eps_latest_yearly": 1.12,
            "eps_growth_yearly": 82
        },
        "20062": {
            "year_quarter": 20062,
            "year": 2006,
            "quarter": 2,
            "eps": 0.06,
            "eps_growth_year": null,
            "eps_4q": 0.59,
            "eps_4q_growth_year": 27.37,
            "roe": 0.3,
            "roe_4q": 2.99,
            "gross_profit": 23967,
            "gross_margin": 13.55,
            "gross_margin_4q_avg": 11.62,
            "net_income": 9532,
            "revenue": 176832,
            "common_shares": 1703350,
            "book_valuer_per_share": 18.07,
            "book_valuer_per_share_4q_avg": 18.6,
            "equity": 3078702,
            "current_ratio": 587.49,
            "debt_ratio": 10.39,
            "inventory_turnover_ratio": 1.74,
            "account_receivable_turnover_ratio": null,
            "reinvestment_rate": -59.96,
            "research_to_sale_ratio": null,
            "price_fair": 43.28,
            "eps_avg_yearly": 1.24,
            "eps_latest_yearly": 1.12,
            "eps_growth_yearly": 69.78
        },
        "20063": {
            "year_quarter": 20063,
            "year": 2006,
            "quarter": 3,
            "eps": 0.18,
            "eps_growth_year": -28,
            "eps_4q": 0.51,
            "eps_4q_growth_year": 29.95,
            "roe": 1.06,
            "roe_4q": 2.63,
            "gross_profit": 31935,
            "gross_margin": 16.79,
            "gross_margin_4q_avg": 11.79,
            "net_income": 27245,
            "revenue": 190178,
            "common_shares": 603350,
            "book_valuer_per_share": 33.96,
            "book_valuer_per_share_4q_avg": 22.45,
            "equity": 2049101,
            "current_ratio": 131.8,
            "debt_ratio": 40.43,
            "inventory_turnover_ratio": 1.53,
            "account_receivable_turnover_ratio": null,
            "reinvestment_rate": -63.55,
            "research_to_sale_ratio": null,
            "price_fair": 40.6,
            "eps_avg_yearly": 1.16,
            "eps_latest_yearly": 0.72,
            "eps_growth_yearly": 45.54
        },
        "20064": {
            "year_quarter": 20064,
            "year": 2006,
            "quarter": 4,
            "eps": -0.18,
            "eps_growth_year": -164.29,
            "eps_4q": 0.04,
            "eps_4q_growth_year": -93.37,
            "roe": -1.13,
            "roe_4q": -0.04999999999999988,
            "gross_profit": 31799,
            "gross_margin": 19.15,
            "gross_margin_4q_avg": 13.22,
            "net_income": -23123,
            "revenue": 166025,
            "common_shares": 603350,
            "book_valuer_per_share": 33.67,
            "book_valuer_per_share_4q_avg": 26.13,
            "equity": 2031577,
            "current_ratio": 379.48,
            "debt_ratio": 20.95,
            "inventory_turnover_ratio": 0.69,
            "account_receivable_turnover_ratio": null,
            "reinvestment_rate": -70.83,
            "research_to_sale_ratio": null,
            "price_fair": 39.07,
            "eps_avg_yearly": 1.12,
            "eps_latest_yearly": 0.72,
            "eps_growth_yearly": 49.68
        },
        "20071": {
            "year_quarter": 20071,
            "year": 2007,
            "quarter": 1,
            "eps": 0.63,
            "eps_growth_year": null,
            "eps_4q": 0.86,
            "eps_4q_growth_year": 83.93,
            "roe": 1.57,
            "roe_4q": 1.8000000000000003,
            "gross_profit": 47002,
            "gross_margin": 21.66,
            "gross_margin_4q_avg": 17.79,
            "net_income": 38029,
            "revenue": 216951,
            "common_shares": 603350,
            "book_valuer_per_share": 46.72,
            "book_valuer_per_share_4q_avg": 33.11,
            "equity": 2818787,
            "current_ratio": 378.3,
            "debt_ratio": 12.71,
            "inventory_turnover_ratio": 0.9,
            "account_receivable_turnover_ratio": null,
            "reinvestment_rate": -54.85,
            "research_to_sale_ratio": null,
            "price_fair": 38.22,
            "eps_avg_yearly": 1.09,
            "eps_latest_yearly": 0.72,
            "eps_growth_yearly": 61.48
        },
        "20072": {
            "year_quarter": 20072,
            "year": 2007,
            "quarter": 2,
            "eps": 1.1,
            "eps_growth_year": 1733.33,
            "eps_4q": 1.8,
            "eps_4q_growth_year": 203.68,
            "roe": 2.55,
            "roe_4q": 4.050000000000001,
            "gross_profit": 72231,
            "gross_margin": 26.44,
            "gross_margin_4q_avg": 21.01,
            "net_income": 66198,
            "revenue": 273211,
            "common_shares": 603350,
            "book_valuer_per_share": 39.45,
            "book_valuer_per_share_4q_avg": 38.45,
            "equity": 2380371,
            "current_ratio": 265.73,
            "debt_ratio": 15.94,
            "inventory_turnover_ratio": 2,
            "account_receivable_turnover_ratio": null,
            "reinvestment_rate": -50.36,
            "research_to_sale_ratio": null,
            "price_fair": 49,
            "eps_avg_yearly": 1.4,
            "eps_latest_yearly": 4.4,
            "eps_growth_yearly": 92.5
        },
        "20073": {
            "year_quarter": 20073,
            "year": 2007,
            "quarter": 3,
            "eps": 1.41,
            "eps_growth_year": 683.33,
            "eps_4q": 2.75,
            "eps_4q_growth_year": 439.47,
            "roe": 3.65,
            "roe_4q": 6.64,
            "gross_profit": 54202,
            "gross_margin": 20.71,
            "gross_margin_4q_avg": 21.99,
            "net_income": 85140,
            "revenue": 261699,
            "common_shares": 603350,
            "book_valuer_per_share": 37.87,
            "book_valuer_per_share_4q_avg": 39.43,
            "equity": 2284914,
            "current_ratio": 291.1,
            "debt_ratio": 14.51,
            "inventory_turnover_ratio": 2.11,
            "account_receivable_turnover_ratio": null,
            "reinvestment_rate": -43.81,
            "research_to_sale_ratio": null,
            "price_fair": 63.7,
            "eps_avg_yearly": 1.82,
            "eps_latest_yearly": 5.64,
            "eps_growth_yearly": 100.13
        },
        "20074": {
            "year_quarter": 20074,
            "year": 2007,
            "quarter": 4,
            "eps": 0.62,
            "eps_growth_year": null,
            "eps_4q": 3.75,
            "eps_4q_growth_year": 9264.66,
            "roe": 1.65,
            "roe_4q": 9.42,
            "gross_profit": 40558,
            "gross_margin": 15.46,
            "gross_margin_4q_avg": 21.07,
            "net_income": 37560,
            "revenue": 262282,
            "common_shares": 603350,
            "book_valuer_per_share": 37.62,
            "book_valuer_per_share_4q_avg": 40.42,
            "equity": 2270075,
            "current_ratio": 583.8,
            "debt_ratio": 14.77,
            "inventory_turnover_ratio": 1.14,
            "account_receivable_turnover_ratio": null,
            "reinvestment_rate": -68.04,
            "research_to_sale_ratio": null,
            "price_fair": 66.36,
            "eps_avg_yearly": 1.9,
            "eps_latest_yearly": 2.48,
            "eps_growth_yearly": 69.94
        },
        "20081": {
            "year_quarter": 20081,
            "year": 2008,
            "quarter": 1,
            "eps": 0.15,
            "eps_growth_year": -76.19,
            "eps_4q": 3.39,
            "eps_4q_growth_year": 295.52,
            "roe": 0.39,
            "roe_4q": 8.239999999999998,
            "gross_profit": 100020,
            "gross_margin": 27.04,
            "gross_margin_4q_avg": 22.41,
            "net_income": 8755,
            "revenue": 369964,
            "common_shares": 603350,
            "book_valuer_per_share": 36.12,
            "book_valuer_per_share_4q_avg": 37.77,
            "equity": 2179222,
            "current_ratio": 623.12,
            "debt_ratio": 14,
            "inventory_turnover_ratio": 0.97,
            "account_receivable_turnover_ratio": null,
            "reinvestment_rate": 59.37,
            "research_to_sale_ratio": null,
            "price_fair": 64.26,
            "eps_avg_yearly": 1.84,
            "eps_latest_yearly": 0.6,
            "eps_growth_yearly": 51.71
        },
        "20082": {
            "year_quarter": 20082,
            "year": 2008,
            "quarter": 2,
            "eps": 0.83,
            "eps_growth_year": -24.55,
            "eps_4q": 3.1,
            "eps_4q_growth_year": 72.43,
            "roe": 2.3,
            "roe_4q": 7.99,
            "gross_profit": 102364,
            "gross_margin": 26.28,
            "gross_margin_4q_avg": 22.37,
            "net_income": 47972,
            "revenue": 389444,
            "common_shares": 603350,
            "book_valuer_per_share": 32.9,
            "book_valuer_per_share_4q_avg": 36.13,
            "equity": 1984861,
            "current_ratio": 347.15,
            "debt_ratio": 24.16,
            "inventory_turnover_ratio": 0.96,
            "account_receivable_turnover_ratio": null,
            "reinvestment_rate": 49.66,
            "research_to_sale_ratio": null,
            "price_fair": 69.86,
            "eps_avg_yearly": 2,
            "eps_latest_yearly": 3.32,
            "eps_growth_yearly": 215.71
        },
        "20083": {
            "year_quarter": 20083,
            "year": 2008,
            "quarter": 3,
            "eps": 0.51,
            "eps_growth_year": -63.83,
            "eps_4q": 2.16,
            "eps_4q_growth_year": -21.58,
            "roe": 1.43,
            "roe_4q": 5.77,
            "gross_profit": 120196,
            "gross_margin": 29.94,
            "gross_margin_4q_avg": 24.68,
            "net_income": 29159,
            "revenue": 401436,
            "common_shares": 603350,
            "book_valuer_per_share": 34.82,
            "book_valuer_per_share_4q_avg": 35.37,
            "equity": 2100733,
            "current_ratio": 599.14,
            "debt_ratio": 15.59,
            "inventory_turnover_ratio": 0.79,
            "account_receivable_turnover_ratio": null,
            "reinvestment_rate": 61.9,
            "research_to_sale_ratio": null,
            "price_fair": 73.22,
            "eps_avg_yearly": 2.09,
            "eps_latest_yearly": 2.04,
            "eps_growth_yearly": 215.18
        },
        "20084": {
            "year_quarter": 20084,
            "year": 2008,
            "quarter": 4,
            "eps": 0.03,
            "eps_growth_year": -95.16,
            "eps_4q": 1.54,
            "eps_4q_growth_year": -58.79,
            "roe": 0.08,
            "roe_4q": 4.199999999999999,
            "gross_profit": 55937,
            "gross_margin": 19.28,
            "gross_margin_4q_avg": 25.64,
            "net_income": 1702,
            "revenue": 290156,
            "common_shares": 603350,
            "book_valuer_per_share": 35.78,
            "book_valuer_per_share_4q_avg": 34.91,
            "equity": 2158960,
            "current_ratio": 818.71,
            "debt_ratio": 10.65,
            "inventory_turnover_ratio": 0.71,
            "account_receivable_turnover_ratio": 1.58,
            "reinvestment_rate": -84.87,
            "research_to_sale_ratio": null,
            "price_fair": 72.66,
            "eps_avg_yearly": 2.08,
            "eps_latest_yearly": 0.12,
            "eps_growth_yearly": 207.16
        },
        "20091": {
            "year_quarter": 20091,
            "year": 2009,
            "quarter": 1,
            "eps": 0.53,
            "eps_growth_year": 253.33,
            "eps_4q": 1.92,
            "eps_4q_growth_year": -43.42,
            "roe": 1.36,
            "roe_4q": 5.17,
            "gross_profit": 75949,
            "gross_margin": 23.25,
            "gross_margin_4q_avg": 24.69,
            "net_income": 30145,
            "revenue": 326609,
            "common_shares": 603350,
            "book_valuer_per_share": 37.82,
            "book_valuer_per_share_4q_avg": 35.33,
            "equity": 2281776,
            "current_ratio": 863.3,
            "debt_ratio": 12.67,
            "inventory_turnover_ratio": 0.95,
            "account_receivable_turnover_ratio": 0.89,
            "reinvestment_rate": 64.16,
            "research_to_sale_ratio": null,
            "price_fair": 78.96,
            "eps_avg_yearly": 2.26,
            "eps_latest_yearly": 2.12,
            "eps_growth_yearly": 868.11
        },
        "20092": {
            "year_quarter": 20092,
            "year": 2009,
            "quarter": 2,
            "eps": 1.2,
            "eps_growth_year": 44.58,
            "eps_4q": 2.25,
            "eps_4q_growth_year": -27.37,
            "roe": 3.09,
            "roe_4q": 5.96,
            "gross_profit": 107780,
            "gross_margin": 26.11,
            "gross_margin_4q_avg": 24.65,
            "net_income": 69402,
            "revenue": 412750,
            "common_shares": 603350,
            "book_valuer_per_share": 36.73,
            "book_valuer_per_share_4q_avg": 36.29,
            "equity": 2216231,
            "current_ratio": 549.58,
            "debt_ratio": 17.33,
            "inventory_turnover_ratio": 1.24,
            "account_receivable_turnover_ratio": 1.04,
            "reinvestment_rate": 53.71,
            "research_to_sale_ratio": null,
            "price_fair": 87.05,
            "eps_avg_yearly": 2.49,
            "eps_latest_yearly": 4.8,
            "eps_growth_yearly": 835.16
        },
        "20093": {
            "year_quarter": 20093,
            "year": 2009,
            "quarter": 3,
            "eps": 1.78,
            "eps_growth_year": 249.02,
            "eps_4q": 3.53,
            "eps_4q_growth_year": 63.53,
            "roe": 4.56,
            "roe_4q": 9.09,
            "gross_profit": 165800,
            "gross_margin": 32.33,
            "gross_margin_4q_avg": 25.24,
            "net_income": 102932,
            "revenue": 512815,
            "common_shares": 607650,
            "book_valuer_per_share": 37.77,
            "book_valuer_per_share_4q_avg": 37.03,
            "equity": 2295052,
            "current_ratio": 577.81,
            "debt_ratio": 17.28,
            "inventory_turnover_ratio": 1.45,
            "account_receivable_turnover_ratio": 1.04,
            "reinvestment_rate": 50.29,
            "research_to_sale_ratio": null,
            "price_fair": 100.57,
            "eps_avg_yearly": 2.87,
            "eps_latest_yearly": 7.12,
            "eps_growth_yearly": 781.68
        },
        "20094": {
            "year_quarter": 20094,
            "year": 2009,
            "quarter": 4,
            "eps": 1.62,
            "eps_growth_year": 5300,
            "eps_4q": 5.12,
            "eps_4q_growth_year": 231.9,
            "roe": 3.94,
            "roe_4q": 12.95,
            "gross_profit": 147873,
            "gross_margin": 30.08,
            "gross_margin_4q_avg": 27.94,
            "net_income": 93508,
            "revenue": 491660,
            "common_shares": 607650,
            "book_valuer_per_share": 42.47,
            "book_valuer_per_share_4q_avg": 38.7,
            "equity": 2453430,
            "current_ratio": 508.63,
            "debt_ratio": 17.51,
            "inventory_turnover_ratio": 1.44,
            "account_receivable_turnover_ratio": 1.83,
            "reinvestment_rate": 330.59,
            "research_to_sale_ratio": null,
            "price_fair": 116.2,
            "eps_avg_yearly": 3.32,
            "eps_latest_yearly": 6.48,
            "eps_growth_yearly": 774.68
        },
        "20101": {
            "year_quarter": 20101,
            "year": 2010,
            "quarter": 1,
            "eps": 1.76,
            "eps_growth_year": 232.08,
            "eps_4q": 6.37,
            "eps_4q_growth_year": 232.23,
            "roe": 4.14,
            "roe_4q": 15.73,
            "gross_profit": 156352,
            "gross_margin": 31.91,
            "gross_margin_4q_avg": 30.11,
            "net_income": 101864,
            "revenue": 489958,
            "common_shares": 607650,
            "book_valuer_per_share": 42.75,
            "book_valuer_per_share_4q_avg": 39.93,
            "equity": 2469376,
            "current_ratio": 502.41,
            "debt_ratio": 19.78,
            "inventory_turnover_ratio": 1.28,
            "account_receivable_turnover_ratio": 0.91,
            "reinvestment_rate": 365.52,
            "research_to_sale_ratio": 0.57,
            "price_fair": 126.22,
            "eps_avg_yearly": 3.61,
            "eps_latest_yearly": 7.04,
            "eps_growth_yearly": 717.75
        },
        "20102": {
            "year_quarter": 20102,
            "year": 2010,
            "quarter": 2,
            "eps": 2.11,
            "eps_growth_year": 76.17,
            "eps_4q": 7.02,
            "eps_4q_growth_year": 211.46,
            "roe": 5.29,
            "roe_4q": 17.93,
            "gross_profit": 205477,
            "gross_margin": 32.81,
            "gross_margin_4q_avg": 31.78,
            "net_income": 128471,
            "revenue": 626214,
            "common_shares": 607650,
            "book_valuer_per_share": 41.35,
            "book_valuer_per_share_4q_avg": 41.09,
            "equity": 2388824,
            "current_ratio": 326.29,
            "debt_ratio": 27.1,
            "inventory_turnover_ratio": 1.51,
            "account_receivable_turnover_ratio": 1.04,
            "reinvestment_rate": 339.54,
            "research_to_sale_ratio": 0.51,
            "price_fair": 138.3,
            "eps_avg_yearly": 3.95,
            "eps_latest_yearly": 8.44,
            "eps_growth_yearly": 672.16
        },
        "20103": {
            "year_quarter": 20103,
            "year": 2010,
            "quarter": 3,
            "eps": 1.85,
            "eps_growth_year": 4.13,
            "eps_4q": 7.18,
            "eps_4q_growth_year": 103.42,
            "roe": 4.67,
            "roe_4q": 18.040000000000003,
            "gross_profit": 229914,
            "gross_margin": 34.28,
            "gross_margin_4q_avg": 32.27,
            "net_income": 112635,
            "revenue": 670744,
            "common_shares": 637688,
            "book_valuer_per_share": 40.03,
            "book_valuer_per_share_4q_avg": 41.65,
            "equity": 2432812,
            "current_ratio": 341.81,
            "debt_ratio": 26.25,
            "inventory_turnover_ratio": 1.38,
            "account_receivable_turnover_ratio": 0.93,
            "reinvestment_rate": 327.54,
            "research_to_sale_ratio": 0.44,
            "price_fair": 155,
            "eps_avg_yearly": 4.43,
            "eps_latest_yearly": 7.4,
            "eps_growth_yearly": 611.5
        },
        "20104": {
            "year_quarter": 20104,
            "year": 2010,
            "quarter": 4,
            "eps": 1.54,
            "eps_growth_year": -5.19,
            "eps_4q": 7.18,
            "eps_4q_growth_year": 40.12,
            "roe": 3.86,
            "roe_4q": 17.96,
            "gross_profit": 159289,
            "gross_margin": 28.06,
            "gross_margin_4q_avg": 31.77,
            "net_income": 93341,
            "revenue": 567586,
            "common_shares": 637688,
            "book_valuer_per_share": 39.63,
            "book_valuer_per_share_4q_avg": 40.94,
            "equity": 2408345,
            "current_ratio": 364.04,
            "debt_ratio": 24.53,
            "inventory_turnover_ratio": 1.03,
            "account_receivable_turnover_ratio": 0.83,
            "reinvestment_rate": 239.95,
            "research_to_sale_ratio": 0.51,
            "price_fair": 159.04,
            "eps_avg_yearly": 4.54,
            "eps_latest_yearly": 6.16,
            "eps_growth_yearly": 566.26
        },
        "20111": {
            "year_quarter": 20111,
            "year": 2011,
            "quarter": 1,
            "eps": 1,
            "eps_growth_year": -43.18,
            "eps_4q": 6.5,
            "eps_4q_growth_year": 2.14,
            "roe": 2.47,
            "roe_4q": 16.29,
            "gross_profit": 128031,
            "gross_margin": 23.51,
            "gross_margin_4q_avg": 29.67,
            "net_income": 60675,
            "revenue": 544677,
            "common_shares": 607688,
            "book_valuer_per_share": 41.3,
            "book_valuer_per_share_4q_avg": 40.58,
            "equity": 2509916,
            "current_ratio": 382.69,
            "debt_ratio": 23.45,
            "inventory_turnover_ratio": 0.92,
            "account_receivable_turnover_ratio": 0.9,
            "reinvestment_rate": 293.49,
            "research_to_sale_ratio": 0.53,
            "price_fair": 157.85,
            "eps_avg_yearly": 4.51,
            "eps_latest_yearly": 4,
            "eps_growth_yearly": 522.11
        },
        "20112": {
            "year_quarter": 20112,
            "year": 2011,
            "quarter": 2,
            "eps": 2.01,
            "eps_growth_year": -4.87,
            "eps_4q": 6.4,
            "eps_4q_growth_year": -8.88,
            "roe": 5.12,
            "roe_4q": 16.119999999999997,
            "gross_profit": 136410,
            "gross_margin": 21.95,
            "gross_margin_4q_avg": 26.95,
            "net_income": 122212,
            "revenue": 621540,
            "common_shares": 607688,
            "book_valuer_per_share": 37.29,
            "book_valuer_per_share_4q_avg": 39.56,
            "equity": 2266362,
            "current_ratio": 242.68,
            "debt_ratio": 31.45,
            "inventory_turnover_ratio": 1.01,
            "account_receivable_turnover_ratio": 0.95,
            "reinvestment_rate": 282.19,
            "research_to_sale_ratio": 0.51,
            "price_fair": 165.81,
            "eps_avg_yearly": 4.74,
            "eps_latest_yearly": 8.04,
            "eps_growth_yearly": 528.7
        },
        "20113": {
            "year_quarter": 20113,
            "year": 2011,
            "quarter": 3,
            "eps": 0.62,
            "eps_growth_year": -66.51,
            "eps_4q": 5.17,
            "eps_4q_growth_year": -28.07,
            "roe": 1.6,
            "roe_4q": 13.05,
            "gross_profit": 99949,
            "gross_margin": 17.6,
            "gross_margin_4q_avg": 22.78,
            "net_income": 37720,
            "revenue": 567820,
            "common_shares": 607688,
            "book_valuer_per_share": 40.41,
            "book_valuer_per_share_4q_avg": 39.66,
            "equity": 2455706,
            "current_ratio": 216.26,
            "debt_ratio": 35.92,
            "inventory_turnover_ratio": 0.82,
            "account_receivable_turnover_ratio": 0.79,
            "reinvestment_rate": 335.72,
            "research_to_sale_ratio": 0.54,
            "price_fair": 158.9,
            "eps_avg_yearly": 4.54,
            "eps_latest_yearly": 2.48,
            "eps_growth_yearly": 504.37
        },
        "20114": {
            "year_quarter": 20114,
            "year": 2011,
            "quarter": 4,
            "eps": 0.18,
            "eps_growth_year": -88.02,
            "eps_4q": 3.81,
            "eps_4q_growth_year": -46.88,
            "roe": 0.45,
            "roe_4q": 9.64,
            "gross_profit": 68173,
            "gross_margin": 11.91,
            "gross_margin_4q_avg": 18.74,
            "net_income": 11180,
            "revenue": 572626,
            "common_shares": 607688,
            "book_valuer_per_share": 40.5,
            "book_valuer_per_share_4q_avg": 39.88,
            "equity": 2461060,
            "current_ratio": 242.83,
            "debt_ratio": 31.9,
            "inventory_turnover_ratio": 0.85,
            "account_receivable_turnover_ratio": 0.81,
            "reinvestment_rate": 281.37,
            "research_to_sale_ratio": 1.1,
            "price_fair": 155.05,
            "eps_avg_yearly": 4.43,
            "eps_latest_yearly": 0.72,
            "eps_growth_yearly": 500.64
        },
        "20121": {
            "year_quarter": 20121,
            "year": 2012,
            "quarter": 1,
            "eps": 0.07,
            "eps_growth_year": -93,
            "eps_4q": 2.89,
            "eps_4q_growth_year": -55.57,
            "roe": 0.18,
            "roe_4q": 7.35,
            "gross_profit": 50011,
            "gross_margin": 10.48,
            "gross_margin_4q_avg": 15.49,
            "net_income": 4430,
            "revenue": 477148,
            "common_shares": 607688,
            "book_valuer_per_share": 39.8,
            "book_valuer_per_share_4q_avg": 39.5,
            "equity": 2418613,
            "current_ratio": 249.09,
            "debt_ratio": 30.59,
            "inventory_turnover_ratio": 0.83,
            "account_receivable_turnover_ratio": 0.75,
            "reinvestment_rate": 272.4,
            "research_to_sale_ratio": 1.21,
            "price_fair": 154.35,
            "eps_avg_yearly": 4.41,
            "eps_latest_yearly": 0.28,
            "eps_growth_yearly": 504.31
        },
        "20122": {
            "year_quarter": 20122,
            "year": 2012,
            "quarter": 2,
            "eps": 0.72,
            "eps_growth_year": -63.97,
            "eps_4q": 1.6,
            "eps_4q_growth_year": -74.96,
            "roe": 1.84,
            "roe_4q": 4.07,
            "gross_profit": 135346,
            "gross_margin": 19.4,
            "gross_margin_4q_avg": 14.85,
            "net_income": 44028,
            "revenue": 697545,
            "common_shares": 607688,
            "book_valuer_per_share": 39.11,
            "book_valuer_per_share_4q_avg": 39.96,
            "equity": 2376506,
            "current_ratio": 219.81,
            "debt_ratio": 35.48,
            "inventory_turnover_ratio": 1.12,
            "account_receivable_turnover_ratio": 1.02,
            "reinvestment_rate": 278.16,
            "research_to_sale_ratio": 0.72,
            "price_fair": 153.39,
            "eps_avg_yearly": 4.38,
            "eps_latest_yearly": 2.88,
            "eps_growth_yearly": 623.12
        },
        "20123": {
            "year_quarter": 20123,
            "year": 2012,
            "quarter": 3,
            "eps": 1.09,
            "eps_growth_year": 74.81,
            "eps_4q": 2.1,
            "eps_4q_growth_year": -59.35,
            "roe": 2.69,
            "roe_4q": 5.16,
            "gross_profit": 152318,
            "gross_margin": 21.8,
            "gross_margin_4q_avg": 15.9,
            "net_income": 63767,
            "revenue": 698692,
            "common_shares": 607688,
            "book_valuer_per_share": 40.2,
            "book_valuer_per_share_4q_avg": 39.9,
            "equity": 2362529,
            "current_ratio": 215.15,
            "debt_ratio": 36.7,
            "inventory_turnover_ratio": 1.04,
            "account_receivable_turnover_ratio": 0.9,
            "reinvestment_rate": 268.92,
            "research_to_sale_ratio": 0.66,
            "price_fair": 158.46,
            "eps_avg_yearly": 4.53,
            "eps_latest_yearly": 4.36,
            "eps_growth_yearly": 645.61
        },
        "20124": {
            "year_quarter": 20124,
            "year": 2012,
            "quarter": 4,
            "eps": 0.87,
            "eps_growth_year": 374.97,
            "eps_4q": 2.78,
            "eps_4q_growth_year": -27.03,
            "roe": 2.15,
            "roe_4q": 6.859999999999999,
            "gross_profit": 132347,
            "gross_margin": 20.89,
            "gross_margin_4q_avg": 18.14,
            "net_income": 51354,
            "revenue": 633425,
            "common_shares": 607688,
            "book_valuer_per_share": 41.04,
            "book_valuer_per_share_4q_avg": 40.04,
            "equity": 2411582,
            "current_ratio": 227.22,
            "debt_ratio": 34.91,
            "inventory_turnover_ratio": 0.89,
            "account_receivable_turnover_ratio": 0.84,
            "reinvestment_rate": 261.46,
            "research_to_sale_ratio": 0.72,
            "price_fair": 165.81,
            "eps_avg_yearly": 4.74,
            "eps_latest_yearly": 3.48,
            "eps_growth_yearly": 664.09
        },
        "20131": {
            "year_quarter": 20131,
            "year": 2013,
            "quarter": 1,
            "eps": 0.8,
            "eps_growth_year": 1042.86,
            "eps_4q": 3.51,
            "eps_4q_growth_year": 21.57,
            "roe": 1.91,
            "roe_4q": 8.59,
            "gross_profit": 117674,
            "gross_margin": 19.93,
            "gross_margin_4q_avg": 20.51,
            "net_income": 47234,
            "revenue": 590334,
            "common_shares": 607688,
            "book_valuer_per_share": 42.98,
            "book_valuer_per_share_4q_avg": 40.83,
            "equity": 2526170,
            "current_ratio": 259.98,
            "debt_ratio": 31.88,
            "inventory_turnover_ratio": 0.81,
            "account_receivable_turnover_ratio": 0.85,
            "reinvestment_rate": 21.26,
            "research_to_sale_ratio": 0.71,
            "price_fair": 168.18,
            "eps_avg_yearly": 4.81,
            "eps_latest_yearly": 3.2,
            "eps_growth_yearly": 245.41
        },
        "20132": {
            "year_quarter": 20132,
            "year": 2013,
            "quarter": 2,
            "eps": 1.21,
            "eps_growth_year": 67.01,
            "eps_4q": 3.97,
            "eps_4q_growth_year": 147.8,
            "roe": 2.8,
            "roe_4q": 9.549999999999999,
            "gross_profit": 173084,
            "gross_margin": 23.5,
            "gross_margin_4q_avg": 21.53,
            "net_income": 70959,
            "revenue": 736569,
            "common_shares": 607688,
            "book_valuer_per_share": 43.26,
            "book_valuer_per_share_4q_avg": 41.87,
            "equity": 2542117,
            "current_ratio": 238.85,
            "debt_ratio": 35.05,
            "inventory_turnover_ratio": 0.96,
            "account_receivable_turnover_ratio": 1.01,
            "reinvestment_rate": 26.57,
            "research_to_sale_ratio": 0.73,
            "price_fair": 168.26,
            "eps_avg_yearly": 4.81,
            "eps_latest_yearly": 4.84,
            "eps_growth_yearly": 226.62
        },
        "20133": {
            "year_quarter": 20133,
            "year": 2013,
            "quarter": 3,
            "eps": 1.37,
            "eps_growth_year": 26.26,
            "eps_4q": 4.26,
            "eps_4q_growth_year": 102.64,
            "roe": 3.13,
            "roe_4q": 9.99,
            "gross_profit": 190976,
            "gross_margin": 23.61,
            "gross_margin_4q_avg": 21.98,
            "net_income": 80521,
            "revenue": 808987,
            "common_shares": 607688,
            "book_valuer_per_share": 44.2,
            "book_valuer_per_share_4q_avg": 42.87,
            "equity": 2597533,
            "current_ratio": 252.89,
            "debt_ratio": 33.74,
            "inventory_turnover_ratio": 1.02,
            "account_receivable_turnover_ratio": 0.99,
            "reinvestment_rate": 28.26,
            "research_to_sale_ratio": 0.78,
            "price_fair": 164.68,
            "eps_avg_yearly": 4.71,
            "eps_latest_yearly": 5.48,
            "eps_growth_yearly": 217.84
        },
        "20134": {
            "year_quarter": 20134,
            "year": 2013,
            "quarter": 4,
            "eps": 1.32,
            "eps_growth_year": 51.11,
            "eps_4q": 4.7,
            "eps_4q_growth_year": 68.92,
            "roe": 2.92,
            "roe_4q": 10.76,
            "gross_profit": 172800,
            "gross_margin": 21.86,
            "gross_margin_4q_avg": 22.23,
            "net_income": 77602,
            "revenue": 790466,
            "common_shares": 607688,
            "book_valuer_per_share": 46.29,
            "book_valuer_per_share_4q_avg": 44.18,
            "equity": 2720615,
            "current_ratio": 230.47,
            "debt_ratio": 33.08,
            "inventory_turnover_ratio": 1,
            "account_receivable_turnover_ratio": 0.9,
            "reinvestment_rate": -176.87,
            "research_to_sale_ratio": 1.06,
            "price_fair": 162.05,
            "eps_avg_yearly": 4.63,
            "eps_latest_yearly": 5.28,
            "eps_growth_yearly": 219.18
        },
        "20141": {
            "year_quarter": 20141,
            "year": 2014,
            "quarter": 1,
            "eps": 1.27,
            "eps_growth_year": 58.75,
            "eps_4q": 5.17,
            "eps_4q_growth_year": 47.12,
            "roe": 2.71,
            "roe_4q": 11.559999999999999,
            "gross_profit": 146242,
            "gross_margin": 21.52,
            "gross_margin_4q_avg": 22.62,
            "net_income": 74548,
            "revenue": 679714,
            "common_shares": 607688,
            "book_valuer_per_share": 47.32,
            "book_valuer_per_share_4q_avg": 45.27,
            "equity": 2780830,
            "current_ratio": 251.22,
            "debt_ratio": 30.89,
            "inventory_turnover_ratio": 0.86,
            "account_receivable_turnover_ratio": 0.76,
            "reinvestment_rate": -184.29,
            "research_to_sale_ratio": 1.51,
            "price_fair": 157.76,
            "eps_avg_yearly": 4.51,
            "eps_latest_yearly": 5.08,
            "eps_growth_yearly": 216.07
        },
        "20142": {
            "year_quarter": 20142,
            "year": 2014,
            "quarter": 2,
            "eps": 2.12,
            "eps_growth_year": 75.21,
            "eps_4q": 6.08,
            "eps_4q_growth_year": 53.2,
            "roe": 4.62,
            "roe_4q": 13.379999999999999,
            "gross_profit": 201587,
            "gross_margin": 24.37,
            "gross_margin_4q_avg": 22.84,
            "net_income": 124769,
            "revenue": 827102,
            "common_shares": 607688,
            "book_valuer_per_share": 44.68,
            "book_valuer_per_share_4q_avg": 45.62,
            "equity": 2625819,
            "current_ratio": 152.79,
            "debt_ratio": 47.82,
            "inventory_turnover_ratio": 0.82,
            "account_receivable_turnover_ratio": 0.81,
            "reinvestment_rate": -176.79,
            "research_to_sale_ratio": 1.46,
            "price_fair": 157.85,
            "eps_avg_yearly": 4.51,
            "eps_latest_yearly": 8.48,
            "eps_growth_yearly": 227.83
        },
        "20143": {
            "year_quarter": 20143,
            "year": 2014,
            "quarter": 3,
            "eps": 1.29,
            "eps_growth_year": -5.84,
            "eps_4q": 6,
            "eps_4q_growth_year": 41.06,
            "roe": 2.81,
            "roe_4q": 13.06,
            "gross_profit": 230293,
            "gross_margin": 22.32,
            "gross_margin_4q_avg": 22.52,
            "net_income": 75826,
            "revenue": 1031775,
            "common_shares": 607688,
            "book_valuer_per_share": 47.13,
            "book_valuer_per_share_4q_avg": 46.36,
            "equity": 2769979,
            "current_ratio": 216.17,
            "debt_ratio": 46.55,
            "inventory_turnover_ratio": 0.87,
            "account_receivable_turnover_ratio": 0.84,
            "reinvestment_rate": -196.92,
            "research_to_sale_ratio": 1.56,
            "price_fair": 152.95,
            "eps_avg_yearly": 4.37,
            "eps_latest_yearly": 5.16,
            "eps_growth_yearly": 221.12
        },
        "20144": {
            "year_quarter": 20144,
            "year": 2014,
            "quarter": 4,
            "eps": 1.12,
            "eps_growth_year": -15.38,
            "eps_4q": 5.8,
            "eps_4q_growth_year": 23.34,
            "roe": 2.31,
            "roe_4q": 12.45,
            "gross_profit": 207200,
            "gross_margin": 20.99,
            "gross_margin_4q_avg": 22.3,
            "net_income": 65669,
            "revenue": 987297,
            "common_shares": 607688,
            "book_valuer_per_share": 49.75,
            "book_valuer_per_share_4q_avg": 47.22,
            "equity": 2923826,
            "current_ratio": 182.56,
            "debt_ratio": 44.64,
            "inventory_turnover_ratio": 0.81,
            "account_receivable_turnover_ratio": 0.78,
            "reinvestment_rate": -196.25,
            "research_to_sale_ratio": 0.84,
            "price_fair": 149.28,
            "eps_avg_yearly": 4.27,
            "eps_latest_yearly": 4.48,
            "eps_growth_yearly": 222.02
        },
        "20151": {
            "year_quarter": 20151,
            "year": 2015,
            "quarter": 1,
            "eps": 1.14,
            "eps_growth_year": -10.24,
            "eps_4q": 5.2,
            "eps_4q_growth_year": 0.58,
            "roe": 2.19,
            "roe_4q": 11.93,
            "gross_profit": 223971,
            "gross_margin": 23.24,
            "gross_margin_4q_avg": 22.73,
            "net_income": 68562,
            "revenue": 963762,
            "common_shares": 607688,
            "book_valuer_per_share": 56.73,
            "book_valuer_per_share_4q_avg": 49.57,
            "equity": 3333902,
            "current_ratio": 477.82,
            "debt_ratio": 37.66,
            "inventory_turnover_ratio": 0.77,
            "account_receivable_turnover_ratio": 0.81,
            "reinvestment_rate": -213.23,
            "research_to_sale_ratio": 0.9,
            "price_fair": 150.5,
            "eps_avg_yearly": 4.3,
            "eps_latest_yearly": 4.56,
            "eps_growth_yearly": 231.23
        },
        "20152": {
            "year_quarter": 20152,
            "year": 2015,
            "quarter": 2,
            "eps": 1.54,
            "eps_growth_year": -27.36,
            "eps_4q": 4.69,
            "eps_4q_growth_year": -22.88,
            "roe": 3.14,
            "roe_4q": 10.450000000000001,
            "gross_profit": 210617,
            "gross_margin": 20.15,
            "gross_margin_4q_avg": 21.68,
            "net_income": 102207,
            "revenue": 1045235,
            "common_shares": 664312,
            "book_valuer_per_share": 49.28,
            "book_valuer_per_share_4q_avg": 50.72,
            "equity": 3175364,
            "current_ratio": 314.08,
            "debt_ratio": 41.94,
            "inventory_turnover_ratio": 0.91,
            "account_receivable_turnover_ratio": 0.89,
            "reinvestment_rate": -219.04,
            "research_to_sale_ratio": 0.84,
            "price_fair": 146.39,
            "eps_avg_yearly": 4.18,
            "eps_latest_yearly": 6.16,
            "eps_growth_yearly": 214.75
        },
        "20153": {
            "year_quarter": 20153,
            "year": 2015,
            "quarter": 3,
            "eps": 1.64,
            "eps_growth_year": 27.13,
            "eps_4q": 5.19,
            "eps_4q_growth_year": -13.54,
            "roe": 3.32,
            "roe_4q": 10.96,
            "gross_profit": 272225,
            "gross_margin": 25.47,
            "gross_margin_4q_avg": 22.46,
            "net_income": 109029,
            "revenue": 1068777,
            "common_shares": 665722,
            "book_valuer_per_share": 51.11,
            "book_valuer_per_share_4q_avg": 51.72,
            "equity": 3402590,
            "current_ratio": 251.48,
            "debt_ratio": 42.97,
            "inventory_turnover_ratio": 0.87,
            "account_receivable_turnover_ratio": 0.83,
            "reinvestment_rate": -214.18,
            "research_to_sale_ratio": 0.79,
            "price_fair": 155.31,
            "eps_avg_yearly": 4.44,
            "eps_latest_yearly": 6.56,
            "eps_growth_yearly": 233.66
        },
        "20154": {
            "year_quarter": 20154,
            "year": 2015,
            "quarter": 4,
            "eps": 1.41,
            "eps_growth_year": 26.09,
            "eps_4q": 5.61,
            "eps_4q_growth_year": -3.23,
            "roe": 2.77,
            "roe_4q": 11.42,
            "gross_profit": 232342,
            "gross_margin": 23.5,
            "gross_margin_4q_avg": 23.09,
            "net_income": 93795,
            "revenue": 988500,
            "common_shares": 665722,
            "book_valuer_per_share": 50.77,
            "book_valuer_per_share_4q_avg": 51.97,
            "equity": 3379926,
            "current_ratio": 308.57,
            "debt_ratio": 40.97,
            "inventory_turnover_ratio": 0.81,
            "account_receivable_turnover_ratio": 0.79,
            "reinvestment_rate": -187.16,
            "research_to_sale_ratio": 0.92,
            "price_fair": 166.08,
            "eps_avg_yearly": 4.75,
            "eps_latest_yearly": 5.64,
            "eps_growth_yearly": 247.9
        },
        "20161": {
            "year_quarter": 20161,
            "year": 2016,
            "quarter": 1,
            "eps": 0.94,
            "eps_growth_year": -17.54,
            "eps_4q": 5.53,
            "eps_4q_growth_year": 6.34,
            "roe": 1.83,
            "roe_4q": 11.06,
            "gross_profit": 193016,
            "gross_margin": 20.68,
            "gross_margin_4q_avg": 22.45,
            "net_income": 62842,
            "revenue": 933441,
            "common_shares": 665722,
            "book_valuer_per_share": 52.15,
            "book_valuer_per_share_4q_avg": 50.83,
            "equity": 3471931,
            "current_ratio": 325.16,
            "debt_ratio": 40.5,
            "inventory_turnover_ratio": 0.78,
            "account_receivable_turnover_ratio": 0.82,
            "reinvestment_rate": -165.77,
            "research_to_sale_ratio": 0.73,
            "price_fair": 173.69,
            "eps_avg_yearly": 4.96,
            "eps_latest_yearly": 3.76,
            "eps_growth_yearly": 254.84
        },
        "20162": {
            "year_quarter": 20162,
            "year": 2016,
            "quarter": 2,
            "eps": 1.63,
            "eps_growth_year": 5.84,
            "eps_4q": 5.62,
            "eps_4q_growth_year": 19.77,
            "roe": 3.23,
            "roe_4q": 11.15,
            "gross_profit": 205300,
            "gross_margin": 19.9,
            "gross_margin_4q_avg": 22.39,
            "net_income": 108433,
            "revenue": 1031877,
            "common_shares": 665722,
            "book_valuer_per_share": 48.69,
            "book_valuer_per_share_4q_avg": 50.68,
            "equity": 3241292,
            "current_ratio": 266.29,
            "debt_ratio": 43.08,
            "inventory_turnover_ratio": 0.86,
            "account_receivable_turnover_ratio": 0.91,
            "reinvestment_rate": -155.27,
            "research_to_sale_ratio": 0.98,
            "price_fair": 181.65,
            "eps_avg_yearly": 5.19,
            "eps_latest_yearly": 6.52,
            "eps_growth_yearly": 41.05
        },
        "20163": {
            "year_quarter": 20163,
            "year": 2016,
            "quarter": 3,
            "eps": 1.17,
            "eps_growth_year": -28.66,
            "eps_4q": 5.15,
            "eps_4q_growth_year": -0.72,
            "roe": 2.41,
            "roe_4q": 10.24,
            "gross_profit": 228311,
            "gross_margin": 20.46,
            "gross_margin_4q_avg": 21.14,
            "net_income": 78009,
            "revenue": 1115879,
            "common_shares": 665917,
            "book_valuer_per_share": 48.42,
            "book_valuer_per_share_4q_avg": 50.01,
            "equity": 3224786,
            "current_ratio": 276.11,
            "debt_ratio": 42.94,
            "inventory_turnover_ratio": 0.98,
            "account_receivable_turnover_ratio": 0.91,
            "reinvestment_rate": -168.68,
            "research_to_sale_ratio": 0.8,
            "price_fair": 162.29,
            "eps_avg_yearly": 5.21,
            "eps_latest_yearly": 4.68,
            "eps_growth_yearly": 21.15
        },
        "20164": {
            "year_quarter": 20164,
            "year": 2016,
            "quarter": 4,
            "eps": 1.55,
            "eps_growth_year": 9.85,
            "eps_4q": 5.29,
            "eps_4q_growth_year": -5.72,
            "roe": 3.17,
            "roe_4q": 10.64,
            "gross_profit": 236755,
            "gross_margin": 22.05,
            "gross_margin_4q_avg": 20.77,
            "net_income": 103071,
            "revenue": 1073806,
            "common_shares": 665938,
            "book_valuer_per_share": 49.37,
            "book_valuer_per_share_4q_avg": 49.66,
            "equity": 3287404,
            "current_ratio": 268.55,
            "debt_ratio": 43.53,
            "inventory_turnover_ratio": 0.95,
            "account_receivable_turnover_ratio": 0.83,
            "reinvestment_rate": -164,
            "research_to_sale_ratio": 1,
            "price_fair": 188.3,
            "eps_avg_yearly": 5.38,
            "eps_latest_yearly": 6.2,
            "eps_growth_yearly": 34.32
        },
        "20171": {
            "year_quarter": 20171,
            "year": 2017,
            "quarter": 1,
            "eps": 0.48,
            "eps_growth_year": -48.94,
            "eps_4q": 4.65,
            "eps_4q_growth_year": -15.87,
            "roe": 0.98,
            "roe_4q": 9.790000000000001,
            "gross_profit": 192907,
            "gross_margin": 20.2,
            "gross_margin_4q_avg": 20.65,
            "net_income": 32170,
            "revenue": 954949,
            "common_shares": 665938,
            "book_valuer_per_share": 49.33,
            "book_valuer_per_share_4q_avg": 48.95,
            "equity": 3284844,
            "current_ratio": 258.59,
            "debt_ratio": 42.33,
            "inventory_turnover_ratio": 0.85,
            "account_receivable_turnover_ratio": 0.74,
            "reinvestment_rate": 38.38,
            "research_to_sale_ratio": 1.33,
            "price_fair": 154.06,
            "eps_avg_yearly": 5.3,
            "eps_latest_yearly": 1.92,
            "eps_growth_yearly": 19.07
        }
    },
    "months": {
        "2001-06": {
            "month": "2001-06",
            "price": "42.79",
            "revenue": 65908
        },
        "2001-07": {
            "month": "2001-07",
            "price": "33.61",
            "revenue": 68603
        },
        "2001-08": {
            "month": "2001-08",
            "price": "39.17",
            "revenue": 76734
        },
        "2001-09": {
            "month": "2001-09",
            "price": "30.76",
            "revenue": 74311
        },
        "2001-10": {
            "month": "2001-10",
            "price": "26.26",
            "revenue": 94133
        },
        "2001-11": {
            "month": "2001-11",
            "price": "33.20",
            "revenue": 90897
        },
        "2001-12": {
            "month": "2001-12",
            "price": "38.78",
            "revenue": 71925
        },
        "2002-01": {
            "month": "2002-01",
            "price": "36.55",
            "revenue": 59669
        },
        "2002-02": {
            "month": "2002-02",
            "price": "35.68",
            "revenue": 62881
        },
        "2002-03": {
            "month": "2002-03",
            "price": "40.23",
            "revenue": 85874
        },
        "2002-04": {
            "month": "2002-04",
            "price": "41.05",
            "revenue": 102434
        },
        "2002-05": {
            "month": "2002-05",
            "price": "33.35",
            "revenue": 96647
        },
        "2002-06": {
            "month": "2002-06",
            "price": "31.40",
            "revenue": 79847
        },
        "2002-07": {
            "month": "2002-07",
            "price": "26.30",
            "revenue": 94064
        },
        "2002-08": {
            "month": "2002-08",
            "price": "20.16",
            "revenue": 98659
        },
        "2002-09": {
            "month": "2002-09",
            "price": "16.71",
            "revenue": 94576
        },
        "2002-10": {
            "month": "2002-10",
            "price": "17.18",
            "revenue": 116029
        },
        "2002-11": {
            "month": "2002-11",
            "price": "18.67",
            "revenue": 95634
        },
        "2002-12": {
            "month": "2002-12",
            "price": "17.36",
            "revenue": 91584
        },
        "2003-01": {
            "month": "2003-01",
            "price": "16.96",
            "revenue": 101339
        },
        "2003-02": {
            "month": "2003-02",
            "price": "17.11",
            "revenue": 80860
        },
        "2003-03": {
            "month": "2003-03",
            "price": "18.82",
            "revenue": 92169
        },
        "2003-04": {
            "month": "2003-04",
            "price": "19.33",
            "revenue": 96994
        },
        "2003-05": {
            "month": "2003-05",
            "price": "19.26",
            "revenue": 107581
        },
        "2003-06": {
            "month": "2003-06",
            "price": "22.80",
            "revenue": 110494
        },
        "2003-07": {
            "month": "2003-07",
            "price": "23.24",
            "revenue": 86959
        },
        "2003-08": {
            "month": "2003-08",
            "price": "20.51",
            "revenue": 116339
        },
        "2003-09": {
            "month": "2003-09",
            "price": "19.10",
            "revenue": 108656
        },
        "2003-10": {
            "month": "2003-10",
            "price": "19.35",
            "revenue": 111853
        },
        "2003-11": {
            "month": "2003-11",
            "price": "21.38",
            "revenue": 95840
        },
        "2003-12": {
            "month": "2003-12",
            "price": "23.93",
            "revenue": 87203
        },
        "2004-01": {
            "month": "2004-01",
            "price": "23.93",
            "revenue": 53619
        },
        "2004-02": {
            "month": "2004-02",
            "price": "25.16",
            "revenue": 98551
        },
        "2004-03": {
            "month": "2004-03",
            "price": "22.78",
            "revenue": 88907
        },
        "2004-04": {
            "month": "2004-04",
            "price": "23.03",
            "revenue": 88550
        },
        "2004-05": {
            "month": "2004-05",
            "price": "18.80",
            "revenue": 85436
        },
        "2004-06": {
            "month": "2004-06",
            "price": "17.59",
            "revenue": 92826
        },
        "2004-07": {
            "month": "2004-07",
            "price": "16.06",
            "revenue": 93268
        },
        "2004-08": {
            "month": "2004-08",
            "price": "15.41",
            "revenue": 94121
        },
        "2004-09": {
            "month": "2004-09",
            "price": "15.54",
            "revenue": 77668
        },
        "2004-10": {
            "month": "2004-10",
            "price": "14.63",
            "revenue": 79291
        },
        "2004-11": {
            "month": "2004-11",
            "price": "13.44",
            "revenue": 62640
        },
        "2004-12": {
            "month": "2004-12",
            "price": "12.91",
            "revenue": 56785
        },
        "2005-01": {
            "month": "2005-01",
            "price": "12.31",
            "revenue": 53410
        },
        "2005-02": {
            "month": "2005-02",
            "price": "12.83",
            "revenue": 36006
        },
        "2005-03": {
            "month": "2005-03",
            "price": "13.10",
            "revenue": 52639
        },
        "2005-04": {
            "month": "2005-04",
            "price": "12.46",
            "revenue": 45927
        },
        "2005-05": {
            "month": "2005-05",
            "price": "12.78",
            "revenue": 41660
        },
        "2005-06": {
            "month": "2005-06",
            "price": "13.20",
            "revenue": 45565
        },
        "2005-07": {
            "month": "2005-07",
            "price": "13.50",
            "revenue": 48744
        },
        "2005-08": {
            "month": "2005-08",
            "price": "11.76",
            "revenue": 132724
        },
        "2005-09": {
            "month": "2005-09",
            "price": "12.68",
            "revenue": 123862
        },
        "2005-10": {
            "month": "2005-10",
            "price": "13.19",
            "revenue": 120520
        },
        "2005-11": {
            "month": "2005-11",
            "price": "13.82",
            "revenue": 102352
        },
        "2005-12": {
            "month": "2005-12",
            "price": "14.90",
            "revenue": 96697
        },
        "2006-01": {
            "month": "2006-01",
            "price": "17.25",
            "revenue": 87032
        },
        "2006-02": {
            "month": "2006-02",
            "price": "17.69",
            "revenue": 80993
        },
        "2006-03": {
            "month": "2006-03",
            "price": "17.66",
            "revenue": 101203
        },
        "2006-04": {
            "month": "2006-04",
            "price": "18.85",
            "revenue": 91971
        },
        "2006-05": {
            "month": "2006-05",
            "price": "17.79",
            "revenue": 102964
        },
        "2006-06": {
            "month": "2006-06",
            "price": "16.47",
            "revenue": 100638
        },
        "2006-07": {
            "month": "2006-07",
            "price": "16.14",
            "revenue": 103760
        },
        "2006-08": {
            "month": "2006-08",
            "price": "16.75",
            "revenue": 124094
        },
        "2006-09": {
            "month": "2006-09",
            "price": "16.34",
            "revenue": 125359
        },
        "2006-10": {
            "month": "2006-10",
            "price": "18.53",
            "revenue": 107443
        },
        "2006-11": {
            "month": "2006-11",
            "price": "26.80",
            "revenue": 120322
        },
        "2006-12": {
            "month": "2006-12",
            "price": "27.17",
            "revenue": 97233
        },
        "2007-01": {
            "month": "2007-01",
            "price": "28.68",
            "revenue": 112341
        },
        "2007-02": {
            "month": "2007-02",
            "price": "30.72",
            "revenue": 80046
        },
        "2007-03": {
            "month": "2007-03",
            "price": "35.45",
            "revenue": 146707
        },
        "2007-04": {
            "month": "2007-04",
            "price": "40.27",
            "revenue": 141224
        },
        "2007-05": {
            "month": "2007-05",
            "price": "41.21",
            "revenue": 143320
        },
        "2007-06": {
            "month": "2007-06",
            "price": "43.76",
            "revenue": 129490
        },
        "2007-07": {
            "month": "2007-07",
            "price": "51.89",
            "revenue": 134769
        },
        "2007-08": {
            "month": "2007-08",
            "price": "62.69",
            "revenue": 158551
        },
        "2007-09": {
            "month": "2007-09",
            "price": "59.22",
            "revenue": 150718
        },
        "2007-10": {
            "month": "2007-10",
            "price": "57.84",
            "revenue": 140639
        },
        "2007-11": {
            "month": "2007-11",
            "price": "39.12",
            "revenue": 142790
        },
        "2007-12": {
            "month": "2007-12",
            "price": "36.54",
            "revenue": 127187
        },
        "2008-01": {
            "month": "2008-01",
            "price": "37.88",
            "revenue": 136196
        },
        "2008-02": {
            "month": "2008-02",
            "price": "35.64",
            "revenue": 99437
        },
        "2008-03": {
            "month": "2008-03",
            "price": "37.33",
            "revenue": 134331
        },
        "2008-04": {
            "month": "2008-04",
            "price": "39.88",
            "revenue": 128733
        },
        "2008-05": {
            "month": "2008-05",
            "price": "37.72",
            "revenue": 122144
        },
        "2008-06": {
            "month": "2008-06",
            "price": "33.86",
            "revenue": 138026
        },
        "2008-07": {
            "month": "2008-07",
            "price": "26.02",
            "revenue": 132057
        },
        "2008-08": {
            "month": "2008-08",
            "price": "24.33",
            "revenue": 129244
        },
        "2008-09": {
            "month": "2008-09",
            "price": "20.68",
            "revenue": 140676
        },
        "2008-10": {
            "month": "2008-10",
            "price": "16.80",
            "revenue": 125840
        },
        "2008-11": {
            "month": "2008-11",
            "price": "15.44",
            "revenue": 82252
        },
        "2008-12": {
            "month": "2008-12",
            "price": "14.91",
            "revenue": 82054
        },
        "2009-01": {
            "month": "2009-01",
            "price": "15.39",
            "revenue": 66686
        },
        "2009-02": {
            "month": "2009-02",
            "price": "15.18",
            "revenue": 121577
        },
        "2009-03": {
            "month": "2009-03",
            "price": "19.25",
            "revenue": 138346
        },
        "2009-04": {
            "month": "2009-04",
            "price": "22.04",
            "revenue": 147521
        },
        "2009-05": {
            "month": "2009-05",
            "price": "25.81",
            "revenue": 121967
        },
        "2009-06": {
            "month": "2009-06",
            "price": "24.83",
            "revenue": 143262
        },
        "2009-07": {
            "month": "2009-07",
            "price": "26.06",
            "revenue": 155660
        },
        "2009-08": {
            "month": "2009-08",
            "price": "31.56",
            "revenue": 168887
        },
        "2009-09": {
            "month": "2009-09",
            "price": "40.51",
            "revenue": 188268
        },
        "2009-10": {
            "month": "2009-10",
            "price": "42.46",
            "revenue": 160214
        },
        "2009-11": {
            "month": "2009-11",
            "price": "43.09",
            "revenue": 158481
        },
        "2009-12": {
            "month": "2009-12",
            "price": "45.60",
            "revenue": 172965
        },
        "2010-01": {
            "month": "2010-01",
            "price": "50.74",
            "revenue": 154348
        },
        "2010-02": {
            "month": "2010-02",
            "price": "50.95",
            "revenue": 142020
        },
        "2010-03": {
            "month": "2010-03",
            "price": "56.39",
            "revenue": 193590
        },
        "2010-04": {
            "month": "2010-04",
            "price": "70.08",
            "revenue": 198605
        },
        "2010-05": {
            "month": "2010-05",
            "price": "67.72",
            "revenue": 197371
        },
        "2010-06": {
            "month": "2010-06",
            "price": "63.22",
            "revenue": 230242
        },
        "2010-07": {
            "month": "2010-07",
            "price": "66.44",
            "revenue": 216478
        },
        "2010-08": {
            "month": "2010-08",
            "price": "65.23",
            "revenue": 242721
        },
        "2010-09": {
            "month": "2010-09",
            "price": "63.62",
            "revenue": 211541
        },
        "2010-10": {
            "month": "2010-10",
            "price": "61.38",
            "revenue": 185289
        },
        "2010-11": {
            "month": "2010-11",
            "price": "57.50",
            "revenue": 192812
        },
        "2010-12": {
            "month": "2010-12",
            "price": "59.75",
            "revenue": 189485
        },
        "2011-01": {
            "month": "2011-01",
            "price": "59.05",
            "revenue": 184520
        },
        "2011-02": {
            "month": "2011-02",
            "price": "60.46",
            "revenue": 144714
        },
        "2011-03": {
            "month": "2011-03",
            "price": "61.25",
            "revenue": 215443
        },
        "2011-04": {
            "month": "2011-04",
            "price": "61.99",
            "revenue": 219145
        },
        "2011-05": {
            "month": "2011-05",
            "price": "60.94",
            "revenue": 206565
        },
        "2011-06": {
            "month": "2011-06",
            "price": "61.03",
            "revenue": 195830
        },
        "2011-07": {
            "month": "2011-07",
            "price": "47.99",
            "revenue": 174965
        },
        "2011-08": {
            "month": "2011-08",
            "price": "39.71",
            "revenue": 196411
        },
        "2011-09": {
            "month": "2011-09",
            "price": "39.63",
            "revenue": 193473
        },
        "2011-10": {
            "month": "2011-10",
            "price": "38.98",
            "revenue": 192110
        },
        "2011-11": {
            "month": "2011-11",
            "price": "37.00",
            "revenue": 201722
        },
        "2011-12": {
            "month": "2011-12",
            "price": "34.71",
            "revenue": 179872
        },
        "2012-01": {
            "month": "2012-01",
            "price": "34.95",
            "revenue": 87633
        },
        "2012-02": {
            "month": "2012-02",
            "price": "38.47",
            "revenue": 185935
        },
        "2012-03": {
            "month": "2012-03",
            "price": "37.37",
            "revenue": 203579
        },
        "2012-04": {
            "month": "2012-04",
            "price": "31.54",
            "revenue": 212019
        },
        "2012-05": {
            "month": "2012-05",
            "price": "28.17",
            "revenue": 256881
        },
        "2012-06": {
            "month": "2012-06",
            "price": "28.15",
            "revenue": 228646
        },
        "2012-07": {
            "month": "2012-07",
            "price": "29.74",
            "revenue": 227884
        },
        "2012-08": {
            "month": "2012-08",
            "price": "30.02",
            "revenue": 248138
        },
        "2012-09": {
            "month": "2012-09",
            "price": "30.13",
            "revenue": 222670
        },
        "2012-10": {
            "month": "2012-10",
            "price": "28.80",
            "revenue": 207968
        },
        "2012-11": {
            "month": "2012-11",
            "price": "28.14",
            "revenue": 224340
        },
        "2012-12": {
            "month": "2012-12",
            "price": "28.92",
            "revenue": 201117
        },
        "2013-01": {
            "month": "2013-01",
            "price": "29.91",
            "revenue": 212275
        },
        "2013-02": {
            "month": "2013-02",
            "price": "32.31",
            "revenue": 153429
        },
        "2013-03": {
            "month": "2013-03",
            "price": "32.13",
            "revenue": 224630
        },
        "2013-04": {
            "month": "2013-04",
            "price": "31.48",
            "revenue": 243357
        },
        "2013-05": {
            "month": "2013-05",
            "price": "32.45",
            "revenue": 253062
        },
        "2013-06": {
            "month": "2013-06",
            "price": "32.64",
            "revenue": 240151
        },
        "2013-07": {
            "month": "2013-07",
            "price": "32.29",
            "revenue": 282224
        },
        "2013-08": {
            "month": "2013-08",
            "price": "39.94",
            "revenue": 273881
        },
        "2013-09": {
            "month": "2013-09",
            "price": "43.16",
            "revenue": 252881
        },
        "2013-10": {
            "month": "2013-10",
            "price": "43.50",
            "revenue": 249252
        },
        "2013-11": {
            "month": "2013-11",
            "price": "42.43",
            "revenue": 273953
        },
        "2013-12": {
            "month": "2013-12",
            "price": "51.51",
            "revenue": 267262
        },
        "2014-01": {
            "month": "2014-01",
            "price": "54.50",
            "revenue": 231724
        },
        "2014-02": {
            "month": "2014-02",
            "price": "52.86",
            "revenue": 194273
        },
        "2014-03": {
            "month": "2014-03",
            "price": "58.50",
            "revenue": 253717
        },
        "2014-04": {
            "month": "2014-04",
            "price": "59.40",
            "revenue": 256290
        },
        "2014-05": {
            "month": "2014-05",
            "price": "58.52",
            "revenue": 242527
        },
        "2014-06": {
            "month": "2014-06",
            "price": "58.32",
            "revenue": 328285
        },
        "2014-07": {
            "month": "2014-07",
            "price": "56.27",
            "revenue": 356522
        },
        "2014-08": {
            "month": "2014-08",
            "price": "61.50",
            "revenue": 337845
        },
        "2014-09": {
            "month": "2014-09",
            "price": "61.78",
            "revenue": 337408
        },
        "2014-10": {
            "month": "2014-10",
            "price": "57.32",
            "revenue": 322293
        },
        "2014-11": {
            "month": "2014-11",
            "price": "55.11",
            "revenue": 321216
        },
        "2014-12": {
            "month": "2014-12",
            "price": "54.63",
            "revenue": 343788
        },
        "2015-01": {
            "month": "2015-01",
            "price": "56.30",
            "revenue": 355605
        },
        "2015-02": {
            "month": "2015-02",
            "price": "58.18",
            "revenue": 256354
        },
        "2015-03": {
            "month": "2015-03",
            "price": "63.07",
            "revenue": 351803
        },
        "2015-04": {
            "month": "2015-04",
            "price": "65.41",
            "revenue": 362837
        },
        "2015-05": {
            "month": "2015-05",
            "price": "62.05",
            "revenue": 335283
        },
        "2015-06": {
            "month": "2015-06",
            "price": "58.27",
            "revenue": 347115
        },
        "2015-07": {
            "month": "2015-07",
            "price": "54.81",
            "revenue": 360487
        },
        "2015-08": {
            "month": "2015-08",
            "price": "45.85",
            "revenue": 350490
        },
        "2015-09": {
            "month": "2015-09",
            "price": "46.17",
            "revenue": 357800
        },
        "2015-10": {
            "month": "2015-10",
            "price": "49.55",
            "revenue": 337208
        },
        "2015-11": {
            "month": "2015-11",
            "price": "49.62",
            "revenue": 326506
        },
        "2015-12": {
            "month": "2015-12",
            "price": "49.97",
            "revenue": 324786
        },
        "2016-01": {
            "month": "2016-01",
            "price": "48.80",
            "revenue": 344179
        },
        "2016-02": {
            "month": "2016-02",
            "price": "50.24",
            "revenue": 257105
        },
        "2016-03": {
            "month": "2016-03",
            "price": "52.63",
            "revenue": 332158
        },
        "2016-04": {
            "month": "2016-04",
            "price": "51.04",
            "revenue": 339584
        },
        "2016-05": {
            "month": "2016-05",
            "price": "47.24",
            "revenue": 352186
        },
        "2016-06": {
            "month": "2016-06",
            "price": "48.94",
            "revenue": 340106
        },
        "2016-07": {
            "month": "2016-07",
            "price": "46.76",
            "revenue": 367521
        },
        "2016-08": {
            "month": "2016-08",
            "price": "48.01",
            "revenue": 388592
        },
        "2016-09": {
            "month": "2016-09",
            "price": "49.36",
            "revenue": 359766
        },
        "2016-10": {
            "month": "2016-10",
            "price": "48.24",
            "revenue": 335265
        },
        "2016-11": {
            "month": "2016-11",
            "price": "46.44",
            "revenue": 375717
        },
        "2016-12": {
            "month": "2016-12",
            "price": "47.10",
            "revenue": 362824
        },
        "2017-01": {
            "month": "2017-01",
            "price": "47.54",
            "revenue": 273293
        },
        "2017-02": {
            "month": "2017-02",
            "price": "55.83",
            "revenue": 317129
        },
        "2017-03": {
            "month": "2017-03",
            "price": "56.48",
            "revenue": 364527
        },
        "2017-04": {
            "month": "2017-04",
            "price": "56.87",
            "revenue": 368765
        },
        "2017-05": {
            "month": "2017-05",
            "price": "62.19",
            "revenue": 371197
        }
    }
}
