{
    "summary": {
        "stock_name": "翔耀",
        "stock_id": "2438",
        "category": "光電",
        "main_business": "平面光源<br>LED照明<br>五金沖壓件等",
        "website_url": "http://www.enlightcorp.com.tw",
        "ceo": "林以山",
        "pe_ratio": -48,
        "report_year_from": 2001,
        "report_year_to": 2023,
        "age": 22,
        "eps_negative_percentage": 61,
        "eps_growth_avg": {
            "last_all": -23.82,
            "last_2y": -100,
            "last_4y": -100,
            "last_8y": -50,
            "last_12y": -50,
            "last_16y": -49.67,
            "last_20y": -23.82,
            "at_2006_last_3y": 25.44,
            "at_2007_last_3y": 21.41,
            "at_2008_last_3y": -11.92,
            "at_2009_last_3y": -49.23,
            "at_2010_last_3y": -45.35,
            "at_2011_last_3y": -100,
            "at_2012_last_3y": null,
            "at_2013_last_3y": null,
            "at_2014_last_3y": null,
            "at_2015_last_3y": 100,
            "at_2016_last_3y": -0,
            "at_2017_last_3y": -0,
            "at_2018_last_3y": -0,
            "at_2019_last_3y": -100,
            "at_2020_last_3y": -100,
            "at_2021_last_3y": -100,
            "at_2022_last_3y": -100,
            "at_2023_last_3y": -100,
            "at_2006_last_all": 25.44,
            "at_2007_last_all": 21.41,
            "at_2008_last_all": -2.87,
            "at_2009_last_all": -2.87,
            "at_2010_last_all": -2.87,
            "at_2011_last_all": -2.87,
            "at_2012_last_all": -2.87,
            "at_2013_last_all": -2.87,
            "at_2014_last_all": -2.87,
            "at_2015_last_all": 14.27,
            "at_2016_last_all": -2.05,
            "at_2017_last_all": -2.05,
            "at_2018_last_all": -2.05,
            "at_2019_last_all": -14.3,
            "at_2020_last_all": -14.3,
            "at_2021_last_all": -23.82,
            "at_2022_last_all": -23.82,
            "at_2023_last_all": -23.82
        },
        "latest_eps": -0.49,
        "latest_price": 23.75,
        "latest_roe": -4.35,
        "latest_gross_margin": 1.52,
        "latest_equity": 775409,
        "latest_revenue": 24948,
        "latest_gross_profit": 379,
        "latest_net_income": -8662,
        "latest_debt_ratio": 6.46,
        "latest_current_ratio": 1103.93,
        "latest_account_receivable_turnover_ratio": 0.77,
        "latest_inventory_turnover_ratio": 1.65,
        "latest_reinvestment_rate": null,
        "latest_research_to_sale_ratio": null
    },
    "eps_dividends": {
        "1995": {
            "cash": 0,
            "stock": 2,
            "eps": 0
        },
        "1996": {
            "cash": 0,
            "stock": 3,
            "eps": 0
        },
        "1997": {
            "cash": 0,
            "stock": 4,
            "eps": 0
        },
        "1998": {
            "cash": 0,
            "stock": 4,
            "eps": 0
        },
        "1999": {
            "cash": 0,
            "stock": 3,
            "eps": 0
        },
        "2000": {
            "cash": 0,
            "stock": 3,
            "eps": 0
        },
        "2001": {
            "cash": 0,
            "stock": 1,
            "eps": -1.05
        },
        "2002": {
            "cash": 0,
            "stock": 0,
            "eps": -1.53
        },
        "2003": {
            "cash": 0,
            "stock": 0,
            "eps": 0.33
        },
        "2004": {
            "cash": 0,
            "stock": 0,
            "eps": 0.44
        },
        "2005": {
            "cash": 0,
            "stock": 0,
            "eps": 1
        },
        "2006": {
            "cash": 0,
            "stock": 0,
            "eps": 0.43
        },
        "2007": {
            "cash": 0,
            "stock": 0,
            "eps": 0.47
        },
        "2008": {
            "cash": 0,
            "stock": 0,
            "eps": -8.07
        },
        "2009": {
            "cash": 0,
            "stock": 0,
            "eps": -3.7
        },
        "2010": {
            "cash": 0,
            "stock": 0,
            "eps": -1.1
        },
        "2011": {
            "cash": 0,
            "stock": 0,
            "eps": -0.5
        },
        "2012": {
            "cash": 0,
            "stock": 0,
            "eps": -3.13
        },
        "2013": {
            "cash": 0,
            "stock": 0,
            "eps": -0.27
        },
        "2014": {
            "cash": 0,
            "stock": 0,
            "eps": 0.04
        },
        "2015": {
            "cash": 0,
            "stock": 0,
            "eps": 0.08
        },
        "2016": {
            "cash": 0,
            "stock": 0,
            "eps": -0.09
        },
        "2017": {
            "cash": 0,
            "stock": 0,
            "eps": -0.81
        },
        "2018": {
            "cash": 0,
            "stock": 0,
            "eps": 0.09
        },
        "2019": {
            "cash": 0,
            "stock": 0,
            "eps": -0.86
        },
        "2020": {
            "cash": 0,
            "stock": 0,
            "eps": 0.08
        },
        "2021": {
            "cash": 0,
            "stock": 0,
            "eps": -0.06
        },
        "2022": {
            "cash": 0,
            "stock": 0,
            "eps": -0.37
        },
        "2023": {
            "cash": 0,
            "stock": 0,
            "eps": -0.12
        }
    },
    "dividends": {
        "1995-05-27": {
            "cash": 0,
            "stock": 2
        },
        "1996-06-14": {
            "cash": 0,
            "stock": 3
        },
        "1997-04-16": {
            "cash": 0,
            "stock": 3.5
        },
        "1998-05-11": {
            "cash": 0,
            "stock": 4
        },
        "1999-06-14": {
            "cash": 0,
            "stock": 3
        },
        "2000-06-12": {
            "cash": 0,
            "stock": 3
        },
        "2001-06-20": {
            "cash": 0,
            "stock": 1
        },
        "2006-06-15": {
            "cash": 0.3,
            "stock": 0
        },
        "2007-04-10": {
            "cash": 0.3,
            "stock": 0.3
        },
        "2007-04-25": {
            "cash": 0.23,
            "stock": 0
        }
    },
    "prices": {
        "200101": "13.18",
        "200102": "18.90",
        "200103": "23.56",
        "200104": "25.64",
        "200105": "17.68",
        "200106": "17.34",
        "200107": "12.56",
        "200108": "12.34",
        "200109": "9.80",
        "200110": "8.11",
        "200111": "10.07",
        "200112": "12.17",
        "200201": "16.21",
        "200202": "16.48",
        "200203": "17.30",
        "200204": "18.68",
        "200205": "16.08",
        "200206": "14.08",
        "200207": "11.41",
        "200208": "11.10",
        "200209": "11.38",
        "200210": "11.02",
        "200211": "10.37",
        "200212": "9.65",
        "200301": "9.31",
        "200302": "9.47",
        "200303": "9.13",
        "200304": "8.79",
        "200305": "8.06",
        "200306": "10.46",
        "200307": "12.50",
        "200308": "11.00",
        "200309": "11.07",
        "200310": "11.53",
        "200311": "13.38",
        "200312": "13.22",
        "200401": "13.61",
        "200402": "15.99",
        "200403": "16.19",
        "200404": "15.78",
        "200405": "12.45",
        "200406": "11.21",
        "200407": "10.64",
        "200408": "9.76",
        "200409": "10.04",
        "200410": "9.16",
        "200411": "8.42",
        "200412": "8.03",
        "200501": "7.39",
        "200502": "8.52",
        "200503": "9.48",
        "200504": "8.99",
        "200505": "9.24",
        "200506": "10.98",
        "200507": "13.08",
        "200508": "12.42",
        "200509": "11.57",
        "200510": "11.00",
        "200511": "10.56",
        "200512": "11.34",
        "200601": "12.25",
        "200602": "11.42",
        "200603": "11.55",
        "200604": "12.79",
        "200605": "11.61",
        "200606": "9.95",
        "200607": "9.30",
        "200608": "9.29",
        "200609": "8.94",
        "200610": "9.09",
        "200611": "9.87",
        "200612": "10.56",
        "200701": "11.45",
        "200702": "11.25",
        "200703": "10.76",
        "200704": "11.23",
        "200705": "10.70",
        "200706": "11.53",
        "200707": "13.33",
        "200708": "11.40",
        "200709": "10.93",
        "200710": "10.91",
        "200711": "10.08",
        "200712": "8.92",
        "200801": "8.01",
        "200802": "7.77",
        "200803": "8.43",
        "200804": "8.89",
        "200805": "8.23",
        "200806": "7.01",
        "200807": "4.41",
        "200808": "3.15",
        "200809": "2.07",
        "200810": "1.16",
        "200811": "0.63",
        "200812": "0.56",
        "200901": "0.53",
        "200902": "0.52",
        "200903": "0.70",
        "200904": "0.94",
        "200905": "0.79",
        "200906": "0.73",
        "200907": "0.82",
        "200908": "0.85",
        "200909": "0.88",
        "200910": "1.28",
        "200911": "1.46",
        "200912": "1.32",
        "201001": "1.30",
        "201002": "1.22",
        "201003": "1.28",
        "201004": "1.25",
        "201005": "1.22",
        "201006": "1.25",
        "201007": "1.21",
        "201008": "1.23",
        "201009": "1.23",
        "201010": "1.32",
        "201011": "1.23",
        "201012": "5.10",
        "201101": "5.24",
        "201102": "5.27",
        "201103": "4.53",
        "201104": "4.16",
        "201105": "3.33",
        "201106": "3.66",
        "201107": "3.25",
        "201108": "3.79",
        "201109": "3.29",
        "201110": "2.76",
        "201111": "2.20",
        "201112": "2.45",
        "201201": "2.04",
        "201202": "2.27",
        "201203": "2.15",
        "201204": "2.08",
        "201205": "2.26",
        "201206": "1.85",
        "201207": "1.52",
        "201208": "1.48",
        "201209": "1.53",
        "201210": "1.70",
        "201211": "2.44",
        "201212": "2.67",
        "201301": "2.62",
        "201302": "2.56",
        "201303": "3.66",
        "201304": "3.26",
        "201305": "3.61",
        "201306": "3.78",
        "201307": "3.62",
        "201308": "3.32",
        "201309": "3.14",
        "201310": "3.11",
        "201311": "2.64",
        "201312": "2.33",
        "201401": "2.67",
        "201402": "3.84",
        "201403": "4.97",
        "201404": "5.81",
        "201405": "7.30",
        "201406": "6.80",
        "201407": "6.89",
        "201408": "6.95",
        "201409": "8.06",
        "201410": "8.62",
        "201411": "9.64",
        "201412": "10.43",
        "201501": "10.24",
        "201502": "11.31",
        "201503": "11.80",
        "201504": "14.18",
        "201505": "12.63",
        "201506": "13.96",
        "201507": "14.31",
        "201508": "12.97",
        "201509": "13.52",
        "201510": "14.77",
        "201511": "15.04",
        "201512": "15.05",
        "201601": "14.85",
        "201602": "15.22",
        "201603": "15.43",
        "201604": "14.32",
        "201605": "12.68",
        "201606": "12.11",
        "201607": "12.42",
        "201608": "12.74",
        "201609": "12.44",
        "201610": "11.48",
        "201611": "9.08",
        "201612": "10.28",
        "201701": "9.76",
        "201702": "9.28",
        "201703": "9.51",
        "201704": "8.97",
        "201705": "8.88",
        "201706": "8.61",
        "201707": "8.34",
        "201708": "8.18",
        "201709": "7.92",
        "201710": "7.84",
        "201711": "7.37",
        "201712": "6.81",
        "201801": "7.02",
        "201802": "7.05",
        "201803": "9.92",
        "201804": "9.97",
        "201805": "9.61",
        "201806": "9.66",
        "201807": "8.94",
        "201808": "8.23",
        "201809": "7.78",
        "201810": "6.91",
        "201811": "6.31",
        "201812": "6.62",
        "201901": "7.11",
        "201902": "7.17",
        "201903": "7.43",
        "201904": "7.49",
        "201905": "7.11",
        "201906": "6.99",
        "201907": "6.89",
        "201908": "6.45",
        "201909": "6.21",
        "201910": "6.00",
        "201911": "5.95",
        "201912": "7.67",
        "202001": "8.04",
        "202002": "7.03",
        "202003": "5.86",
        "202004": "6.48",
        "202005": "5.83",
        "202006": "6.12",
        "202007": "7.15",
        "202008": "7.55",
        "202009": "6.66",
        "202010": "6.41",
        "202011": "6.36",
        "202012": "6.64",
        "202101": "11.28",
        "202102": "11.27",
        "202103": "11.51",
        "202104": "13.86",
        "202105": "11.48",
        "202106": "10.40",
        "202107": "10.99",
        "202108": "11.04",
        "202109": "11.32",
        "202110": "11.66",
        "202111": "14.95",
        "202112": "14.97",
        "202201": "15.22",
        "202202": "14.71",
        "202203": "14.12",
        "202204": "13.58",
        "202205": "12.29",
        "202206": "13.48",
        "202207": "13.09",
        "202208": "13.40",
        "202209": "14.22",
        "202210": "13.74",
        "202211": "13.08",
        "202212": "13.60",
        "202301": "14.13",
        "202302": "14.23",
        "202303": "17.04",
        "202304": "25.65",
        "202305": "23.98"
    },
    "quarters": {
        "20011": {
            "year_quarter": 20011,
            "year": 2001,
            "quarter": 1,
            "eps": -0.1,
            "eps_growth_year": -124.39,
            "eps_4q": -0.26,
            "eps_4q_growth_year": -117.42,
            "roe": -0.57,
            "roe_4q": -0.57,
            "gross_profit": 119181,
            "gross_margin": 7.92,
            "gross_margin_4q_avg": 7.92,
            "net_income": -21379,
            "revenue": 1504706,
            "common_shares": 2187568,
            "book_valuer_per_share": 17.18,
            "book_valuer_per_share_4q_avg": 17.18,
            "equity": 3757385,
            "current_ratio": 190.25,
            "debt_ratio": 49.35,
            "inventory_turnover_ratio": 1.51,
            "account_receivable_turnover_ratio": null,
            "reinvestment_rate": null,
            "research_to_sale_ratio": null,
            "price_fair": 0,
            "eps_avg_yearly": 0,
            "eps_latest_yearly": 0,
            "eps_growth_yearly": 0
        },
        "20012": {
            "year_quarter": 20012,
            "year": 2001,
            "quarter": 2,
            "eps": -0.26,
            "eps_growth_year": -144.07,
            "eps_4q": -1.02,
            "eps_4q_growth_year": -151.74,
            "roe": -1.5,
            "roe_4q": -2.07,
            "gross_profit": 150647,
            "gross_margin": 11.45,
            "gross_margin_4q_avg": 9.69,
            "net_income": -56239,
            "revenue": 1316060,
            "common_shares": 2187568,
            "book_valuer_per_share": 17.07,
            "book_valuer_per_share_4q_avg": 17.13,
            "equity": 3734932,
            "current_ratio": 205.56,
            "debt_ratio": 48.95,
            "inventory_turnover_ratio": 2.79,
            "account_receivable_turnover_ratio": null,
            "reinvestment_rate": null,
            "research_to_sale_ratio": null,
            "price_fair": 0,
            "eps_avg_yearly": 0,
            "eps_latest_yearly": 0,
            "eps_growth_yearly": 0
        },
        "20013": {
            "year_quarter": 20013,
            "year": 2001,
            "quarter": 3,
            "eps": -0.36,
            "eps_growth_year": -3700,
            "eps_4q": -1.39,
            "eps_4q_growth_year": -213.68,
            "roe": -2.17,
            "roe_4q": -4.24,
            "gross_profit": 125900,
            "gross_margin": 9.64,
            "gross_margin_4q_avg": 9.67,
            "net_income": -79532,
            "revenue": 1306001,
            "common_shares": 2187568,
            "book_valuer_per_share": 16.38,
            "book_valuer_per_share_4q_avg": 16.88,
            "equity": 3583324,
            "current_ratio": 217.65,
            "debt_ratio": 47.66,
            "inventory_turnover_ratio": 3.51,
            "account_receivable_turnover_ratio": null,
            "reinvestment_rate": null,
            "research_to_sale_ratio": null,
            "price_fair": 0,
            "eps_avg_yearly": 0,
            "eps_latest_yearly": 0,
            "eps_growth_yearly": 0
        },
        "20014": {
            "year_quarter": 20014,
            "year": 2001,
            "quarter": 4,
            "eps": -0.33,
            "eps_growth_year": null,
            "eps_4q": -0.74,
            "eps_4q_growth_year": -200.04,
            "roe": -2.2,
            "roe_4q": -6.44,
            "gross_profit": 194307,
            "gross_margin": 8.88,
            "gross_margin_4q_avg": 9.47,
            "net_income": -79865,
            "revenue": 2187660,
            "common_shares": 2406325,
            "book_valuer_per_share": 14.61,
            "book_valuer_per_share_4q_avg": 16.31,
            "equity": 3689460,
            "current_ratio": 74.98,
            "debt_ratio": 64.4,
            "inventory_turnover_ratio": 2.73,
            "account_receivable_turnover_ratio": null,
            "reinvestment_rate": null,
            "research_to_sale_ratio": null,
            "price_fair": 0,
            "eps_avg_yearly": 0,
            "eps_latest_yearly": 0,
            "eps_growth_yearly": 0
        },
        "20021": {
            "year_quarter": 20021,
            "year": 2002,
            "quarter": 1,
            "eps": -0.46,
            "eps_growth_year": null,
            "eps_4q": -1.36,
            "eps_4q_growth_year": null,
            "roe": -3.05,
            "roe_4q": -8.92,
            "gross_profit": 200449,
            "gross_margin": 14.27,
            "gross_margin_4q_avg": 11.06,
            "net_income": -110525,
            "revenue": 1404859,
            "common_shares": 2406325,
            "book_valuer_per_share": 14.83,
            "book_valuer_per_share_4q_avg": 15.72,
            "equity": 3568120,
            "current_ratio": 101.82,
            "debt_ratio": 49.23,
            "inventory_turnover_ratio": 1.52,
            "account_receivable_turnover_ratio": null,
            "reinvestment_rate": null,
            "research_to_sale_ratio": null,
            "price_fair": 0,
            "eps_avg_yearly": 0,
            "eps_latest_yearly": 0,
            "eps_growth_yearly": 0
        },
        "20022": {
            "year_quarter": 20022,
            "year": 2002,
            "quarter": 2,
            "eps": -0.37,
            "eps_growth_year": null,
            "eps_4q": -1.49,
            "eps_4q_growth_year": null,
            "roe": -2.55,
            "roe_4q": -9.969999999999999,
            "gross_profit": 145357,
            "gross_margin": 11.44,
            "gross_margin_4q_avg": 11.06,
            "net_income": -87882,
            "revenue": 1270714,
            "common_shares": 2406325,
            "book_valuer_per_share": 13.84,
            "book_valuer_per_share_4q_avg": 14.92,
            "equity": 3330573,
            "current_ratio": 90.54,
            "debt_ratio": 46.93,
            "inventory_turnover_ratio": 2.8,
            "account_receivable_turnover_ratio": null,
            "reinvestment_rate": null,
            "research_to_sale_ratio": null,
            "price_fair": 0,
            "eps_avg_yearly": 0,
            "eps_latest_yearly": 0,
            "eps_growth_yearly": 0
        },
        "20023": {
            "year_quarter": 20023,
            "year": 2002,
            "quarter": 3,
            "eps": 0.33,
            "eps_growth_year": null,
            "eps_4q": -0.85,
            "eps_4q_growth_year": null,
            "roe": 2.31,
            "roe_4q": -5.49,
            "gross_profit": 160910,
            "gross_margin": 12.81,
            "gross_margin_4q_avg": 11.85,
            "net_income": 77656,
            "revenue": 1256302,
            "common_shares": 2406325,
            "book_valuer_per_share": 14.05,
            "book_valuer_per_share_4q_avg": 14.33,
            "equity": 3379994,
            "current_ratio": 91.04,
            "debt_ratio": 45.97,
            "inventory_turnover_ratio": 3.03,
            "account_receivable_turnover_ratio": null,
            "reinvestment_rate": null,
            "research_to_sale_ratio": null,
            "price_fair": 0,
            "eps_avg_yearly": 0,
            "eps_latest_yearly": 0,
            "eps_growth_yearly": 0
        },
        "20024": {
            "year_quarter": 20024,
            "year": 2002,
            "quarter": 4,
            "eps": -1.03,
            "eps_growth_year": null,
            "eps_4q": -1.3,
            "eps_4q_growth_year": null,
            "roe": -6.95,
            "roe_4q": -10.24,
            "gross_profit": 165906,
            "gross_margin": 10.04,
            "gross_margin_4q_avg": 12.14,
            "net_income": -244350,
            "revenue": 1652698,
            "common_shares": 3126325,
            "book_valuer_per_share": 11.39,
            "book_valuer_per_share_4q_avg": 13.53,
            "equity": 3653533,
            "current_ratio": 88.07,
            "debt_ratio": 54.12,
            "inventory_turnover_ratio": 2.04,
            "account_receivable_turnover_ratio": null,
            "reinvestment_rate": null,
            "research_to_sale_ratio": null,
            "price_fair": 0,
            "eps_avg_yearly": 0,
            "eps_latest_yearly": 0,
            "eps_growth_yearly": 0
        },
        "20031": {
            "year_quarter": 20031,
            "year": 2003,
            "quarter": 1,
            "eps": 0.08,
            "eps_growth_year": null,
            "eps_4q": -0.73,
            "eps_4q_growth_year": null,
            "roe": 0.69,
            "roe_4q": -6.5,
            "gross_profit": 148612,
            "gross_margin": 9.32,
            "gross_margin_4q_avg": 10.9,
            "net_income": 25249,
            "revenue": 1594466,
            "common_shares": 3126325,
            "book_valuer_per_share": 11.7,
            "book_valuer_per_share_4q_avg": 12.75,
            "equity": 3658482,
            "current_ratio": 145.13,
            "debt_ratio": 38.92,
            "inventory_turnover_ratio": 2.01,
            "account_receivable_turnover_ratio": null,
            "reinvestment_rate": null,
            "research_to_sale_ratio": null,
            "price_fair": 0,
            "eps_avg_yearly": 0,
            "eps_latest_yearly": 0,
            "eps_growth_yearly": 0
        },
        "20032": {
            "year_quarter": 20032,
            "year": 2003,
            "quarter": 2,
            "eps": 0.02,
            "eps_growth_year": null,
            "eps_4q": -0.53,
            "eps_4q_growth_year": null,
            "roe": 0.14,
            "roe_4q": -3.81,
            "gross_profit": 192509,
            "gross_margin": 10.53,
            "gross_margin_4q_avg": 10.68,
            "net_income": 5114,
            "revenue": 1828477,
            "common_shares": 3126325,
            "book_valuer_per_share": 11.59,
            "book_valuer_per_share_4q_avg": 12.18,
            "equity": 3623062,
            "current_ratio": 128.14,
            "debt_ratio": 38.98,
            "inventory_turnover_ratio": 5.16,
            "account_receivable_turnover_ratio": null,
            "reinvestment_rate": null,
            "research_to_sale_ratio": null,
            "price_fair": 0.24,
            "eps_avg_yearly": 0.08,
            "eps_latest_yearly": 0.08,
            "eps_growth_yearly": -300
        },
        "20033": {
            "year_quarter": 20033,
            "year": 2003,
            "quarter": 3,
            "eps": 0.21,
            "eps_growth_year": -36.36,
            "eps_4q": -0.5,
            "eps_4q_growth_year": null,
            "roe": 1.76,
            "roe_4q": -4.36,
            "gross_profit": 134254,
            "gross_margin": 6.7,
            "gross_margin_4q_avg": 9.15,
            "net_income": 63195,
            "revenue": 2002554,
            "common_shares": 3126325,
            "book_valuer_per_share": 11.34,
            "book_valuer_per_share_4q_avg": 11.51,
            "equity": 3544694,
            "current_ratio": 123.1,
            "debt_ratio": 42.94,
            "inventory_turnover_ratio": 4.95,
            "account_receivable_turnover_ratio": null,
            "reinvestment_rate": null,
            "research_to_sale_ratio": null,
            "price_fair": 16.1,
            "eps_avg_yearly": 0.46,
            "eps_latest_yearly": 0.84,
            "eps_growth_yearly": 1750
        },
        "20034": {
            "year_quarter": 20034,
            "year": 2003,
            "quarter": 4,
            "eps": 0.02,
            "eps_growth_year": null,
            "eps_4q": 0.3,
            "eps_4q_growth_year": null,
            "roe": 0.18,
            "roe_4q": 2.77,
            "gross_profit": 203457,
            "gross_margin": 8.8,
            "gross_margin_4q_avg": 8.84,
            "net_income": 6616,
            "revenue": 2311839,
            "common_shares": 3126325,
            "book_valuer_per_share": 11.54,
            "book_valuer_per_share_4q_avg": 11.54,
            "equity": 3607149,
            "current_ratio": 88.34,
            "debt_ratio": 61.19,
            "inventory_turnover_ratio": 2.23,
            "account_receivable_turnover_ratio": null,
            "reinvestment_rate": null,
            "research_to_sale_ratio": null,
            "price_fair": 11.67,
            "eps_avg_yearly": 0.33,
            "eps_latest_yearly": 0.08,
            "eps_growth_yearly": 1046.03
        },
        "20041": {
            "year_quarter": 20041,
            "year": 2004,
            "quarter": 1,
            "eps": 0.16,
            "eps_growth_year": 100,
            "eps_4q": 0.41,
            "eps_4q_growth_year": null,
            "roe": 1.31,
            "roe_4q": 3.39,
            "gross_profit": 194756,
            "gross_margin": 9.86,
            "gross_margin_4q_avg": 8.97,
            "net_income": 48044,
            "revenue": 1974475,
            "common_shares": 3126325,
            "book_valuer_per_share": 11.96,
            "book_valuer_per_share_4q_avg": 11.61,
            "equity": 3739358,
            "current_ratio": 116.38,
            "debt_ratio": 43.35,
            "inventory_turnover_ratio": 1.78,
            "account_receivable_turnover_ratio": null,
            "reinvestment_rate": null,
            "research_to_sale_ratio": null,
            "price_fair": 14.35,
            "eps_avg_yearly": 0.41,
            "eps_latest_yearly": 0.64,
            "eps_growth_yearly": 1484.52
        },
        "20042": {
            "year_quarter": 20042,
            "year": 2004,
            "quarter": 2,
            "eps": 0.06,
            "eps_growth_year": 200,
            "eps_4q": 0.43,
            "eps_4q_growth_year": null,
            "roe": 0.51,
            "roe_4q": 3.76,
            "gross_profit": 195979,
            "gross_margin": 8.59,
            "gross_margin_4q_avg": 8.49,
            "net_income": 19124,
            "revenue": 2280862,
            "common_shares": 3126325,
            "book_valuer_per_share": 11.83,
            "book_valuer_per_share_4q_avg": 11.67,
            "equity": 3698148,
            "current_ratio": 117.71,
            "debt_ratio": 46.39,
            "inventory_turnover_ratio": 3.6,
            "account_receivable_turnover_ratio": null,
            "reinvestment_rate": null,
            "research_to_sale_ratio": null,
            "price_fair": 13.16,
            "eps_avg_yearly": 0.38,
            "eps_latest_yearly": 0.24,
            "eps_growth_yearly": 1137.62
        },
        "20043": {
            "year_quarter": 20043,
            "year": 2004,
            "quarter": 3,
            "eps": 0.05,
            "eps_growth_year": -76.19,
            "eps_4q": 0.3,
            "eps_4q_growth_year": null,
            "roe": 0.4,
            "roe_4q": 2.4000000000000004,
            "gross_profit": 304168,
            "gross_margin": 12.59,
            "gross_margin_4q_avg": 9.96,
            "net_income": 14892,
            "revenue": 2415558,
            "common_shares": 3126325,
            "book_valuer_per_share": 11.77,
            "book_valuer_per_share_4q_avg": 11.78,
            "equity": 3679808,
            "current_ratio": 117.34,
            "debt_ratio": 48.13,
            "inventory_turnover_ratio": 3.14,
            "account_receivable_turnover_ratio": null,
            "reinvestment_rate": null,
            "research_to_sale_ratio": null,
            "price_fair": 12.13,
            "eps_avg_yearly": 0.35,
            "eps_latest_yearly": 0.2,
            "eps_growth_yearly": 936.9
        },
        "20044": {
            "year_quarter": 20044,
            "year": 2004,
            "quarter": 4,
            "eps": 0.17,
            "eps_growth_year": 750,
            "eps_4q": 0.45,
            "eps_4q_growth_year": 47.84,
            "roe": 1.38,
            "roe_4q": 3.6,
            "gross_profit": 276605,
            "gross_margin": 10.48,
            "gross_margin_4q_avg": 10.38,
            "net_income": 50234,
            "revenue": 2640458,
            "common_shares": 3126325,
            "book_valuer_per_share": 11.51,
            "book_valuer_per_share_4q_avg": 11.77,
            "equity": 3598671,
            "current_ratio": 128.71,
            "debt_ratio": 59.61,
            "inventory_turnover_ratio": 1.81,
            "account_receivable_turnover_ratio": null,
            "reinvestment_rate": null,
            "research_to_sale_ratio": null,
            "price_fair": 13.8,
            "eps_avg_yearly": 0.39,
            "eps_latest_yearly": 0.68,
            "eps_growth_yearly": 940.2
        },
        "20051": {
            "year_quarter": 20051,
            "year": 2005,
            "quarter": 1,
            "eps": 0.17,
            "eps_growth_year": 6.25,
            "eps_4q": 0.46,
            "eps_4q_growth_year": 11.88,
            "roe": 1.38,
            "roe_4q": 3.67,
            "gross_profit": 280457,
            "gross_margin": 12.75,
            "gross_margin_4q_avg": 11.1,
            "net_income": 49699,
            "revenue": 2198994,
            "common_shares": 3126325,
            "book_valuer_per_share": 11.49,
            "book_valuer_per_share_4q_avg": 11.65,
            "equity": 3592751,
            "current_ratio": 205.71,
            "debt_ratio": 47.12,
            "inventory_turnover_ratio": 1.39,
            "account_receivable_turnover_ratio": null,
            "reinvestment_rate": null,
            "research_to_sale_ratio": null,
            "price_fair": 15.05,
            "eps_avg_yearly": 0.43,
            "eps_latest_yearly": 0.68,
            "eps_growth_yearly": 822.68
        },
        "20052": {
            "year_quarter": 20052,
            "year": 2005,
            "quarter": 2,
            "eps": 0.35,
            "eps_growth_year": 483.33,
            "eps_4q": 0.74,
            "eps_4q_growth_year": 72.5,
            "roe": 2.84,
            "roe_4q": 6,
            "gross_profit": 333133,
            "gross_margin": 11.98,
            "gross_margin_4q_avg": 11.95,
            "net_income": 102692,
            "revenue": 2780419,
            "common_shares": 3076325,
            "book_valuer_per_share": 11.85,
            "book_valuer_per_share_4q_avg": 11.66,
            "equity": 3646089,
            "current_ratio": 217.69,
            "debt_ratio": 47.67,
            "inventory_turnover_ratio": 3.16,
            "account_receivable_turnover_ratio": null,
            "reinvestment_rate": null,
            "research_to_sale_ratio": null,
            "price_fair": 18.82,
            "eps_avg_yearly": 0.54,
            "eps_latest_yearly": 1.4,
            "eps_growth_yearly": 778.33
        },
        "20053": {
            "year_quarter": 20053,
            "year": 2005,
            "quarter": 3,
            "eps": 0.2,
            "eps_growth_year": 300,
            "eps_4q": 0.9,
            "eps_4q_growth_year": 200.7,
            "roe": 1.6,
            "roe_4q": 7.199999999999999,
            "gross_profit": 237545,
            "gross_margin": 10.75,
            "gross_margin_4q_avg": 11.49,
            "net_income": 58286,
            "revenue": 2210288,
            "common_shares": 3076325,
            "book_valuer_per_share": 11.85,
            "book_valuer_per_share_4q_avg": 11.68,
            "equity": 3646383,
            "current_ratio": 206.19,
            "debt_ratio": 48.37,
            "inventory_turnover_ratio": 2.67,
            "account_receivable_turnover_ratio": null,
            "reinvestment_rate": null,
            "research_to_sale_ratio": null,
            "price_fair": 19.74,
            "eps_avg_yearly": 0.56,
            "eps_latest_yearly": 0.8,
            "eps_growth_yearly": 683.35
        },
        "20054": {
            "year_quarter": 20054,
            "year": 2005,
            "quarter": 4,
            "eps": 0.28,
            "eps_growth_year": 64.71,
            "eps_4q": 1,
            "eps_4q_growth_year": 124.41,
            "roe": 2.18,
            "roe_4q": 8,
            "gross_profit": 317116,
            "gross_margin": 10.03,
            "gross_margin_4q_avg": 11.38,
            "net_income": 81401,
            "revenue": 3161305,
            "common_shares": 2983825,
            "book_valuer_per_share": 12.75,
            "book_valuer_per_share_4q_avg": 11.99,
            "equity": 3809798,
            "current_ratio": 127.16,
            "debt_ratio": 63.45,
            "inventory_turnover_ratio": 2.17,
            "account_receivable_turnover_ratio": null,
            "reinvestment_rate": 178.38,
            "research_to_sale_ratio": null,
            "price_fair": 21.51,
            "eps_avg_yearly": 0.61,
            "eps_latest_yearly": 1.12,
            "eps_growth_yearly": 635.78
        },
        "20061": {
            "year_quarter": 20061,
            "year": 2006,
            "quarter": 1,
            "eps": 0.18,
            "eps_growth_year": 5.88,
            "eps_4q": 1.05,
            "eps_4q_growth_year": 129.05,
            "roe": 1.31,
            "roe_4q": 7.93,
            "gross_profit": 226934,
            "gross_margin": 9.29,
            "gross_margin_4q_avg": 10.51,
            "net_income": 50178,
            "revenue": 2442515,
            "common_shares": 2983825,
            "book_valuer_per_share": 12.96,
            "book_valuer_per_share_4q_avg": 12.35,
            "equity": 3867951,
            "current_ratio": 181.74,
            "debt_ratio": 48.72,
            "inventory_turnover_ratio": 1.79,
            "account_receivable_turnover_ratio": null,
            "reinvestment_rate": 35.09,
            "research_to_sale_ratio": null,
            "price_fair": 21.82,
            "eps_avg_yearly": 0.62,
            "eps_latest_yearly": 0.72,
            "eps_growth_yearly": 570.89
        },
        "20062": {
            "year_quarter": 20062,
            "year": 2006,
            "quarter": 2,
            "eps": -0.17,
            "eps_growth_year": -148.57,
            "eps_4q": 0.48,
            "eps_4q_growth_year": -35.85,
            "roe": -1.28,
            "roe_4q": 3.81,
            "gross_profit": 294084,
            "gross_margin": 12.64,
            "gross_margin_4q_avg": 10.68,
            "net_income": -49166,
            "revenue": 2326084,
            "common_shares": 2958675,
            "book_valuer_per_share": 12.95,
            "book_valuer_per_share_4q_avg": 12.63,
            "equity": 3832569,
            "current_ratio": 91.15,
            "debt_ratio": 47.67,
            "inventory_turnover_ratio": 3.37,
            "account_receivable_turnover_ratio": null,
            "reinvestment_rate": 32.25,
            "research_to_sale_ratio": null,
            "price_fair": 21.82,
            "eps_avg_yearly": 0.62,
            "eps_latest_yearly": 0.72,
            "eps_growth_yearly": 570.89
        },
        "20063": {
            "year_quarter": 20063,
            "year": 2006,
            "quarter": 3,
            "eps": 0.03,
            "eps_growth_year": -85,
            "eps_4q": 0.37,
            "eps_4q_growth_year": -59.05,
            "roe": 0.19,
            "roe_4q": 2.4000000000000004,
            "gross_profit": 319515,
            "gross_margin": 13.17,
            "gross_margin_4q_avg": 11.28,
            "net_income": 7345,
            "revenue": 2425609,
            "common_shares": 2938675,
            "book_valuer_per_share": 13.13,
            "book_valuer_per_share_4q_avg": 12.95,
            "equity": 3859321,
            "current_ratio": 89.78,
            "debt_ratio": 48.45,
            "inventory_turnover_ratio": 3.19,
            "account_receivable_turnover_ratio": null,
            "reinvestment_rate": 40.44,
            "research_to_sale_ratio": null,
            "price_fair": 21.82,
            "eps_avg_yearly": 0.62,
            "eps_latest_yearly": 0.72,
            "eps_growth_yearly": 570.89
        },
        "20064": {
            "year_quarter": 20064,
            "year": 2006,
            "quarter": 4,
            "eps": 0.39,
            "eps_growth_year": 39.29,
            "eps_4q": 0.42,
            "eps_4q_growth_year": -58.23,
            "roe": 2.72,
            "roe_4q": 2.9400000000000004,
            "gross_profit": 87875,
            "gross_margin": 3.12,
            "gross_margin_4q_avg": 9.56,
            "net_income": 110062,
            "revenue": 2812367,
            "common_shares": 2938675,
            "book_valuer_per_share": 13.7,
            "book_valuer_per_share_4q_avg": 13.19,
            "equity": 4230271,
            "current_ratio": 99.88,
            "debt_ratio": 64.89,
            "inventory_turnover_ratio": 2.1,
            "account_receivable_turnover_ratio": null,
            "reinvestment_rate": 315.04,
            "research_to_sale_ratio": null,
            "price_fair": 24.34,
            "eps_avg_yearly": 0.7,
            "eps_latest_yearly": 1.56,
            "eps_growth_yearly": 896.21
        },
        "20071": {
            "year_quarter": 20071,
            "year": 2007,
            "quarter": 1,
            "eps": 0.02,
            "eps_growth_year": -88.89,
            "eps_4q": 0.25,
            "eps_4q_growth_year": -75.95,
            "roe": 0.14,
            "roe_4q": 1.7700000000000002,
            "gross_profit": 221561,
            "gross_margin": 9.79,
            "gross_margin_4q_avg": 9.68,
            "net_income": 5872,
            "revenue": 2262810,
            "common_shares": 2938675,
            "book_valuer_per_share": 13.84,
            "book_valuer_per_share_4q_avg": 13.41,
            "equity": 4067115,
            "current_ratio": 92.3,
            "debt_ratio": 46.93,
            "inventory_turnover_ratio": 1.65,
            "account_receivable_turnover_ratio": null,
            "reinvestment_rate": 36.36,
            "research_to_sale_ratio": null,
            "price_fair": 22.8,
            "eps_avg_yearly": 0.65,
            "eps_latest_yearly": 0.08,
            "eps_growth_yearly": 805.08
        },
        "20072": {
            "year_quarter": 20072,
            "year": 2007,
            "quarter": 2,
            "eps": 0.13,
            "eps_growth_year": null,
            "eps_4q": 0.58,
            "eps_4q_growth_year": 22.21,
            "roe": 0.88,
            "roe_4q": 3.93,
            "gross_profit": 128887,
            "gross_margin": 5.85,
            "gross_margin_4q_avg": 7.98,
            "net_income": 35522,
            "revenue": 2201686,
            "common_shares": 2938675,
            "book_valuer_per_share": 13.66,
            "book_valuer_per_share_4q_avg": 13.58,
            "equity": 4013502,
            "current_ratio": 179.69,
            "debt_ratio": 47,
            "inventory_turnover_ratio": 3.12,
            "account_receivable_turnover_ratio": null,
            "reinvestment_rate": 26.06,
            "research_to_sale_ratio": null,
            "price_fair": 23.9,
            "eps_avg_yearly": 0.68,
            "eps_latest_yearly": 0.52,
            "eps_growth_yearly": 983.66
        },
        "20073": {
            "year_quarter": 20073,
            "year": 2007,
            "quarter": 3,
            "eps": 0.3,
            "eps_growth_year": 900,
            "eps_4q": 0.84,
            "eps_4q_growth_year": 128.38,
            "roe": 2.1,
            "roe_4q": 5.84,
            "gross_profit": 262084,
            "gross_margin": 11.55,
            "gross_margin_4q_avg": 7.58,
            "net_income": 84570,
            "revenue": 2269130,
            "common_shares": 3026235,
            "book_valuer_per_share": 13.32,
            "book_valuer_per_share_4q_avg": 13.63,
            "equity": 4030955,
            "current_ratio": 163.85,
            "debt_ratio": 46.3,
            "inventory_turnover_ratio": 2.99,
            "account_receivable_turnover_ratio": null,
            "reinvestment_rate": 24.21,
            "research_to_sale_ratio": null,
            "price_fair": 24.8,
            "eps_avg_yearly": 0.71,
            "eps_latest_yearly": 1.2,
            "eps_growth_yearly": 749.59
        },
        "20074": {
            "year_quarter": 20074,
            "year": 2007,
            "quarter": 4,
            "eps": 0.02,
            "eps_growth_year": -94.87,
            "eps_4q": 0.54,
            "eps_4q_growth_year": 28.63,
            "roe": 0.12,
            "roe_4q": 3.24,
            "gross_profit": -34408,
            "gross_margin": -1.56,
            "gross_margin_4q_avg": 6.41,
            "net_income": 4847,
            "revenue": 2205930,
            "common_shares": 3026235,
            "book_valuer_per_share": 13.25,
            "book_valuer_per_share_4q_avg": 13.52,
            "equity": 4175140,
            "current_ratio": 72.23,
            "debt_ratio": 66.11,
            "inventory_turnover_ratio": 1.88,
            "account_receivable_turnover_ratio": null,
            "reinvestment_rate": 342.62,
            "research_to_sale_ratio": null,
            "price_fair": 24.8,
            "eps_avg_yearly": 0.71,
            "eps_latest_yearly": 0.08,
            "eps_growth_yearly": 748.77
        },
        "20081": {
            "year_quarter": 20081,
            "year": 2008,
            "quarter": 1,
            "eps": -0.55,
            "eps_growth_year": -2850,
            "eps_4q": -0.11,
            "eps_4q_growth_year": -141.63,
            "roe": -4.34,
            "roe_4q": -1.2399999999999998,
            "gross_profit": 242520,
            "gross_margin": 8.81,
            "gross_margin_4q_avg": 6.16,
            "net_income": -173978,
            "revenue": 2751468,
            "common_shares": 3026235,
            "book_valuer_per_share": 12.18,
            "book_valuer_per_share_4q_avg": 13.1,
            "equity": 3841035,
            "current_ratio": 72.94,
            "debt_ratio": 66.05,
            "inventory_turnover_ratio": 1.5,
            "account_receivable_turnover_ratio": null,
            "reinvestment_rate": 972.37,
            "research_to_sale_ratio": null,
            "price_fair": 24.98,
            "eps_avg_yearly": 0.71,
            "eps_latest_yearly": 0.08,
            "eps_growth_yearly": 590.99
        },
        "20082": {
            "year_quarter": 20082,
            "year": 2008,
            "quarter": 2,
            "eps": -0.7,
            "eps_growth_year": -638.46,
            "eps_4q": -0.89,
            "eps_4q_growth_year": -253.65,
            "roe": -5.11,
            "roe_4q": -7.23,
            "gross_profit": 327264,
            "gross_margin": 10.88,
            "gross_margin_4q_avg": 7.42,
            "net_income": -189966,
            "revenue": 3008275,
            "common_shares": 3026235,
            "book_valuer_per_share": 11.32,
            "book_valuer_per_share_4q_avg": 12.52,
            "equity": 3590413,
            "current_ratio": 61.26,
            "debt_ratio": 68.04,
            "inventory_turnover_ratio": 1.72,
            "account_receivable_turnover_ratio": null,
            "reinvestment_rate": 1979.52,
            "research_to_sale_ratio": null,
            "price_fair": 26.37,
            "eps_avg_yearly": 0.75,
            "eps_latest_yearly": 0.08,
            "eps_growth_yearly": 661.07
        },
        "20083": {
            "year_quarter": 20083,
            "year": 2008,
            "quarter": 3,
            "eps": -2.98,
            "eps_growth_year": -1093.33,
            "eps_4q": -4.02,
            "eps_4q_growth_year": -579.89,
            "roe": -26.84,
            "roe_4q": -36.17,
            "gross_profit": 89881,
            "gross_margin": 3.92,
            "gross_margin_4q_avg": 5.51,
            "net_income": -866450,
            "revenue": 2290366,
            "common_shares": 3026235,
            "book_valuer_per_share": 8.89,
            "book_valuer_per_share_4q_avg": 11.41,
            "equity": 2865878,
            "current_ratio": 55.74,
            "debt_ratio": 73.89,
            "inventory_turnover_ratio": 1.62,
            "account_receivable_turnover_ratio": null,
            "reinvestment_rate": null,
            "research_to_sale_ratio": null,
            "price_fair": 28.13,
            "eps_avg_yearly": 0.8,
            "eps_latest_yearly": 0.08,
            "eps_growth_yearly": 727.23
        },
        "20084": {
            "year_quarter": 20084,
            "year": 2008,
            "quarter": 4,
            "eps": -3.84,
            "eps_growth_year": -19300,
            "eps_4q": -7.76,
            "eps_4q_growth_year": -1537.06,
            "roe": -51.13,
            "roe_4q": -87.42,
            "gross_profit": -655013,
            "gross_margin": -92.75,
            "gross_margin_4q_avg": -17.29,
            "net_income": -1194677,
            "revenue": 706245,
            "common_shares": 3026235,
            "book_valuer_per_share": 5.45,
            "book_valuer_per_share_4q_avg": 9.46,
            "equity": 1807290,
            "current_ratio": 37.47,
            "debt_ratio": 77.36,
            "inventory_turnover_ratio": 1.46,
            "account_receivable_turnover_ratio": 1.68,
            "reinvestment_rate": null,
            "research_to_sale_ratio": null,
            "price_fair": 28.56,
            "eps_avg_yearly": 0.82,
            "eps_latest_yearly": 0.08,
            "eps_growth_yearly": 703.95
        },
        "20091": {
            "year_quarter": 20091,
            "year": 2009,
            "quarter": 1,
            "eps": -0.91,
            "eps_growth_year": null,
            "eps_4q": -8.12,
            "eps_4q_growth_year": null,
            "roe": -16.88,
            "roe_4q": -99.96000000000001,
            "gross_profit": 28322,
            "gross_margin": 10.24,
            "gross_margin_4q_avg": -16.93,
            "net_income": -281813,
            "revenue": 276656,
            "common_shares": 3026235,
            "book_valuer_per_share": 4.69,
            "book_valuer_per_share_4q_avg": 7.59,
            "equity": 1530873,
            "current_ratio": 33.1,
            "debt_ratio": 80.32,
            "inventory_turnover_ratio": 0.4,
            "account_receivable_turnover_ratio": 0.39,
            "reinvestment_rate": null,
            "research_to_sale_ratio": null,
            "price_fair": 29.09,
            "eps_avg_yearly": 0.83,
            "eps_latest_yearly": 0.08,
            "eps_growth_yearly": 782.17
        },
        "20092": {
            "year_quarter": 20092,
            "year": 2009,
            "quarter": 2,
            "eps": -1.46,
            "eps_growth_year": null,
            "eps_4q": -8.91,
            "eps_4q_growth_year": null,
            "roe": -40.57,
            "roe_4q": -135.42000000000002,
            "gross_profit": -67973,
            "gross_margin": -30.85,
            "gross_margin_4q_avg": -27.36,
            "net_income": -509226,
            "revenue": 220360,
            "common_shares": 3026235,
            "book_valuer_per_share": 3.11,
            "book_valuer_per_share_4q_avg": 5.54,
            "equity": 979340,
            "current_ratio": 33.3,
            "debt_ratio": 80.84,
            "inventory_turnover_ratio": 0.57,
            "account_receivable_turnover_ratio": 0.46,
            "reinvestment_rate": null,
            "research_to_sale_ratio": null,
            "price_fair": 26.6,
            "eps_avg_yearly": 0.76,
            "eps_latest_yearly": 0.08,
            "eps_growth_yearly": 827
        },
        "20093": {
            "year_quarter": 20093,
            "year": 2009,
            "quarter": 3,
            "eps": -0.83,
            "eps_growth_year": null,
            "eps_4q": -6.88,
            "eps_4q_growth_year": null,
            "roe": -28.79,
            "roe_4q": -137.37,
            "gross_profit": 52510,
            "gross_margin": 26.25,
            "gross_margin_4q_avg": -21.78,
            "net_income": -247706,
            "revenue": 200040,
            "common_shares": 3026235,
            "book_valuer_per_share": 2.26,
            "book_valuer_per_share_4q_avg": 3.88,
            "equity": 741411,
            "current_ratio": 30.88,
            "debt_ratio": 84.75,
            "inventory_turnover_ratio": 0.41,
            "account_receivable_turnover_ratio": 0.52,
            "reinvestment_rate": null,
            "research_to_sale_ratio": null,
            "price_fair": 26.4,
            "eps_avg_yearly": 0.75,
            "eps_latest_yearly": 0.08,
            "eps_growth_yearly": 969.63
        },
        "20094": {
            "year_quarter": 20094,
            "year": 2009,
            "quarter": 4,
            "eps": -0.5,
            "eps_growth_year": null,
            "eps_4q": -3.7,
            "eps_4q_growth_year": null,
            "roe": -48.89,
            "roe_4q": -135.13,
            "gross_profit": -109768,
            "gross_margin": -108.23,
            "gross_margin_4q_avg": -25.65,
            "net_income": -253153,
            "revenue": 101417,
            "common_shares": 3026235,
            "book_valuer_per_share": 1.12,
            "book_valuer_per_share_4q_avg": 2.8,
            "equity": 294127,
            "current_ratio": 29.11,
            "debt_ratio": 85.69,
            "inventory_turnover_ratio": 1.2,
            "account_receivable_turnover_ratio": 1.93,
            "reinvestment_rate": null,
            "research_to_sale_ratio": null,
            "price_fair": 24.27,
            "eps_avg_yearly": 0.69,
            "eps_latest_yearly": 0.08,
            "eps_growth_yearly": 1104.57
        },
        "20101": {
            "year_quarter": 20101,
            "year": 2010,
            "quarter": 1,
            "eps": -0.01,
            "eps_growth_year": null,
            "eps_4q": -2.8,
            "eps_4q_growth_year": null,
            "roe": 1.03,
            "roe_4q": -117.22,
            "gross_profit": 8665,
            "gross_margin": 7.59,
            "gross_margin_4q_avg": -26.31,
            "net_income": 3725,
            "revenue": 114115,
            "common_shares": 3026235,
            "book_valuer_per_share": 1.11,
            "book_valuer_per_share_4q_avg": 1.9,
            "equity": 429168,
            "current_ratio": 34.9,
            "debt_ratio": 79.84,
            "inventory_turnover_ratio": 7.19,
            "account_receivable_turnover_ratio": 1.04,
            "reinvestment_rate": null,
            "research_to_sale_ratio": 3.4,
            "price_fair": 24.08,
            "eps_avg_yearly": 0.69,
            "eps_latest_yearly": 0.08,
            "eps_growth_yearly": 1354.05
        },
        "20102": {
            "year_quarter": 20102,
            "year": 2010,
            "quarter": 2,
            "eps": 0.24,
            "eps_growth_year": null,
            "eps_4q": -1.1,
            "eps_4q_growth_year": null,
            "roe": 14.35,
            "roe_4q": -62.300000000000004,
            "gross_profit": -15375,
            "gross_margin": -30.41,
            "gross_margin_4q_avg": -26.2,
            "net_income": 64488,
            "revenue": 50553,
            "common_shares": 3026235,
            "book_valuer_per_share": 1.55,
            "book_valuer_per_share_4q_avg": 1.51,
            "equity": 469767,
            "current_ratio": 27.15,
            "debt_ratio": 73.66,
            "inventory_turnover_ratio": 5.94,
            "account_receivable_turnover_ratio": 0.77,
            "reinvestment_rate": null,
            "research_to_sale_ratio": 8.37,
            "price_fair": 24.08,
            "eps_avg_yearly": 0.69,
            "eps_latest_yearly": 0.08,
            "eps_growth_yearly": 1354.05
        },
        "20103": {
            "year_quarter": 20103,
            "year": 2010,
            "quarter": 3,
            "eps": -0.83,
            "eps_growth_year": null,
            "eps_4q": -1.73,
            "eps_4q_growth_year": null,
            "roe": -17.5,
            "roe_4q": -51.01,
            "gross_profit": -5696,
            "gross_margin": -14.73,
            "gross_margin_4q_avg": -36.45,
            "net_income": -74544,
            "revenue": 38670,
            "common_shares": 907871,
            "book_valuer_per_share": 4.19,
            "book_valuer_per_share_4q_avg": 1.99,
            "equity": 382134,
            "current_ratio": 17.11,
            "debt_ratio": 76.93,
            "inventory_turnover_ratio": 4.6,
            "account_receivable_turnover_ratio": 2.29,
            "reinvestment_rate": null,
            "research_to_sale_ratio": 11.08,
            "price_fair": 24.08,
            "eps_avg_yearly": 0.69,
            "eps_latest_yearly": 0.08,
            "eps_growth_yearly": 1354.05
        },
        "20104": {
            "year_quarter": 20104,
            "year": 2010,
            "quarter": 4,
            "eps": -0.5,
            "eps_growth_year": null,
            "eps_4q": -0.56,
            "eps_4q_growth_year": null,
            "roe": -12.99,
            "roe_4q": -15.110000000000001,
            "gross_profit": 9360,
            "gross_margin": -38.29,
            "gross_margin_4q_avg": -18.96,
            "net_income": -50959,
            "revenue": -24446,
            "common_shares": 1057871,
            "book_valuer_per_share": 3.78,
            "book_valuer_per_share_4q_avg": 2.66,
            "equity": 402710,
            "current_ratio": 40.55,
            "debt_ratio": 73.56,
            "inventory_turnover_ratio": -0.64,
            "account_receivable_turnover_ratio": -1.25,
            "reinvestment_rate": null,
            "research_to_sale_ratio": -15.47,
            "price_fair": 16.45,
            "eps_avg_yearly": 0.47,
            "eps_latest_yearly": 0.08,
            "eps_growth_yearly": 492.56
        },
        "20111": {
            "year_quarter": 20111,
            "year": 2011,
            "quarter": 1,
            "eps": -0.59,
            "eps_growth_year": null,
            "eps_4q": -1.04,
            "eps_4q_growth_year": null,
            "roe": -17.07,
            "roe_4q": -33.21,
            "gross_profit": 24891,
            "gross_margin": 15.6,
            "gross_margin_4q_avg": -16.96,
            "net_income": -69154,
            "revenue": 159605,
            "common_shares": 1201427,
            "book_valuer_per_share": 3.34,
            "book_valuer_per_share_4q_avg": 3.22,
            "equity": 407335,
            "current_ratio": 53.53,
            "debt_ratio": 73.58,
            "inventory_turnover_ratio": 2.38,
            "account_receivable_turnover_ratio": 1.85,
            "reinvestment_rate": null,
            "research_to_sale_ratio": 2.82,
            "price_fair": 21,
            "eps_avg_yearly": 0.6,
            "eps_latest_yearly": 0.08,
            "eps_growth_yearly": 783.25
        },
        "20112": {
            "year_quarter": 20112,
            "year": 2011,
            "quarter": 2,
            "eps": -0.25,
            "eps_growth_year": -206.2,
            "eps_4q": -1.88,
            "eps_4q_growth_year": null,
            "roe": -7.78,
            "roe_4q": -55.34,
            "gross_profit": -2784,
            "gross_margin": -3.82,
            "gross_margin_4q_avg": -10.31,
            "net_income": -30333,
            "revenue": 72947,
            "common_shares": 1201427,
            "book_valuer_per_share": 3.06,
            "book_valuer_per_share_4q_avg": 3.59,
            "equity": 372935,
            "current_ratio": 41.93,
            "debt_ratio": 73.6,
            "inventory_turnover_ratio": 4.38,
            "account_receivable_turnover_ratio": 0.49,
            "reinvestment_rate": null,
            "research_to_sale_ratio": 5.37,
            "price_fair": 22.4,
            "eps_avg_yearly": 0.64,
            "eps_latest_yearly": 0.08,
            "eps_growth_yearly": 74.87
        },
        "20113": {
            "year_quarter": 20113,
            "year": 2011,
            "quarter": 3,
            "eps": -0.49,
            "eps_growth_year": null,
            "eps_4q": -1.71,
            "eps_4q_growth_year": null,
            "roe": -17.07,
            "roe_4q": -54.910000000000004,
            "gross_profit": -2192,
            "gross_margin": -6.32,
            "gross_margin_4q_avg": -8.21,
            "net_income": -61308,
            "revenue": 34682,
            "common_shares": 1241427,
            "book_valuer_per_share": 2.74,
            "book_valuer_per_share_4q_avg": 3.23,
            "equity": 345501,
            "current_ratio": 32.03,
            "debt_ratio": 75.38,
            "inventory_turnover_ratio": 2.69,
            "account_receivable_turnover_ratio": 0.24,
            "reinvestment_rate": null,
            "research_to_sale_ratio": 10.41,
            "price_fair": 0.24,
            "eps_avg_yearly": 0.08,
            "eps_latest_yearly": 0.08,
            "eps_growth_yearly": -373.33
        },
        "20114": {
            "year_quarter": 20114,
            "year": 2011,
            "quarter": 4,
            "eps": 0.83,
            "eps_growth_year": null,
            "eps_4q": -0.47,
            "eps_4q_growth_year": null,
            "roe": 26.66,
            "roe_4q": -15.260000000000002,
            "gross_profit": -5462,
            "gross_margin": 220.6,
            "gross_margin_4q_avg": 56.52,
            "net_income": 102350,
            "revenue": -2476,
            "common_shares": 1241427,
            "book_valuer_per_share": 3.36,
            "book_valuer_per_share_4q_avg": 3.13,
            "equity": 422206,
            "current_ratio": 80.69,
            "debt_ratio": 70.49,
            "inventory_turnover_ratio": 0.24,
            "account_receivable_turnover_ratio": -0.02,
            "reinvestment_rate": null,
            "research_to_sale_ratio": -157.79,
            "price_fair": 0,
            "eps_avg_yearly": 0,
            "eps_latest_yearly": 0,
            "eps_growth_yearly": 0
        },
        "20121": {
            "year_quarter": 20121,
            "year": 2012,
            "quarter": 1,
            "eps": -0.33,
            "eps_growth_year": null,
            "eps_4q": -0.24,
            "eps_4q_growth_year": null,
            "roe": -10.36,
            "roe_4q": -8.55,
            "gross_profit": -5981,
            "gross_margin": -83.08,
            "gross_margin_4q_avg": 31.85,
            "net_income": -41449,
            "revenue": 7199,
            "common_shares": 1241427,
            "book_valuer_per_share": 3,
            "book_valuer_per_share_4q_avg": 3.04,
            "equity": 377724,
            "current_ratio": 47.36,
            "debt_ratio": 50.48,
            "inventory_turnover_ratio": 0.84,
            "account_receivable_turnover_ratio": 0.11,
            "reinvestment_rate": null,
            "research_to_sale_ratio": 52.3,
            "price_fair": 0,
            "eps_avg_yearly": 0,
            "eps_latest_yearly": 0,
            "eps_growth_yearly": 0
        },
        "20122": {
            "year_quarter": 20122,
            "year": 2012,
            "quarter": 2,
            "eps": -0.1,
            "eps_growth_year": null,
            "eps_4q": -0.1,
            "eps_4q_growth_year": null,
            "roe": -3.32,
            "roe_4q": -4.09,
            "gross_profit": -4251,
            "gross_margin": -88.34,
            "gross_margin_4q_avg": 10.72,
            "net_income": -12104,
            "revenue": 4812,
            "common_shares": 1241427,
            "book_valuer_per_share": 2.83,
            "book_valuer_per_share_4q_avg": 2.98,
            "equity": 351854,
            "current_ratio": 30.11,
            "debt_ratio": 51.48,
            "inventory_turnover_ratio": 0.5,
            "account_receivable_turnover_ratio": 0.09,
            "reinvestment_rate": null,
            "research_to_sale_ratio": 62.49,
            "price_fair": 0,
            "eps_avg_yearly": 0,
            "eps_latest_yearly": 0,
            "eps_growth_yearly": 0
        },
        "20123": {
            "year_quarter": 20123,
            "year": 2012,
            "quarter": 3,
            "eps": -0.37,
            "eps_growth_year": null,
            "eps_4q": 0.64,
            "eps_4q_growth_year": null,
            "roe": -5.29,
            "roe_4q": 7.690000000000001,
            "gross_profit": -2062,
            "gross_margin": -26.51,
            "gross_margin_4q_avg": 5.67,
            "net_income": -18101,
            "revenue": 7779,
            "common_shares": 484942,
            "book_valuer_per_share": 6.86,
            "book_valuer_per_share_4q_avg": 4.01,
            "equity": 332801,
            "current_ratio": 22.32,
            "debt_ratio": 51.16,
            "inventory_turnover_ratio": 0.53,
            "account_receivable_turnover_ratio": 0.37,
            "reinvestment_rate": null,
            "research_to_sale_ratio": 34.32,
            "price_fair": 0,
            "eps_avg_yearly": 0,
            "eps_latest_yearly": 0,
            "eps_growth_yearly": 0
        },
        "20124": {
            "year_quarter": 20124,
            "year": 2012,
            "quarter": 4,
            "eps": -2.33,
            "eps_growth_year": -381.67,
            "eps_4q": -3.81,
            "eps_4q_growth_year": null,
            "roe": -41.13,
            "roe_4q": -60.1,
            "gross_profit": -5229,
            "gross_margin": -79.67,
            "gross_margin_4q_avg": -69.4,
            "net_income": -112885,
            "revenue": 6563,
            "common_shares": 484942,
            "book_valuer_per_share": 4.46,
            "book_valuer_per_share_4q_avg": 4.29,
            "equity": 216062,
            "current_ratio": 71.33,
            "debt_ratio": 24.91,
            "inventory_turnover_ratio": 0.59,
            "account_receivable_turnover_ratio": 1.17,
            "reinvestment_rate": null,
            "research_to_sale_ratio": 42.43,
            "price_fair": 0,
            "eps_avg_yearly": 0,
            "eps_latest_yearly": 0,
            "eps_growth_yearly": 0
        },
        "20131": {
            "year_quarter": 20131,
            "year": 2013,
            "quarter": 1,
            "eps": -0.39,
            "eps_growth_year": null,
            "eps_4q": -3.34,
            "eps_4q_growth_year": null,
            "roe": -9.17,
            "roe_4q": -58.910000000000004,
            "gross_profit": -3946,
            "gross_margin": -68.15,
            "gross_margin_4q_avg": -65.67,
            "net_income": -18838,
            "revenue": 5790,
            "common_shares": 484942,
            "book_valuer_per_share": 4.01,
            "book_valuer_per_share_4q_avg": 4.54,
            "equity": 194694,
            "current_ratio": 46.91,
            "debt_ratio": 26.48,
            "inventory_turnover_ratio": 0.51,
            "account_receivable_turnover_ratio": 1.19,
            "reinvestment_rate": null,
            "research_to_sale_ratio": 23.16,
            "price_fair": 0,
            "eps_avg_yearly": 0,
            "eps_latest_yearly": 0,
            "eps_growth_yearly": 0
        },
        "20132": {
            "year_quarter": 20132,
            "year": 2013,
            "quarter": 2,
            "eps": -0.16,
            "eps_growth_year": null,
            "eps_4q": -3.25,
            "eps_4q_growth_year": null,
            "roe": -4.15,
            "roe_4q": -59.74,
            "gross_profit": 286,
            "gross_margin": 2.31,
            "gross_margin_4q_avg": -43.01,
            "net_income": -7915,
            "revenue": 12398,
            "common_shares": 484942,
            "book_valuer_per_share": 3.85,
            "book_valuer_per_share_4q_avg": 4.8,
            "equity": 186755,
            "current_ratio": 41.2,
            "debt_ratio": 27.46,
            "inventory_turnover_ratio": 0.71,
            "account_receivable_turnover_ratio": 2.37,
            "reinvestment_rate": null,
            "research_to_sale_ratio": 8.44,
            "price_fair": 0,
            "eps_avg_yearly": 0,
            "eps_latest_yearly": 0,
            "eps_growth_yearly": 0
        },
        "20133": {
            "year_quarter": 20133,
            "year": 2013,
            "quarter": 3,
            "eps": 0.02,
            "eps_growth_year": null,
            "eps_4q": -2.86,
            "eps_4q_growth_year": -548.81,
            "roe": 0.41,
            "roe_4q": -54.040000000000006,
            "gross_profit": -403,
            "gross_margin": -4.03,
            "gross_margin_4q_avg": -37.39,
            "net_income": 768,
            "revenue": 9991,
            "common_shares": 484942,
            "book_valuer_per_share": 3.87,
            "book_valuer_per_share_4q_avg": 4.05,
            "equity": 187662,
            "current_ratio": 44.79,
            "debt_ratio": 28.11,
            "inventory_turnover_ratio": 0.61,
            "account_receivable_turnover_ratio": 1.26,
            "reinvestment_rate": null,
            "research_to_sale_ratio": 10.41,
            "price_fair": 0,
            "eps_avg_yearly": 0,
            "eps_latest_yearly": 0,
            "eps_growth_yearly": 0
        },
        "20134": {
            "year_quarter": 20134,
            "year": 2013,
            "quarter": 4,
            "eps": 0.26,
            "eps_growth_year": null,
            "eps_4q": -0.27,
            "eps_4q_growth_year": null,
            "roe": 6.56,
            "roe_4q": -6.3500000000000005,
            "gross_profit": -679,
            "gross_margin": -14.93,
            "gross_margin_4q_avg": -21.2,
            "net_income": 12718,
            "revenue": 4548,
            "common_shares": 484942,
            "book_valuer_per_share": 4.13,
            "book_valuer_per_share_4q_avg": 3.97,
            "equity": 200338,
            "current_ratio": 65.64,
            "debt_ratio": 25.34,
            "inventory_turnover_ratio": 0.27,
            "account_receivable_turnover_ratio": 0.57,
            "reinvestment_rate": null,
            "research_to_sale_ratio": 22.12,
            "price_fair": 36.4,
            "eps_avg_yearly": 1.04,
            "eps_latest_yearly": 1.04,
            "eps_growth_yearly": 4800
        },
        "20141": {
            "year_quarter": 20141,
            "year": 2014,
            "quarter": 1,
            "eps": -0.16,
            "eps_growth_year": null,
            "eps_4q": -0.05,
            "eps_4q_growth_year": null,
            "roe": -4.05,
            "roe_4q": -1.2300000000000004,
            "gross_profit": -2879,
            "gross_margin": -40.13,
            "gross_margin_4q_avg": -14.2,
            "net_income": -7946,
            "revenue": 7174,
            "common_shares": 484942,
            "book_valuer_per_share": 3.97,
            "book_valuer_per_share_4q_avg": 3.96,
            "equity": 192311,
            "current_ratio": 61.83,
            "debt_ratio": 25.88,
            "inventory_turnover_ratio": 0.48,
            "account_receivable_turnover_ratio": 1.26,
            "reinvestment_rate": null,
            "research_to_sale_ratio": 14.29,
            "price_fair": 36.4,
            "eps_avg_yearly": 1.04,
            "eps_latest_yearly": 1.04,
            "eps_growth_yearly": 4800
        },
        "20142": {
            "year_quarter": 20142,
            "year": 2014,
            "quarter": 2,
            "eps": 0.42,
            "eps_growth_year": null,
            "eps_4q": 0.35,
            "eps_4q_growth_year": null,
            "roe": 9.51,
            "roe_4q": 12.43,
            "gross_profit": 31626,
            "gross_margin": 38.19,
            "gross_margin_4q_avg": -5.23,
            "net_income": 39365,
            "revenue": 82817,
            "common_shares": 952442,
            "book_valuer_per_share": 4.52,
            "book_valuer_per_share_4q_avg": 4.12,
            "equity": 635775,
            "current_ratio": 126.98,
            "debt_ratio": 29.08,
            "inventory_turnover_ratio": 2.33,
            "account_receivable_turnover_ratio": 1.28,
            "reinvestment_rate": null,
            "research_to_sale_ratio": 1.14,
            "price_fair": 36.4,
            "eps_avg_yearly": 1.04,
            "eps_latest_yearly": 1.04,
            "eps_growth_yearly": 4800
        },
        "20143": {
            "year_quarter": 20143,
            "year": 2014,
            "quarter": 3,
            "eps": 0.03,
            "eps_growth_year": 50,
            "eps_4q": 0.46,
            "eps_4q_growth_year": null,
            "roe": 3.27,
            "roe_4q": 15.29,
            "gross_profit": 52793,
            "gross_margin": 40.76,
            "gross_margin_4q_avg": 5.97,
            "net_income": 21120,
            "revenue": 129521,
            "common_shares": 752159,
            "book_valuer_per_share": 5.75,
            "book_valuer_per_share_4q_avg": 4.59,
            "equity": 656841,
            "current_ratio": 105.13,
            "debt_ratio": 32.58,
            "inventory_turnover_ratio": 3.59,
            "account_receivable_turnover_ratio": 0.97,
            "reinvestment_rate": null,
            "research_to_sale_ratio": 0.76,
            "price_fair": 20.3,
            "eps_avg_yearly": 0.58,
            "eps_latest_yearly": 0.12,
            "eps_growth_yearly": 2214.29
        },
        "20144": {
            "year_quarter": 20144,
            "year": 2014,
            "quarter": 4,
            "eps": -0.25,
            "eps_growth_year": -196.43,
            "eps_4q": 0.04,
            "eps_4q_growth_year": null,
            "roe": -0.19,
            "roe_4q": 8.54,
            "gross_profit": 62639,
            "gross_margin": 47.41,
            "gross_margin_4q_avg": 21.56,
            "net_income": -1225,
            "revenue": 132132,
            "common_shares": 752159,
            "book_valuer_per_share": 5.49,
            "book_valuer_per_share_4q_avg": 4.93,
            "equity": 655498,
            "current_ratio": 120,
            "debt_ratio": 33.59,
            "inventory_turnover_ratio": 3.02,
            "account_receivable_turnover_ratio": 0.91,
            "reinvestment_rate": null,
            "research_to_sale_ratio": 1.04,
            "price_fair": 20.3,
            "eps_avg_yearly": 0.58,
            "eps_latest_yearly": 0.12,
            "eps_growth_yearly": 2214.29
        },
        "20151": {
            "year_quarter": 20151,
            "year": 2015,
            "quarter": 1,
            "eps": 0.17,
            "eps_growth_year": null,
            "eps_4q": 0.32,
            "eps_4q_growth_year": null,
            "roe": 5.63,
            "roe_4q": 18.22,
            "gross_profit": 65942,
            "gross_margin": 48.65,
            "gross_margin_4q_avg": 43.75,
            "net_income": 36369,
            "revenue": 135537,
            "common_shares": 752159,
            "book_valuer_per_share": 5.67,
            "book_valuer_per_share_4q_avg": 5.36,
            "equity": 637277,
            "current_ratio": 104.28,
            "debt_ratio": 39.11,
            "inventory_turnover_ratio": 2.68,
            "account_receivable_turnover_ratio": 0.89,
            "reinvestment_rate": null,
            "research_to_sale_ratio": 0.8,
            "price_fair": 20.3,
            "eps_avg_yearly": 0.58,
            "eps_latest_yearly": 0.12,
            "eps_growth_yearly": 2214.29
        },
        "20152": {
            "year_quarter": 20152,
            "year": 2015,
            "quarter": 2,
            "eps": -0.12,
            "eps_growth_year": -128.57,
            "eps_4q": -0.18,
            "eps_4q_growth_year": -151.79,
            "roe": 1.8,
            "roe_4q": 10.51,
            "gross_profit": 61898,
            "gross_margin": 45.5,
            "gross_margin_4q_avg": 45.58,
            "net_income": 11544,
            "revenue": 136027,
            "common_shares": 752159,
            "book_valuer_per_share": 5.55,
            "book_valuer_per_share_4q_avg": 5.62,
            "equity": 648982,
            "current_ratio": 116.13,
            "debt_ratio": 35.35,
            "inventory_turnover_ratio": 2.66,
            "account_receivable_turnover_ratio": 0.88,
            "reinvestment_rate": null,
            "research_to_sale_ratio": 0.8,
            "price_fair": 20.3,
            "eps_avg_yearly": 0.58,
            "eps_latest_yearly": 0.12,
            "eps_growth_yearly": 2214.29
        },
        "20153": {
            "year_quarter": 20153,
            "year": 2015,
            "quarter": 3,
            "eps": 0.09,
            "eps_growth_year": 200,
            "eps_4q": -0.12,
            "eps_4q_growth_year": -125.47,
            "roe": 4.22,
            "roe_4q": 11.459999999999999,
            "gross_profit": 60507,
            "gross_margin": 37.26,
            "gross_margin_4q_avg": 44.71,
            "net_income": 27959,
            "revenue": 162409,
            "common_shares": 752159,
            "book_valuer_per_share": 5.63,
            "book_valuer_per_share_4q_avg": 5.59,
            "equity": 677046,
            "current_ratio": 133.64,
            "debt_ratio": 36.08,
            "inventory_turnover_ratio": 3.56,
            "account_receivable_turnover_ratio": 0.99,
            "reinvestment_rate": null,
            "research_to_sale_ratio": 0.46,
            "price_fair": 20.3,
            "eps_avg_yearly": 0.58,
            "eps_latest_yearly": 0.12,
            "eps_growth_yearly": 2214.29
        },
        "20154": {
            "year_quarter": 20154,
            "year": 2015,
            "quarter": 4,
            "eps": -0.06,
            "eps_growth_year": null,
            "eps_4q": 0.07,
            "eps_4q_growth_year": 97.71,
            "roe": 1.73,
            "roe_4q": 13.379999999999999,
            "gross_profit": 51495,
            "gross_margin": 29.3,
            "gross_margin_4q_avg": 40.18,
            "net_income": 11803,
            "revenue": 175738,
            "common_shares": 752159,
            "book_valuer_per_share": 5.57,
            "book_valuer_per_share_4q_avg": 5.61,
            "equity": 688471,
            "current_ratio": 129.6,
            "debt_ratio": 36.59,
            "inventory_turnover_ratio": 5.01,
            "account_receivable_turnover_ratio": 0.93,
            "reinvestment_rate": null,
            "research_to_sale_ratio": 0.45,
            "price_fair": 20.3,
            "eps_avg_yearly": 0.58,
            "eps_latest_yearly": 0.12,
            "eps_growth_yearly": 2214.29
        },
        "20161": {
            "year_quarter": 20161,
            "year": 2016,
            "quarter": 1,
            "eps": 0.01,
            "eps_growth_year": -94.12,
            "eps_4q": -0.09,
            "eps_4q_growth_year": -128.2,
            "roe": 1.9,
            "roe_4q": 9.65,
            "gross_profit": 37359,
            "gross_margin": 32.48,
            "gross_margin_4q_avg": 36.14,
            "net_income": 12582,
            "revenue": 115010,
            "common_shares": 752159,
            "book_valuer_per_share": 5.58,
            "book_valuer_per_share_4q_avg": 5.58,
            "equity": 634835,
            "current_ratio": 104.64,
            "debt_ratio": 39.93,
            "inventory_turnover_ratio": 3.05,
            "account_receivable_turnover_ratio": 0.62,
            "reinvestment_rate": null,
            "research_to_sale_ratio": 1.9,
            "price_fair": 20.3,
            "eps_avg_yearly": 0.58,
            "eps_latest_yearly": 0.12,
            "eps_growth_yearly": 2214.29
        },
        "20162": {
            "year_quarter": 20162,
            "year": 2016,
            "quarter": 2,
            "eps": -0.08,
            "eps_growth_year": null,
            "eps_4q": -0.04,
            "eps_4q_growth_year": null,
            "roe": 0.22,
            "roe_4q": 8.07,
            "gross_profit": 28157,
            "gross_margin": 29.34,
            "gross_margin_4q_avg": 32.1,
            "net_income": 1643,
            "revenue": 95973,
            "common_shares": 952159,
            "book_valuer_per_share": 6.9,
            "book_valuer_per_share_4q_avg": 5.92,
            "equity": 879636,
            "current_ratio": 213.69,
            "debt_ratio": 27.03,
            "inventory_turnover_ratio": 2.37,
            "account_receivable_turnover_ratio": 0.58,
            "reinvestment_rate": null,
            "research_to_sale_ratio": 2.73,
            "price_fair": 20.3,
            "eps_avg_yearly": 0.58,
            "eps_latest_yearly": 0.12,
            "eps_growth_yearly": 2214.29
        },
        "20163": {
            "year_quarter": 20163,
            "year": 2016,
            "quarter": 3,
            "eps": -0.01,
            "eps_growth_year": -111.11,
            "eps_4q": -0.11,
            "eps_4q_growth_year": null,
            "roe": 1.16,
            "roe_4q": 5.01,
            "gross_profit": 35850,
            "gross_margin": 31.32,
            "gross_margin_4q_avg": 30.61,
            "net_income": 10293,
            "revenue": 114475,
            "common_shares": 952159,
            "book_valuer_per_share": 6.89,
            "book_valuer_per_share_4q_avg": 6.24,
            "equity": 889738,
            "current_ratio": 242.5,
            "debt_ratio": 24.34,
            "inventory_turnover_ratio": 2.77,
            "account_receivable_turnover_ratio": 0.67,
            "reinvestment_rate": null,
            "research_to_sale_ratio": 2.25,
            "price_fair": 20.3,
            "eps_avg_yearly": 0.58,
            "eps_latest_yearly": 0.12,
            "eps_growth_yearly": 2214.29
        },
        "20164": {
            "year_quarter": 20164,
            "year": 2016,
            "quarter": 4,
            "eps": -0.01,
            "eps_growth_year": null,
            "eps_4q": -0.08,
            "eps_4q_growth_year": -204.49,
            "roe": 1.28,
            "roe_4q": 4.5600000000000005,
            "gross_profit": 43928,
            "gross_margin": 35.86,
            "gross_margin_4q_avg": 32.25,
            "net_income": 11497,
            "revenue": 122493,
            "common_shares": 952159,
            "book_valuer_per_share": 6.87,
            "book_valuer_per_share_4q_avg": 6.56,
            "equity": 901372,
            "current_ratio": 264.32,
            "debt_ratio": 23.01,
            "inventory_turnover_ratio": 2.67,
            "account_receivable_turnover_ratio": 0.66,
            "reinvestment_rate": null,
            "research_to_sale_ratio": 2.92,
            "price_fair": 20.3,
            "eps_avg_yearly": 0.58,
            "eps_latest_yearly": 0.12,
            "eps_growth_yearly": 2214.29
        },
        "20171": {
            "year_quarter": 20171,
            "year": 2017,
            "quarter": 1,
            "eps": 0.1,
            "eps_growth_year": 900,
            "eps_4q": 0.01,
            "eps_4q_growth_year": null,
            "roe": 2.58,
            "roe_4q": 5.24,
            "gross_profit": 47845,
            "gross_margin": 35.01,
            "gross_margin_4q_avg": 32.88,
            "net_income": 22983,
            "revenue": 136654,
            "common_shares": 952159,
            "book_valuer_per_share": 6.97,
            "book_valuer_per_share_4q_avg": 6.91,
            "equity": 877698,
            "current_ratio": 208.57,
            "debt_ratio": 27.15,
            "inventory_turnover_ratio": 2.71,
            "account_receivable_turnover_ratio": 0.68,
            "reinvestment_rate": 3218.57,
            "research_to_sale_ratio": 1.5,
            "price_fair": 20.3,
            "eps_avg_yearly": 0.58,
            "eps_latest_yearly": 0.12,
            "eps_growth_yearly": 2214.29
        },
        "20172": {
            "year_quarter": 20172,
            "year": 2017,
            "quarter": 2,
            "eps": -0.3,
            "eps_growth_year": null,
            "eps_4q": -0.22,
            "eps_4q_growth_year": null,
            "roe": -1.71,
            "roe_4q": 3.3100000000000005,
            "gross_profit": 43991,
            "gross_margin": 38.24,
            "gross_margin_4q_avg": 35.11,
            "net_income": -14883,
            "revenue": 115053,
            "common_shares": 952159,
            "book_valuer_per_share": 6.67,
            "book_valuer_per_share_4q_avg": 6.85,
            "equity": 862815,
            "current_ratio": 226.6,
            "debt_ratio": 23.48,
            "inventory_turnover_ratio": 2.04,
            "account_receivable_turnover_ratio": 0.65,
            "reinvestment_rate": null,
            "research_to_sale_ratio": 1.55,
            "price_fair": 20.3,
            "eps_avg_yearly": 0.58,
            "eps_latest_yearly": 0.12,
            "eps_growth_yearly": 2214.29
        },
        "20173": {
            "year_quarter": 20173,
            "year": 2017,
            "quarter": 3,
            "eps": -0.17,
            "eps_growth_year": null,
            "eps_4q": -0.38,
            "eps_4q_growth_year": null,
            "roe": -0.08,
            "roe_4q": 2.0700000000000003,
            "gross_profit": 47558,
            "gross_margin": 37.51,
            "gross_margin_4q_avg": 36.66,
            "net_income": -677,
            "revenue": 126794,
            "common_shares": 952159,
            "book_valuer_per_share": 6.5,
            "book_valuer_per_share_4q_avg": 6.75,
            "equity": 862138,
            "current_ratio": 295.42,
            "debt_ratio": 19.96,
            "inventory_turnover_ratio": 2.24,
            "account_receivable_turnover_ratio": 0.86,
            "reinvestment_rate": null,
            "research_to_sale_ratio": 0.87,
            "price_fair": 20.3,
            "eps_avg_yearly": 0.58,
            "eps_latest_yearly": 0.12,
            "eps_growth_yearly": 2214.29
        },
        "20174": {
            "year_quarter": 20174,
            "year": 2017,
            "quarter": 4,
            "eps": -0.44,
            "eps_growth_year": null,
            "eps_4q": -0.81,
            "eps_4q_growth_year": null,
            "roe": -3.03,
            "roe_4q": -2.24,
            "gross_profit": 49662,
            "gross_margin": 36.11,
            "gross_margin_4q_avg": 36.72,
            "net_income": -25743,
            "revenue": 137546,
            "common_shares": 952159,
            "book_valuer_per_share": 6.06,
            "book_valuer_per_share_4q_avg": 6.55,
            "equity": 836392,
            "current_ratio": 303.54,
            "debt_ratio": 20.24,
            "inventory_turnover_ratio": 2.76,
            "account_receivable_turnover_ratio": 0.93,
            "reinvestment_rate": null,
            "research_to_sale_ratio": 1.07,
            "price_fair": 0.36,
            "eps_avg_yearly": 0.12,
            "eps_latest_yearly": 0.12,
            "eps_growth_yearly": -371.43
        },
        "20181": {
            "year_quarter": 20181,
            "year": 2018,
            "quarter": 1,
            "eps": 0.06,
            "eps_growth_year": -40,
            "eps_4q": -0.84,
            "eps_4q_growth_year": -6972.38,
            "roe": 2.45,
            "roe_4q": -2.3699999999999997,
            "gross_profit": 40647,
            "gross_margin": 33.97,
            "gross_margin_4q_avg": 36.46,
            "net_income": 20280,
            "revenue": 119642,
            "common_shares": 952159,
            "book_valuer_per_share": 6.27,
            "book_valuer_per_share_4q_avg": 6.38,
            "equity": 817019,
            "current_ratio": 238.51,
            "debt_ratio": 23.02,
            "inventory_turnover_ratio": 2.8,
            "account_receivable_turnover_ratio": 0.84,
            "reinvestment_rate": null,
            "research_to_sale_ratio": 0.83,
            "price_fair": 0.36,
            "eps_avg_yearly": 0.12,
            "eps_latest_yearly": 0.12,
            "eps_growth_yearly": -371.43
        },
        "20182": {
            "year_quarter": 20182,
            "year": 2018,
            "quarter": 2,
            "eps": 0.1,
            "eps_growth_year": null,
            "eps_4q": -0.44,
            "eps_4q_growth_year": null,
            "roe": 2.92,
            "roe_4q": 2.2600000000000002,
            "gross_profit": 43685,
            "gross_margin": 33.95,
            "gross_margin_4q_avg": 35.39,
            "net_income": 24245,
            "revenue": 128659,
            "common_shares": 952159,
            "book_valuer_per_share": 6.37,
            "book_valuer_per_share_4q_avg": 6.3,
            "equity": 841270,
            "current_ratio": 340.77,
            "debt_ratio": 19.52,
            "inventory_turnover_ratio": 3.16,
            "account_receivable_turnover_ratio": 0.9,
            "reinvestment_rate": null,
            "research_to_sale_ratio": 0.76,
            "price_fair": 0.78,
            "eps_avg_yearly": 0.26,
            "eps_latest_yearly": 0.4,
            "eps_growth_yearly": -52.38
        },
        "20183": {
            "year_quarter": 20183,
            "year": 2018,
            "quarter": 3,
            "eps": -0.04,
            "eps_growth_year": null,
            "eps_4q": -0.31,
            "eps_4q_growth_year": null,
            "roe": 0.57,
            "roe_4q": 2.9099999999999997,
            "gross_profit": 22343,
            "gross_margin": 22.77,
            "gross_margin_4q_avg": 31.7,
            "net_income": 4836,
            "revenue": 98136,
            "common_shares": 952159,
            "book_valuer_per_share": 6.32,
            "book_valuer_per_share_4q_avg": 6.26,
            "equity": 844393,
            "current_ratio": 465.77,
            "debt_ratio": 16.42,
            "inventory_turnover_ratio": 2.89,
            "account_receivable_turnover_ratio": 0.74,
            "reinvestment_rate": null,
            "research_to_sale_ratio": 0.98,
            "price_fair": 14,
            "eps_avg_yearly": 0.4,
            "eps_latest_yearly": 0.4,
            "eps_growth_yearly": 266.67
        },
        "20184": {
            "year_quarter": 20184,
            "year": 2018,
            "quarter": 4,
            "eps": -0.03,
            "eps_growth_year": null,
            "eps_4q": 0.09,
            "eps_4q_growth_year": null,
            "roe": 0.48,
            "roe_4q": 6.42,
            "gross_profit": 26185,
            "gross_margin": 26.79,
            "gross_margin_4q_avg": 29.37,
            "net_income": 4045,
            "revenue": 97728,
            "common_shares": 952159,
            "book_valuer_per_share": 6.19,
            "book_valuer_per_share_4q_avg": 6.29,
            "equity": 838572,
            "current_ratio": 446.59,
            "debt_ratio": 17,
            "inventory_turnover_ratio": 2.67,
            "account_receivable_turnover_ratio": 0.87,
            "reinvestment_rate": null,
            "research_to_sale_ratio": 1,
            "price_fair": 14,
            "eps_avg_yearly": 0.4,
            "eps_latest_yearly": 0.4,
            "eps_growth_yearly": 266.67
        },
        "20191": {
            "year_quarter": 20191,
            "year": 2019,
            "quarter": 1,
            "eps": -0.94,
            "eps_growth_year": -1666.67,
            "eps_4q": -0.91,
            "eps_4q_growth_year": null,
            "roe": -9.9,
            "roe_4q": -5.93,
            "gross_profit": 25303,
            "gross_margin": 24.05,
            "gross_margin_4q_avg": 26.89,
            "net_income": -82778,
            "revenue": 105209,
            "common_shares": 952159,
            "book_valuer_per_share": 6.06,
            "book_valuer_per_share_4q_avg": 6.24,
            "equity": 833009,
            "current_ratio": 446.87,
            "debt_ratio": 18.01,
            "inventory_turnover_ratio": 2.93,
            "account_receivable_turnover_ratio": 0.93,
            "reinvestment_rate": null,
            "research_to_sale_ratio": 0.56,
            "price_fair": 14,
            "eps_avg_yearly": 0.4,
            "eps_latest_yearly": 0.4,
            "eps_growth_yearly": 266.67
        },
        "20192": {
            "year_quarter": 20192,
            "year": 2019,
            "quarter": 2,
            "eps": -0.01,
            "eps_growth_year": -110,
            "eps_4q": -1.02,
            "eps_4q_growth_year": null,
            "roe": 0.64,
            "roe_4q": -8.209999999999999,
            "gross_profit": 25935,
            "gross_margin": 24.44,
            "gross_margin_4q_avg": 24.51,
            "net_income": 5226,
            "revenue": 106121,
            "common_shares": 952159,
            "book_valuer_per_share": 6.05,
            "book_valuer_per_share_4q_avg": 6.16,
            "equity": 808562,
            "current_ratio": 470.21,
            "debt_ratio": 17.31,
            "inventory_turnover_ratio": 2.87,
            "account_receivable_turnover_ratio": 0.92,
            "reinvestment_rate": null,
            "research_to_sale_ratio": 0.42,
            "price_fair": 14,
            "eps_avg_yearly": 0.4,
            "eps_latest_yearly": 0.4,
            "eps_growth_yearly": 266.67
        },
        "20193": {
            "year_quarter": 20193,
            "year": 2019,
            "quarter": 3,
            "eps": 0.02,
            "eps_growth_year": null,
            "eps_4q": -0.96,
            "eps_4q_growth_year": null,
            "roe": 1.04,
            "roe_4q": -7.74,
            "gross_profit": 25997,
            "gross_margin": 26,
            "gross_margin_4q_avg": 25.32,
            "net_income": 8432,
            "revenue": 99977,
            "common_shares": 952159,
            "book_valuer_per_share": 6.07,
            "book_valuer_per_share_4q_avg": 6.09,
            "equity": 816994,
            "current_ratio": 470.53,
            "debt_ratio": 17.13,
            "inventory_turnover_ratio": 2.48,
            "account_receivable_turnover_ratio": 0.9,
            "reinvestment_rate": null,
            "research_to_sale_ratio": 0.57,
            "price_fair": 14,
            "eps_avg_yearly": 0.4,
            "eps_latest_yearly": 0.4,
            "eps_growth_yearly": 266.67
        },
        "20194": {
            "year_quarter": 20194,
            "year": 2019,
            "quarter": 4,
            "eps": 0.07,
            "eps_growth_year": null,
            "eps_4q": -0.86,
            "eps_4q_growth_year": -1016.06,
            "roe": 1.61,
            "roe_4q": -6.609999999999999,
            "gross_profit": 30780,
            "gross_margin": 25.64,
            "gross_margin_4q_avg": 25.03,
            "net_income": 13248,
            "revenue": 120047,
            "common_shares": 952159,
            "book_valuer_per_share": 6.17,
            "book_valuer_per_share_4q_avg": 6.09,
            "equity": 833205,
            "current_ratio": 516.37,
            "debt_ratio": 16.21,
            "inventory_turnover_ratio": 2.85,
            "account_receivable_turnover_ratio": 1.09,
            "reinvestment_rate": null,
            "research_to_sale_ratio": 0.87,
            "price_fair": 11.9,
            "eps_avg_yearly": 0.34,
            "eps_latest_yearly": 0.28,
            "eps_growth_yearly": 633.33
        },
        "20201": {
            "year_quarter": 20201,
            "year": 2020,
            "quarter": 1,
            "eps": -0.03,
            "eps_growth_year": null,
            "eps_4q": 0.05,
            "eps_4q_growth_year": null,
            "roe": -0.01,
            "roe_4q": 3.2800000000000002,
            "gross_profit": 16025,
            "gross_margin": 14.4,
            "gross_margin_4q_avg": 22.62,
            "net_income": -90,
            "revenue": 111289,
            "common_shares": 952159,
            "book_valuer_per_share": 6.1,
            "book_valuer_per_share_4q_avg": 6.1,
            "equity": 800279,
            "current_ratio": 433.55,
            "debt_ratio": 17.65,
            "inventory_turnover_ratio": 3.19,
            "account_receivable_turnover_ratio": 0.94,
            "reinvestment_rate": null,
            "research_to_sale_ratio": 0,
            "price_fair": 11.9,
            "eps_avg_yearly": 0.34,
            "eps_latest_yearly": 0.28,
            "eps_growth_yearly": 633.33
        },
        "20202": {
            "year_quarter": 20202,
            "year": 2020,
            "quarter": 2,
            "eps": 0,
            "eps_growth_year": null,
            "eps_4q": 0.05,
            "eps_4q_growth_year": null,
            "roe": 0.55,
            "roe_4q": 3.1900000000000004,
            "gross_profit": 17070,
            "gross_margin": 17.73,
            "gross_margin_4q_avg": 20.94,
            "net_income": 4408,
            "revenue": 96266,
            "common_shares": 952159,
            "book_valuer_per_share": 6.1,
            "book_valuer_per_share_4q_avg": 6.11,
            "equity": 804687,
            "current_ratio": 511.08,
            "debt_ratio": 15.88,
            "inventory_turnover_ratio": 2.97,
            "account_receivable_turnover_ratio": 0.81,
            "reinvestment_rate": null,
            "research_to_sale_ratio": 0,
            "price_fair": 11.9,
            "eps_avg_yearly": 0.34,
            "eps_latest_yearly": 0.28,
            "eps_growth_yearly": 633.33
        },
        "20203": {
            "year_quarter": 20203,
            "year": 2020,
            "quarter": 3,
            "eps": 0.01,
            "eps_growth_year": -50,
            "eps_4q": 0.05,
            "eps_4q_growth_year": null,
            "roe": 0.92,
            "roe_4q": 3.0700000000000003,
            "gross_profit": 23403,
            "gross_margin": 27.22,
            "gross_margin_4q_avg": 21.25,
            "net_income": 7400,
            "revenue": 85970,
            "common_shares": 952159,
            "book_valuer_per_share": 6.11,
            "book_valuer_per_share_4q_avg": 6.12,
            "equity": 812087,
            "current_ratio": 543.26,
            "debt_ratio": 12.31,
            "inventory_turnover_ratio": 2.55,
            "account_receivable_turnover_ratio": 0.76,
            "reinvestment_rate": null,
            "research_to_sale_ratio": 0,
            "price_fair": 11.9,
            "eps_avg_yearly": 0.34,
            "eps_latest_yearly": 0.28,
            "eps_growth_yearly": 633.33
        },
        "20204": {
            "year_quarter": 20204,
            "year": 2020,
            "quarter": 4,
            "eps": 0.1,
            "eps_growth_year": 53.5,
            "eps_4q": 0.07,
            "eps_4q_growth_year": null,
            "roe": 1.28,
            "roe_4q": 2.74,
            "gross_profit": 18732,
            "gross_margin": 21.81,
            "gross_margin_4q_avg": 20.29,
            "net_income": 10450,
            "revenue": 85899,
            "common_shares": 601956,
            "book_valuer_per_share": 9.78,
            "book_valuer_per_share_4q_avg": 7.02,
            "equity": 823324,
            "current_ratio": 505.15,
            "debt_ratio": 13.16,
            "inventory_turnover_ratio": 2.42,
            "account_receivable_turnover_ratio": 0.79,
            "reinvestment_rate": null,
            "research_to_sale_ratio": 0,
            "price_fair": 12.6,
            "eps_avg_yearly": 0.36,
            "eps_latest_yearly": 0.4,
            "eps_growth_yearly": 1622.22
        },
        "20211": {
            "year_quarter": 20211,
            "year": 2021,
            "quarter": 1,
            "eps": -0.04,
            "eps_growth_year": null,
            "eps_4q": 0.08,
            "eps_4q_growth_year": 86.32,
            "roe": 0.25,
            "roe_4q": 3,
            "gross_profit": 20118,
            "gross_margin": 20.56,
            "gross_margin_4q_avg": 21.83,
            "net_income": 2057,
            "revenue": 97868,
            "common_shares": 601956,
            "book_valuer_per_share": 9.75,
            "book_valuer_per_share_4q_avg": 7.94,
            "equity": 825381,
            "current_ratio": 469.7,
            "debt_ratio": 13.96,
            "inventory_turnover_ratio": 2.3,
            "account_receivable_turnover_ratio": 0.88,
            "reinvestment_rate": null,
            "research_to_sale_ratio": null,
            "price_fair": 12.6,
            "eps_avg_yearly": 0.36,
            "eps_latest_yearly": 0.4,
            "eps_growth_yearly": 1622.22
        },
        "20212": {
            "year_quarter": 20212,
            "year": 2021,
            "quarter": 2,
            "eps": -0.04,
            "eps_growth_year": null,
            "eps_4q": 0.05,
            "eps_4q_growth_year": -10.03,
            "roe": 0.41,
            "roe_4q": 2.86,
            "gross_profit": 23722,
            "gross_margin": 24.14,
            "gross_margin_4q_avg": 23.43,
            "net_income": 3324,
            "revenue": 98254,
            "common_shares": 601956,
            "book_valuer_per_share": 9.74,
            "book_valuer_per_share_4q_avg": 8.85,
            "equity": 810640,
            "current_ratio": 449.84,
            "debt_ratio": 14.21,
            "inventory_turnover_ratio": 2.3,
            "account_receivable_turnover_ratio": 0.87,
            "reinvestment_rate": null,
            "research_to_sale_ratio": null,
            "price_fair": 12.6,
            "eps_avg_yearly": 0.36,
            "eps_latest_yearly": 0.4,
            "eps_growth_yearly": 1622.22
        },
        "20213": {
            "year_quarter": 20213,
            "year": 2021,
            "quarter": 3,
            "eps": 0.01,
            "eps_growth_year": 0,
            "eps_4q": 0.03,
            "eps_4q_growth_year": -41.29,
            "roe": 0.73,
            "roe_4q": 2.67,
            "gross_profit": 24332,
            "gross_margin": 23.18,
            "gross_margin_4q_avg": 22.42,
            "net_income": 5908,
            "revenue": 104988,
            "common_shares": 601956,
            "book_valuer_per_share": 9.75,
            "book_valuer_per_share_4q_avg": 9.76,
            "equity": 817502,
            "current_ratio": 485.17,
            "debt_ratio": 13.4,
            "inventory_turnover_ratio": 3.05,
            "account_receivable_turnover_ratio": 0.97,
            "reinvestment_rate": null,
            "research_to_sale_ratio": null,
            "price_fair": 12.6,
            "eps_avg_yearly": 0.36,
            "eps_latest_yearly": 0.4,
            "eps_growth_yearly": 1622.22
        },
        "20214": {
            "year_quarter": 20214,
            "year": 2021,
            "quarter": 4,
            "eps": 0.01,
            "eps_growth_year": -93.4,
            "eps_4q": -0.07,
            "eps_4q_growth_year": -194.21,
            "roe": 0.86,
            "roe_4q": 2.25,
            "gross_profit": 26700,
            "gross_margin": 35.42,
            "gross_margin_4q_avg": 25.83,
            "net_income": 7023,
            "revenue": 75371,
            "common_shares": 601956,
            "book_valuer_per_share": 9.78,
            "book_valuer_per_share_4q_avg": 9.76,
            "equity": 825381,
            "current_ratio": 482.31,
            "debt_ratio": 16.18,
            "inventory_turnover_ratio": 1.89,
            "account_receivable_turnover_ratio": 0.75,
            "reinvestment_rate": null,
            "research_to_sale_ratio": null,
            "price_fair": 9.8,
            "eps_avg_yearly": 0.28,
            "eps_latest_yearly": 0.04,
            "eps_growth_yearly": 1216.67
        },
        "20221": {
            "year_quarter": 20221,
            "year": 2022,
            "quarter": 1,
            "eps": -0.01,
            "eps_growth_year": null,
            "eps_4q": -0.04,
            "eps_4q_growth_year": -143.13,
            "roe": 0.46,
            "roe_4q": 2.46,
            "gross_profit": 17455,
            "gross_margin": 27.28,
            "gross_margin_4q_avg": 27.51,
            "net_income": 3827,
            "revenue": 63994,
            "common_shares": 601956,
            "book_valuer_per_share": 9.77,
            "book_valuer_per_share_4q_avg": 9.76,
            "equity": 829208,
            "current_ratio": 498.37,
            "debt_ratio": 12,
            "inventory_turnover_ratio": 1.78,
            "account_receivable_turnover_ratio": 0.73,
            "reinvestment_rate": null,
            "research_to_sale_ratio": null,
            "price_fair": 9.8,
            "eps_avg_yearly": 0.28,
            "eps_latest_yearly": 0.04,
            "eps_growth_yearly": 1216.67
        },
        "20222": {
            "year_quarter": 20222,
            "year": 2022,
            "quarter": 2,
            "eps": -0.09,
            "eps_growth_year": null,
            "eps_4q": -0.09,
            "eps_4q_growth_year": -284.96,
            "roe": -0.4,
            "roe_4q": 1.65,
            "gross_profit": 11414,
            "gross_margin": 19.26,
            "gross_margin_4q_avg": 26.29,
            "net_income": -3265,
            "revenue": 59250,
            "common_shares": 601956,
            "book_valuer_per_share": 9.71,
            "book_valuer_per_share_4q_avg": 9.75,
            "equity": 807436,
            "current_ratio": 508.67,
            "debt_ratio": 11.51,
            "inventory_turnover_ratio": 1.86,
            "account_receivable_turnover_ratio": 0.78,
            "reinvestment_rate": null,
            "research_to_sale_ratio": null,
            "price_fair": 8.4,
            "eps_avg_yearly": 0.24,
            "eps_latest_yearly": 0.04,
            "eps_growth_yearly": 1533.33
        },
        "20223": {
            "year_quarter": 20223,
            "year": 2022,
            "quarter": 3,
            "eps": -0.08,
            "eps_growth_year": -900,
            "eps_4q": -0.17,
            "eps_4q_growth_year": -722.46,
            "roe": -1.04,
            "roe_4q": -0.12,
            "gross_profit": -2635,
            "gross_margin": -4.5,
            "gross_margin_4q_avg": 19.37,
            "net_income": -8347,
            "revenue": 58557,
            "common_shares": 601956,
            "book_valuer_per_share": 9.58,
            "book_valuer_per_share_4q_avg": 9.71,
            "equity": 795968,
            "current_ratio": 710.51,
            "debt_ratio": 8.98,
            "inventory_turnover_ratio": 2.63,
            "account_receivable_turnover_ratio": 1.03,
            "reinvestment_rate": null,
            "research_to_sale_ratio": null,
            "price_fair": 8.4,
            "eps_avg_yearly": 0.24,
            "eps_latest_yearly": 0.04,
            "eps_growth_yearly": 1533.33
        },
        "20224": {
            "year_quarter": 20224,
            "year": 2022,
            "quarter": 4,
            "eps": -0.19,
            "eps_growth_year": -2952.7,
            "eps_4q": -0.37,
            "eps_4q_growth_year": null,
            "roe": -1.85,
            "roe_4q": -2.83,
            "gross_profit": -4133,
            "gross_margin": -14.62,
            "gross_margin_4q_avg": 6.86,
            "net_income": -14601,
            "revenue": 28272,
            "common_shares": 601956,
            "book_valuer_per_share": 9.4,
            "book_valuer_per_share_4q_avg": 9.62,
            "equity": 782449,
            "current_ratio": 1002.47,
            "debt_ratio": 7.04,
            "inventory_turnover_ratio": 1.81,
            "account_receivable_turnover_ratio": 0.76,
            "reinvestment_rate": null,
            "research_to_sale_ratio": null,
            "price_fair": 8.4,
            "eps_avg_yearly": 0.24,
            "eps_latest_yearly": 0.04,
            "eps_growth_yearly": 1533.33
        },
        "20231": {
            "year_quarter": 20231,
            "year": 2023,
            "quarter": 1,
            "eps": -0.12,
            "eps_growth_year": null,
            "eps_4q": -0.49,
            "eps_4q_growth_year": null,
            "roe": -1.11,
            "roe_4q": -4.4,
            "gross_profit": 379,
            "gross_margin": 1.52,
            "gross_margin_4q_avg": 0.42,
            "net_income": -8662,
            "revenue": 24948,
            "common_shares": 601956,
            "book_valuer_per_share": 9.31,
            "book_valuer_per_share_4q_avg": 9.5,
            "equity": 775409,
            "current_ratio": 1103.93,
            "debt_ratio": 6.46,
            "inventory_turnover_ratio": 1.65,
            "account_receivable_turnover_ratio": 0.77,
            "reinvestment_rate": null,
            "research_to_sale_ratio": null,
            "price_fair": 8.4,
            "eps_avg_yearly": 0.24,
            "eps_latest_yearly": 0.04,
            "eps_growth_yearly": 1533.33
        }
    },
    "months": {
        "2001-06": {
            "month": "2001-06",
            "price": "17.34",
            "revenue": 450226
        },
        "2001-07": {
            "month": "2001-07",
            "price": "12.56",
            "revenue": 445046
        },
        "2001-08": {
            "month": "2001-08",
            "price": "12.34",
            "revenue": 443056
        },
        "2001-09": {
            "month": "2001-09",
            "price": "9.80",
            "revenue": 419013
        },
        "2001-10": {
            "month": "2001-10",
            "price": "8.11",
            "revenue": 918721
        },
        "2001-11": {
            "month": "2001-11",
            "price": "10.07",
            "revenue": 737746
        },
        "2001-12": {
            "month": "2001-12",
            "price": "12.17",
            "revenue": 454513
        },
        "2002-01": {
            "month": "2002-01",
            "price": "16.21",
            "revenue": 386240
        },
        "2002-02": {
            "month": "2002-02",
            "price": "16.48",
            "revenue": 518812
        },
        "2002-03": {
            "month": "2002-03",
            "price": "17.30",
            "revenue": 499703
        },
        "2002-04": {
            "month": "2002-04",
            "price": "18.68",
            "revenue": 458501
        },
        "2002-05": {
            "month": "2002-05",
            "price": "16.08",
            "revenue": 376622
        },
        "2002-06": {
            "month": "2002-06",
            "price": "14.08",
            "revenue": 430899
        },
        "2002-07": {
            "month": "2002-07",
            "price": "11.41",
            "revenue": 419543
        },
        "2002-08": {
            "month": "2002-08",
            "price": "11.10",
            "revenue": 343104
        },
        "2002-09": {
            "month": "2002-09",
            "price": "11.38",
            "revenue": 485344
        },
        "2002-10": {
            "month": "2002-10",
            "price": "11.02",
            "revenue": 477903
        },
        "2002-11": {
            "month": "2002-11",
            "price": "10.37",
            "revenue": 620660
        },
        "2002-12": {
            "month": "2002-12",
            "price": "9.65",
            "revenue": 499907
        },
        "2003-01": {
            "month": "2003-01",
            "price": "9.31",
            "revenue": 467741
        },
        "2003-02": {
            "month": "2003-02",
            "price": "9.47",
            "revenue": 458453
        },
        "2003-03": {
            "month": "2003-03",
            "price": "9.13",
            "revenue": 669509
        },
        "2003-04": {
            "month": "2003-04",
            "price": "8.79",
            "revenue": 605254
        },
        "2003-05": {
            "month": "2003-05",
            "price": "8.06",
            "revenue": 529487
        },
        "2003-06": {
            "month": "2003-06",
            "price": "10.46",
            "revenue": 662757
        },
        "2003-07": {
            "month": "2003-07",
            "price": "12.50",
            "revenue": 552188
        },
        "2003-08": {
            "month": "2003-08",
            "price": "11.00",
            "revenue": 711563
        },
        "2003-09": {
            "month": "2003-09",
            "price": "11.07",
            "revenue": 729975
        },
        "2003-10": {
            "month": "2003-10",
            "price": "11.53",
            "revenue": 843239
        },
        "2003-11": {
            "month": "2003-11",
            "price": "13.38",
            "revenue": 822109
        },
        "2003-12": {
            "month": "2003-12",
            "price": "13.22",
            "revenue": 674922
        },
        "2004-01": {
            "month": "2004-01",
            "price": "13.61",
            "revenue": 578515
        },
        "2004-02": {
            "month": "2004-02",
            "price": "15.99",
            "revenue": 608152
        },
        "2004-03": {
            "month": "2004-03",
            "price": "16.19",
            "revenue": 776468
        },
        "2004-04": {
            "month": "2004-04",
            "price": "15.78",
            "revenue": 803763
        },
        "2004-05": {
            "month": "2004-05",
            "price": "12.45",
            "revenue": 621967
        },
        "2004-06": {
            "month": "2004-06",
            "price": "11.21",
            "revenue": 831379
        },
        "2004-07": {
            "month": "2004-07",
            "price": "10.64",
            "revenue": 837455
        },
        "2004-08": {
            "month": "2004-08",
            "price": "9.76",
            "revenue": 752288
        },
        "2004-09": {
            "month": "2004-09",
            "price": "10.04",
            "revenue": 854082
        },
        "2004-10": {
            "month": "2004-10",
            "price": "9.16",
            "revenue": 951180
        },
        "2004-11": {
            "month": "2004-11",
            "price": "8.42",
            "revenue": 955891
        },
        "2004-12": {
            "month": "2004-12",
            "price": "8.03",
            "revenue": 807184
        },
        "2005-01": {
            "month": "2005-01",
            "price": "7.39",
            "revenue": 635507
        },
        "2005-02": {
            "month": "2005-02",
            "price": "8.52",
            "revenue": 656319
        },
        "2005-03": {
            "month": "2005-03",
            "price": "9.48",
            "revenue": 907168
        },
        "2005-04": {
            "month": "2005-04",
            "price": "8.99",
            "revenue": 1019106
        },
        "2005-05": {
            "month": "2005-05",
            "price": "9.24",
            "revenue": 875452
        },
        "2005-06": {
            "month": "2005-06",
            "price": "10.98",
            "revenue": 910315
        },
        "2005-07": {
            "month": "2005-07",
            "price": "13.08",
            "revenue": 683967
        },
        "2005-08": {
            "month": "2005-08",
            "price": "12.42",
            "revenue": 941187
        },
        "2005-09": {
            "month": "2005-09",
            "price": "11.57",
            "revenue": 1196049
        },
        "2005-10": {
            "month": "2005-10",
            "price": "11.00",
            "revenue": 1206003
        },
        "2005-11": {
            "month": "2005-11",
            "price": "10.56",
            "revenue": 1115605
        },
        "2005-12": {
            "month": "2005-12",
            "price": "11.34",
            "revenue": 1480140
        },
        "2006-01": {
            "month": "2006-01",
            "price": "12.25",
            "revenue": 1000298
        },
        "2006-02": {
            "month": "2006-02",
            "price": "11.42",
            "revenue": 903139
        },
        "2006-03": {
            "month": "2006-03",
            "price": "11.55",
            "revenue": 1131910
        },
        "2006-04": {
            "month": "2006-04",
            "price": "12.79",
            "revenue": 1019373
        },
        "2006-05": {
            "month": "2006-05",
            "price": "11.61",
            "revenue": 977180
        },
        "2006-06": {
            "month": "2006-06",
            "price": "9.95",
            "revenue": 1200274
        },
        "2006-07": {
            "month": "2006-07",
            "price": "9.30",
            "revenue": 1115477
        },
        "2006-08": {
            "month": "2006-08",
            "price": "9.29",
            "revenue": 1180846
        },
        "2006-09": {
            "month": "2006-09",
            "price": "8.94",
            "revenue": 1331720
        },
        "2006-10": {
            "month": "2006-10",
            "price": "9.09",
            "revenue": 1411605
        },
        "2006-11": {
            "month": "2006-11",
            "price": "9.87",
            "revenue": 1219373
        },
        "2006-12": {
            "month": "2006-12",
            "price": "10.56",
            "revenue": 1241346
        },
        "2007-01": {
            "month": "2007-01",
            "price": "11.45",
            "revenue": 1264609
        },
        "2007-02": {
            "month": "2007-02",
            "price": "11.25",
            "revenue": 883410
        },
        "2007-03": {
            "month": "2007-03",
            "price": "10.76",
            "revenue": 1208855
        },
        "2007-04": {
            "month": "2007-04",
            "price": "11.23",
            "revenue": 1002037
        },
        "2007-05": {
            "month": "2007-05",
            "price": "10.70",
            "revenue": 1086095
        },
        "2007-06": {
            "month": "2007-06",
            "price": "11.53",
            "revenue": 1211005
        },
        "2007-07": {
            "month": "2007-07",
            "price": "13.33",
            "revenue": 1080607
        },
        "2007-08": {
            "month": "2007-08",
            "price": "11.40",
            "revenue": 1425389
        },
        "2007-09": {
            "month": "2007-09",
            "price": "10.93",
            "revenue": 1392697
        },
        "2007-10": {
            "month": "2007-10",
            "price": "10.91",
            "revenue": 1193482
        },
        "2007-11": {
            "month": "2007-11",
            "price": "10.08",
            "revenue": 1197172
        },
        "2007-12": {
            "month": "2007-12",
            "price": "8.92",
            "revenue": 1167283
        },
        "2008-01": {
            "month": "2008-01",
            "price": "8.01",
            "revenue": 942247
        },
        "2008-02": {
            "month": "2008-02",
            "price": "7.77",
            "revenue": 803016
        },
        "2008-03": {
            "month": "2008-03",
            "price": "8.43",
            "revenue": 961609
        },
        "2008-04": {
            "month": "2008-04",
            "price": "8.89",
            "revenue": 930387
        },
        "2008-05": {
            "month": "2008-05",
            "price": "8.23",
            "revenue": 831895
        },
        "2008-06": {
            "month": "2008-06",
            "price": "7.01",
            "revenue": 842500
        },
        "2008-07": {
            "month": "2008-07",
            "price": "4.41",
            "revenue": 824556
        },
        "2008-08": {
            "month": "2008-08",
            "price": "3.15",
            "revenue": 714699
        },
        "2008-09": {
            "month": "2008-09",
            "price": "2.07",
            "revenue": 442669
        },
        "2008-10": {
            "month": "2008-10",
            "price": "1.16",
            "revenue": 364198
        },
        "2008-11": {
            "month": "2008-11",
            "price": "0.63",
            "revenue": 158300
        },
        "2008-12": {
            "month": "2008-12",
            "price": "0.56",
            "revenue": 132303
        },
        "2009-01": {
            "month": "2009-01",
            "price": "0.53",
            "revenue": 115371
        },
        "2009-02": {
            "month": "2009-02",
            "price": "0.52",
            "revenue": 114821
        },
        "2009-03": {
            "month": "2009-03",
            "price": "0.70",
            "revenue": 78900
        },
        "2009-04": {
            "month": "2009-04",
            "price": "0.94",
            "revenue": 80323
        },
        "2009-05": {
            "month": "2009-05",
            "price": "0.79",
            "revenue": 69100
        },
        "2009-06": {
            "month": "2009-06",
            "price": "0.73",
            "revenue": 47799
        },
        "2009-07": {
            "month": "2009-07",
            "price": "0.82",
            "revenue": 72026
        },
        "2009-08": {
            "month": "2009-08",
            "price": "0.85",
            "revenue": 65145
        },
        "2009-09": {
            "month": "2009-09",
            "price": "0.88",
            "revenue": 91495
        },
        "2009-10": {
            "month": "2009-10",
            "price": "1.28",
            "revenue": 54780
        },
        "2009-11": {
            "month": "2009-11",
            "price": "1.46",
            "revenue": 41195
        },
        "2009-12": {
            "month": "2009-12",
            "price": "1.32",
            "revenue": 21692
        },
        "2010-01": {
            "month": "2010-01",
            "price": "1.30",
            "revenue": 5870
        },
        "2010-02": {
            "month": "2010-02",
            "price": "1.22",
            "revenue": 8866
        },
        "2010-03": {
            "month": "2010-03",
            "price": "1.28",
            "revenue": 17750
        },
        "2010-04": {
            "month": "2010-04",
            "price": "1.25",
            "revenue": 15949
        },
        "2010-05": {
            "month": "2010-05",
            "price": "1.22",
            "revenue": 11722
        },
        "2010-06": {
            "month": "2010-06",
            "price": "1.25",
            "revenue": 10261
        },
        "2010-07": {
            "month": "2010-07",
            "price": "1.21",
            "revenue": 10209
        },
        "2010-08": {
            "month": "2010-08",
            "price": "1.23",
            "revenue": 11761
        },
        "2010-09": {
            "month": "2010-09",
            "price": "1.23",
            "revenue": 10296
        },
        "2010-10": {
            "month": "2010-10",
            "price": "1.32",
            "revenue": 7914
        },
        "2010-11": {
            "month": "2010-11",
            "price": "1.23",
            "revenue": 10411
        },
        "2010-12": {
            "month": "2010-12",
            "price": "5.10",
            "revenue": 6401
        },
        "2011-01": {
            "month": "2011-01",
            "price": "5.24",
            "revenue": 7044
        },
        "2011-02": {
            "month": "2011-02",
            "price": "5.27",
            "revenue": 4612
        },
        "2011-03": {
            "month": "2011-03",
            "price": "4.53",
            "revenue": 15779
        },
        "2011-04": {
            "month": "2011-04",
            "price": "4.16",
            "revenue": 12703
        },
        "2011-05": {
            "month": "2011-05",
            "price": "3.33",
            "revenue": 11735
        },
        "2011-06": {
            "month": "2011-06",
            "price": "3.66",
            "revenue": 17567
        },
        "2011-07": {
            "month": "2011-07",
            "price": "3.25",
            "revenue": 6780
        },
        "2011-08": {
            "month": "2011-08",
            "price": "3.79",
            "revenue": 15361
        },
        "2011-09": {
            "month": "2011-09",
            "price": "3.29",
            "revenue": 3606
        },
        "2011-10": {
            "month": "2011-10",
            "price": "2.76",
            "revenue": 6802
        },
        "2011-11": {
            "month": "2011-11",
            "price": "2.20",
            "revenue": 3899
        },
        "2011-12": {
            "month": "2011-12",
            "price": "2.45",
            "revenue": 3372
        },
        "2012-01": {
            "month": "2012-01",
            "price": "2.04",
            "revenue": 817
        },
        "2012-02": {
            "month": "2012-02",
            "price": "2.27",
            "revenue": 1083
        },
        "2012-03": {
            "month": "2012-03",
            "price": "2.15",
            "revenue": 2213
        },
        "2012-04": {
            "month": "2012-04",
            "price": "2.08",
            "revenue": 1467
        },
        "2012-05": {
            "month": "2012-05",
            "price": "2.26",
            "revenue": 1984
        },
        "2012-06": {
            "month": "2012-06",
            "price": "1.85",
            "revenue": 2022
        },
        "2012-07": {
            "month": "2012-07",
            "price": "1.52",
            "revenue": 3580
        },
        "2012-08": {
            "month": "2012-08",
            "price": "1.48",
            "revenue": 2270
        },
        "2012-09": {
            "month": "2012-09",
            "price": "1.53",
            "revenue": 2126
        },
        "2012-10": {
            "month": "2012-10",
            "price": "1.70",
            "revenue": 1632
        },
        "2012-11": {
            "month": "2012-11",
            "price": "2.44",
            "revenue": 2447
        },
        "2012-12": {
            "month": "2012-12",
            "price": "2.67",
            "revenue": 2504
        },
        "2013-01": {
            "month": "2013-01",
            "price": "2.62",
            "revenue": 2988
        },
        "2013-02": {
            "month": "2013-02",
            "price": "2.56",
            "revenue": 912
        },
        "2013-03": {
            "month": "2013-03",
            "price": "3.66",
            "revenue": 1890
        },
        "2013-04": {
            "month": "2013-04",
            "price": "3.26",
            "revenue": 2079
        },
        "2013-05": {
            "month": "2013-05",
            "price": "3.61",
            "revenue": 3106
        },
        "2013-06": {
            "month": "2013-06",
            "price": "3.78",
            "revenue": 7213
        },
        "2013-07": {
            "month": "2013-07",
            "price": "3.62",
            "revenue": 2567
        },
        "2013-08": {
            "month": "2013-08",
            "price": "3.32",
            "revenue": 1506
        },
        "2013-09": {
            "month": "2013-09",
            "price": "3.14",
            "revenue": 5916
        },
        "2013-10": {
            "month": "2013-10",
            "price": "3.11",
            "revenue": 1744
        },
        "2013-11": {
            "month": "2013-11",
            "price": "2.64",
            "revenue": 889
        },
        "2013-12": {
            "month": "2013-12",
            "price": "2.33",
            "revenue": 1915
        },
        "2014-01": {
            "month": "2014-01",
            "price": "2.67",
            "revenue": 1187
        },
        "2014-02": {
            "month": "2014-02",
            "price": "3.84",
            "revenue": 387
        },
        "2014-03": {
            "month": "2014-03",
            "price": "4.97",
            "revenue": 5599
        },
        "2014-04": {
            "month": "2014-04",
            "price": "5.81",
            "revenue": 9409
        },
        "2014-05": {
            "month": "2014-05",
            "price": "7.30",
            "revenue": 35030
        },
        "2014-06": {
            "month": "2014-06",
            "price": "6.80",
            "revenue": 39648
        },
        "2014-07": {
            "month": "2014-07",
            "price": "6.89",
            "revenue": 41386
        },
        "2014-08": {
            "month": "2014-08",
            "price": "6.95",
            "revenue": 44401
        },
        "2014-09": {
            "month": "2014-09",
            "price": "8.06",
            "revenue": 43734
        },
        "2014-10": {
            "month": "2014-10",
            "price": "8.62",
            "revenue": 42026
        },
        "2014-11": {
            "month": "2014-11",
            "price": "9.64",
            "revenue": 43586
        },
        "2014-12": {
            "month": "2014-12",
            "price": "10.43",
            "revenue": 46521
        },
        "2015-01": {
            "month": "2015-01",
            "price": "10.24",
            "revenue": 43644
        },
        "2015-02": {
            "month": "2015-02",
            "price": "11.31",
            "revenue": 40001
        },
        "2015-03": {
            "month": "2015-03",
            "price": "11.80",
            "revenue": 51893
        },
        "2015-04": {
            "month": "2015-04",
            "price": "14.18",
            "revenue": 49679
        },
        "2015-05": {
            "month": "2015-05",
            "price": "12.63",
            "revenue": 47399
        },
        "2015-06": {
            "month": "2015-06",
            "price": "13.96",
            "revenue": 38949
        },
        "2015-07": {
            "month": "2015-07",
            "price": "14.31",
            "revenue": 49758
        },
        "2015-08": {
            "month": "2015-08",
            "price": "12.97",
            "revenue": 52941
        },
        "2015-09": {
            "month": "2015-09",
            "price": "13.52",
            "revenue": 59710
        },
        "2015-10": {
            "month": "2015-10",
            "price": "14.77",
            "revenue": 61673
        },
        "2015-11": {
            "month": "2015-11",
            "price": "15.04",
            "revenue": 59603
        },
        "2015-12": {
            "month": "2015-12",
            "price": "15.05",
            "revenue": 54462
        },
        "2016-01": {
            "month": "2016-01",
            "price": "14.85",
            "revenue": 50072
        },
        "2016-02": {
            "month": "2016-02",
            "price": "15.22",
            "revenue": 27020
        },
        "2016-03": {
            "month": "2016-03",
            "price": "15.43",
            "revenue": 37918
        },
        "2016-04": {
            "month": "2016-04",
            "price": "14.32",
            "revenue": 34568
        },
        "2016-05": {
            "month": "2016-05",
            "price": "12.68",
            "revenue": 31247
        },
        "2016-06": {
            "month": "2016-06",
            "price": "12.11",
            "revenue": 30159
        },
        "2016-07": {
            "month": "2016-07",
            "price": "12.42",
            "revenue": 30638
        },
        "2016-08": {
            "month": "2016-08",
            "price": "12.74",
            "revenue": 44266
        },
        "2016-09": {
            "month": "2016-09",
            "price": "12.44",
            "revenue": 39571
        },
        "2016-10": {
            "month": "2016-10",
            "price": "11.48",
            "revenue": 35601
        },
        "2016-11": {
            "month": "2016-11",
            "price": "9.08",
            "revenue": 42449
        },
        "2016-12": {
            "month": "2016-12",
            "price": "10.28",
            "revenue": 44442
        },
        "2017-01": {
            "month": "2017-01",
            "price": "9.76",
            "revenue": 51180
        },
        "2017-02": {
            "month": "2017-02",
            "price": "9.28",
            "revenue": 39253
        },
        "2017-03": {
            "month": "2017-03",
            "price": "9.51",
            "revenue": 46221
        },
        "2017-04": {
            "month": "2017-04",
            "price": "8.97",
            "revenue": 34979
        },
        "2017-05": {
            "month": "2017-05",
            "price": "8.88",
            "revenue": 41507
        },
        "2017-06": {
            "month": "2017-06",
            "price": "8.61",
            "revenue": 38567
        },
        "2017-07": {
            "month": "2017-07",
            "price": "8.34",
            "revenue": 37493
        },
        "2017-08": {
            "month": "2017-08",
            "price": "8.18",
            "revenue": 43962
        },
        "2017-09": {
            "month": "2017-09",
            "price": "7.92",
            "revenue": 45341
        },
        "2017-10": {
            "month": "2017-10",
            "price": "7.84",
            "revenue": 46956
        },
        "2017-11": {
            "month": "2017-11",
            "price": "7.37",
            "revenue": 47727
        },
        "2017-12": {
            "month": "2017-12",
            "price": "6.81",
            "revenue": 42863
        },
        "2018-01": {
            "month": "2018-01",
            "price": "7.02",
            "revenue": 39178
        },
        "2018-02": {
            "month": "2018-02",
            "price": "7.05",
            "revenue": 35827
        },
        "2018-03": {
            "month": "2018-03",
            "price": "9.92",
            "revenue": 44637
        },
        "2018-04": {
            "month": "2018-04",
            "price": "9.97",
            "revenue": 44817
        },
        "2018-05": {
            "month": "2018-05",
            "price": "9.61",
            "revenue": 44636
        },
        "2018-06": {
            "month": "2018-06",
            "price": "9.66",
            "revenue": 39206
        },
        "2018-07": {
            "month": "2018-07",
            "price": "8.94",
            "revenue": 35542
        },
        "2018-08": {
            "month": "2018-08",
            "price": "8.23",
            "revenue": 33899
        },
        "2018-09": {
            "month": "2018-09",
            "price": "7.78",
            "revenue": 28695
        },
        "2018-10": {
            "month": "2018-10",
            "price": "6.91",
            "revenue": 31297
        },
        "2018-11": {
            "month": "2018-11",
            "price": "6.31",
            "revenue": 36330
        },
        "2018-12": {
            "month": "2018-12",
            "price": "6.62",
            "revenue": 30102
        },
        "2019-01": {
            "month": "2019-01",
            "price": "7.11",
            "revenue": 35734
        },
        "2019-02": {
            "month": "2019-02",
            "price": "7.17",
            "revenue": 31853
        },
        "2019-03": {
            "month": "2019-03",
            "price": "7.43",
            "revenue": 37623
        },
        "2019-04": {
            "month": "2019-04",
            "price": "7.49",
            "revenue": 38900
        },
        "2019-05": {
            "month": "2019-05",
            "price": "7.11",
            "revenue": 37112
        },
        "2019-06": {
            "month": "2019-06",
            "price": "6.99",
            "revenue": 30042
        },
        "2019-07": {
            "month": "2019-07",
            "price": "6.89",
            "revenue": 34471
        },
        "2019-08": {
            "month": "2019-08",
            "price": "6.45",
            "revenue": 35042
        },
        "2019-09": {
            "month": "2019-09",
            "price": "6.21",
            "revenue": 30530
        },
        "2019-10": {
            "month": "2019-10",
            "price": "6.00",
            "revenue": 40656
        },
        "2019-11": {
            "month": "2019-11",
            "price": "5.95",
            "revenue": 42318
        },
        "2019-12": {
            "month": "2019-12",
            "price": "7.67",
            "revenue": 37357
        },
        "2020-01": {
            "month": "2020-01",
            "price": "8.04",
            "revenue": 23185
        },
        "2020-02": {
            "month": "2020-02",
            "price": "7.03",
            "revenue": 37291
        },
        "2020-03": {
            "month": "2020-03",
            "price": "5.86",
            "revenue": 50529
        },
        "2020-04": {
            "month": "2020-04",
            "price": "6.48",
            "revenue": 28547
        },
        "2020-05": {
            "month": "2020-05",
            "price": "5.83",
            "revenue": 34466
        },
        "2020-06": {
            "month": "2020-06",
            "price": "6.12",
            "revenue": 33537
        },
        "2020-07": {
            "month": "2020-07",
            "price": "7.15",
            "revenue": 26503
        },
        "2020-08": {
            "month": "2020-08",
            "price": "7.55",
            "revenue": 28005
        },
        "2020-09": {
            "month": "2020-09",
            "price": "6.66",
            "revenue": 31462
        },
        "2020-10": {
            "month": "2020-10",
            "price": "6.41",
            "revenue": 30044
        },
        "2020-11": {
            "month": "2020-11",
            "price": "6.36",
            "revenue": 28890
        },
        "2020-12": {
            "month": "2020-12",
            "price": "6.64",
            "revenue": 26966
        },
        "2021-01": {
            "month": "2021-01",
            "price": "11.28",
            "revenue": 34258
        },
        "2021-02": {
            "month": "2021-02",
            "price": "11.27",
            "revenue": 28121
        },
        "2021-03": {
            "month": "2021-03",
            "price": "11.51",
            "revenue": 35489
        },
        "2021-04": {
            "month": "2021-04",
            "price": "13.86",
            "revenue": 33949
        },
        "2021-05": {
            "month": "2021-05",
            "price": "11.48",
            "revenue": 36319
        },
        "2021-06": {
            "month": "2021-06",
            "price": "10.40",
            "revenue": 27986
        },
        "2021-07": {
            "month": "2021-07",
            "price": "10.99",
            "revenue": 28431
        },
        "2021-08": {
            "month": "2021-08",
            "price": "11.04",
            "revenue": 34062
        },
        "2021-09": {
            "month": "2021-09",
            "price": "11.32",
            "revenue": 42495
        },
        "2021-10": {
            "month": "2021-10",
            "price": "11.66",
            "revenue": 23469
        },
        "2021-11": {
            "month": "2021-11",
            "price": "14.95",
            "revenue": 25533
        },
        "2021-12": {
            "month": "2021-12",
            "price": "14.97",
            "revenue": 26369
        },
        "2022-01": {
            "month": "2022-01",
            "price": "15.22",
            "revenue": 22838
        },
        "2022-02": {
            "month": "2022-02",
            "price": "14.71",
            "revenue": 16517
        },
        "2022-03": {
            "month": "2022-03",
            "price": "14.12",
            "revenue": 24640
        },
        "2022-04": {
            "month": "2022-04",
            "price": "13.58",
            "revenue": 22285
        },
        "2022-05": {
            "month": "2022-05",
            "price": "12.29",
            "revenue": 19685
        },
        "2022-06": {
            "month": "2022-06",
            "price": "13.48",
            "revenue": 17280
        },
        "2022-07": {
            "month": "2022-07",
            "price": "13.09",
            "revenue": 16004
        },
        "2022-08": {
            "month": "2022-08",
            "price": "13.40",
            "revenue": 11792
        },
        "2022-09": {
            "month": "2022-09",
            "price": "14.22",
            "revenue": 30761
        },
        "2022-10": {
            "month": "2022-10",
            "price": "13.74",
            "revenue": 9054
        },
        "2022-11": {
            "month": "2022-11",
            "price": "13.08",
            "revenue": 9093
        },
        "2022-12": {
            "month": "2022-12",
            "price": "13.60",
            "revenue": 10126
        },
        "2023-01": {
            "month": "2023-01",
            "price": "14.13",
            "revenue": 4185
        },
        "2023-02": {
            "month": "2023-02",
            "price": "14.23",
            "revenue": 10234
        },
        "2023-03": {
            "month": "2023-03",
            "price": "17.04",
            "revenue": 10529
        },
        "2023-04": {
            "month": "2023-04",
            "price": "25.65",
            "revenue": 10777
        }
    }
}
