{
    "summary": {
        "stock_name": "美律",
        "stock_id": "2439",
        "category": "通信網路",
        "main_business": "娛樂性產品、揚聲器、電池產品、免持聽筒、及其他電子零件",
        "website_url": "https://www.merry.com.tw/",
        "ceo": "黃朝豊",
        "pe_ratio": 18,
        "report_year_from": 2001,
        "report_year_to": 2023,
        "age": 23,
        "eps_negative_percentage": 0,
        "eps_growth_avg": {
            "last_all": 11.12,
            "last_2y": -10.39,
            "last_4y": -12.09,
            "last_8y": 1.88,
            "last_12y": 10.21,
            "last_16y": 6.52,
            "last_20y": 13.24,
            "at_2006_last_3y": 41.84,
            "at_2007_last_3y": 19.14,
            "at_2008_last_3y": -4.82,
            "at_2009_last_3y": -2.76,
            "at_2010_last_3y": -5.49,
            "at_2011_last_3y": -19.7,
            "at_2012_last_3y": 1.97,
            "at_2013_last_3y": 28.51,
            "at_2014_last_3y": 28.97,
            "at_2015_last_3y": 28.67,
            "at_2016_last_3y": 41.61,
            "at_2017_last_3y": 34.25,
            "at_2018_last_3y": 19.33,
            "at_2019_last_3y": 36.44,
            "at_2020_last_3y": -0.78,
            "at_2021_last_3y": -22.47,
            "at_2022_last_3y": -4.56,
            "at_2023_last_3y": -20.01,
            "at_2024_last_3y": -20.01,
            "at_2006_last_all": 26.77,
            "at_2007_last_all": 23.85,
            "at_2008_last_all": 14.95,
            "at_2009_last_all": 12.31,
            "at_2010_last_all": 12.43,
            "at_2011_last_all": 6.43,
            "at_2012_last_all": 10.23,
            "at_2013_last_all": 17.71,
            "at_2014_last_all": 17.52,
            "at_2015_last_all": 12.78,
            "at_2016_last_all": 18.6,
            "at_2017_last_all": 21.84,
            "at_2018_last_all": 17.95,
            "at_2019_last_all": 18.04,
            "at_2020_last_all": 14.52,
            "at_2021_last_all": 12.98,
            "at_2022_last_all": 13.66,
            "at_2023_last_all": 11.12,
            "at_2024_last_all": 11.12
        },
        "latest_eps": 5.5,
        "latest_price": 101,
        "latest_roe": 9.75,
        "latest_gross_margin": 13.99,
        "latest_equity": 13201929,
        "latest_revenue": 9454858,
        "latest_gross_profit": 1323148,
        "latest_net_income": 472173,
        "latest_debt_ratio": 60.52,
        "latest_current_ratio": 129.69,
        "latest_account_receivable_turnover_ratio": 1.27,
        "latest_inventory_turnover_ratio": 1.78,
        "latest_reinvestment_rate": 62.91,
        "latest_research_to_sale_ratio": 5.23
    },
    "eps_dividends": {
        "1997": {
            "cash": 0,
            "stock": 1.1,
            "eps": 0
        },
        "1998": {
            "cash": 0,
            "stock": 2.5,
            "eps": 0
        },
        "2001": {
            "cash": 0.6,
            "stock": 2.4,
            "eps": 2.27
        },
        "2002": {
            "cash": 1.2,
            "stock": 1.2,
            "eps": 1.51
        },
        "2003": {
            "cash": 1,
            "stock": 0.2,
            "eps": 3.17
        },
        "2004": {
            "cash": 1.6,
            "stock": 0.59,
            "eps": 4.99
        },
        "2005": {
            "cash": 3.36,
            "stock": 0,
            "eps": 4.27
        },
        "2006": {
            "cash": 2.48,
            "stock": 0.83,
            "eps": 5.31
        },
        "2007": {
            "cash": 2.98,
            "stock": 0.99,
            "eps": 5.8
        },
        "2008": {
            "cash": 4.28,
            "stock": 0,
            "eps": 3.57
        },
        "2009": {
            "cash": 2.62,
            "stock": 0,
            "eps": 3.35
        },
        "2010": {
            "cash": 3.26,
            "stock": 0,
            "eps": 3.8
        },
        "2011": {
            "cash": 5.26,
            "stock": 0.5,
            "eps": 1.99
        },
        "2012": {
            "cash": 0,
            "stock": 0,
            "eps": 2.95
        },
        "2013": {
            "cash": 2,
            "stock": 0.6,
            "eps": 5.9
        },
        "2014": {
            "cash": 3.7,
            "stock": 0.5,
            "eps": 6.8
        },
        "2015": {
            "cash": 4.8,
            "stock": 0,
            "eps": 3.48
        },
        "2016": {
            "cash": 3.2,
            "stock": 0,
            "eps": 10.97
        },
        "2017": {
            "cash": 9.5,
            "stock": 0,
            "eps": 18.71
        },
        "2018": {
            "cash": 16.44,
            "stock": 0,
            "eps": 10.4
        },
        "2019": {
            "cash": 8.6,
            "stock": 0,
            "eps": 12.44
        },
        "2020": {
            "cash": 7.71,
            "stock": 0,
            "eps": 6.36
        },
        "2021": {
            "cash": 5.16,
            "stock": 0,
            "eps": 5.33
        },
        "2022": {
            "cash": 4,
            "stock": 0,
            "eps": 6.78
        },
        "2023": {
            "cash": 4.5,
            "stock": 0,
            "eps": 3.92
        }
    },
    "dividends": {
        "1997-05-31": {
            "cash": 0,
            "stock": 1.1
        },
        "1998-03-25": {
            "cash": 0,
            "stock": 2.5
        },
        "2001-05-03": {
            "cash": 0.6,
            "stock": 2.4
        },
        "2002-05-27": {
            "cash": 1.2,
            "stock": 1.2
        },
        "2003-05-30": {
            "cash": 1,
            "stock": 0.2
        },
        "2004-03-02": {
            "cash": 1.6,
            "stock": 0.59
        },
        "2005-02-23": {
            "cash": 3.36,
            "stock": 0
        },
        "2006-03-30": {
            "cash": 2.48,
            "stock": 0.83
        },
        "2007-03-26": {
            "cash": 2.98,
            "stock": 0.99
        },
        "2008-03-21": {
            "cash": 4.28,
            "stock": 0
        },
        "2009-03-20": {
            "cash": 2.62,
            "stock": 0
        },
        "2010-04-20": {
            "cash": 3.26,
            "stock": 0
        },
        "2011-01-01": {
            "cash": 1.51,
            "stock": 0.5
        },
        "2011-03-17": {
            "cash": 3.75,
            "stock": 0
        },
        "2013-03-25": {
            "cash": 2,
            "stock": 0.6
        },
        "2014-08-20": {
            "cash": 3.7,
            "stock": 0.5
        },
        "2015-07-31": {
            "cash": 4.8,
            "stock": 0
        },
        "2016-08-24": {
            "cash": 3.2,
            "stock": 0
        },
        "2017-08-09": {
            "cash": 9.5,
            "stock": 0
        },
        "2018-08-31": {
            "cash": 16.44,
            "stock": 0
        },
        "2019-09-06": {
            "cash": 8.6,
            "stock": 0
        },
        "2020-09-11": {
            "cash": 7.71,
            "stock": 0
        },
        "2021-09-17": {
            "cash": 5.16,
            "stock": 0
        },
        "2022-09-22": {
            "cash": 4,
            "stock": 0
        },
        "2023-09-22": {
            "cash": 4.5,
            "stock": 0
        }
    },
    "prices": {
        "200101": "77.19",
        "200102": "86.74",
        "200103": "79.41",
        "200104": "85.40",
        "200105": "73.52",
        "200106": "68.78",
        "200107": "62.33",
        "200108": "59.93",
        "200109": "44.99",
        "200110": "36.26",
        "200111": "48.21",
        "200112": "53.42",
        "200201": "62.68",
        "200202": "59.25",
        "200203": "61.93",
        "200204": "61.40",
        "200205": "46.49",
        "200206": "43.27",
        "200207": "43.73",
        "200208": "46.38",
        "200209": "41.97",
        "200210": "38.84",
        "200211": "38.97",
        "200212": "37.27",
        "200301": "37.23",
        "200302": "40.75",
        "200303": "40.26",
        "200304": "39.09",
        "200305": "37.54",
        "200306": "44.16",
        "200307": "49.84",
        "200308": "50.37",
        "200309": "57.93",
        "200310": "59.20",
        "200311": "56.90",
        "200312": "59.15",
        "200401": "59.93",
        "200402": "65.22",
        "200403": "70.50",
        "200404": "81.43",
        "200405": "79.50",
        "200406": "78.36",
        "200407": "75.50",
        "200408": "72.52",
        "200409": "78.07",
        "200410": "74.92",
        "200411": "77.11",
        "200412": "77.24",
        "200501": "74.21",
        "200502": "74.58",
        "200503": "79.85",
        "200504": "72.25",
        "200505": "73.56",
        "200506": "80.90",
        "200507": "84.08",
        "200508": "77.12",
        "200509": "78.88",
        "200510": "80.69",
        "200511": "73.80",
        "200512": "89.11",
        "200601": "100.19",
        "200602": "106.12",
        "200603": "106.30",
        "200604": "112.63",
        "200605": "110.90",
        "200606": "106.78",
        "200607": "104.23",
        "200608": "108.63",
        "200609": "117.26",
        "200610": "108.10",
        "200611": "91.36",
        "200612": "89.05",
        "200701": "98.15",
        "200702": "97.83",
        "200703": "101.47",
        "200704": "112.15",
        "200705": "113.14",
        "200706": "115.60",
        "200707": "125.77",
        "200708": "111.75",
        "200709": "117.33",
        "200710": "129.09",
        "200711": "111.14",
        "200712": "98.75",
        "200801": "80.70",
        "200802": "69.71",
        "200803": "69.39",
        "200804": "78.47",
        "200805": "77.92",
        "200806": "61.44",
        "200807": "49.27",
        "200808": "55.54",
        "200809": "48.14",
        "200810": "32.69",
        "200811": "26.92",
        "200812": "23.36",
        "200901": "24.49",
        "200902": "26.14",
        "200903": "30.12",
        "200904": "31.79",
        "200905": "34.61",
        "200906": "32.92",
        "200907": "32.18",
        "200908": "34.73",
        "200909": "37.83",
        "200910": "50.85",
        "200911": "55.37",
        "200912": "58.61",
        "201001": "63.72",
        "201002": "56.79",
        "201003": "58.82",
        "201004": "61.99",
        "201005": "53.05",
        "201006": "46.51",
        "201007": "46.43",
        "201008": "51.15",
        "201009": "54.68",
        "201010": "52.67",
        "201011": "48.46",
        "201012": "52.16",
        "201101": "52.40",
        "201102": "48.65",
        "201103": "46.18",
        "201104": "47.12",
        "201105": "43.00",
        "201106": "43.04",
        "201107": "39.21",
        "201108": "31.11",
        "201109": "30.20",
        "201110": "35.54",
        "201111": "33.38",
        "201112": "31.94",
        "201201": "34.38",
        "201202": "43.84",
        "201203": "45.98",
        "201204": "49.00",
        "201205": "52.05",
        "201206": "40.43",
        "201207": "41.48",
        "201208": "39.30",
        "201209": "44.40",
        "201210": "43.45",
        "201211": "35.67",
        "201212": "37.91",
        "201301": "40.66",
        "201302": "42.18",
        "201303": "47.29",
        "201304": "47.61",
        "201305": "54.52",
        "201306": "62.54",
        "201307": "66.07",
        "201308": "69.61",
        "201309": "81.36",
        "201310": "90.65",
        "201311": "113.61",
        "201312": "146.39",
        "201401": "162.89",
        "201402": "172.18",
        "201403": "175.26",
        "201404": "162.98",
        "201405": "173.55",
        "201406": "167.35",
        "201407": "165.23",
        "201408": "163.12",
        "201409": "162.62",
        "201410": "124.34",
        "201411": "112.45",
        "201412": "109.88",
        "201501": "107.60",
        "201502": "105.50",
        "201503": "103.43",
        "201504": "88.68",
        "201505": "66.15",
        "201506": "66.01",
        "201507": "61.72",
        "201508": "38.85",
        "201509": "42.74",
        "201510": "57.26",
        "201511": "65.32",
        "201512": "61.27",
        "201601": "52.87",
        "201602": "56.17",
        "201603": "56.57",
        "201604": "59.51",
        "201605": "66.52",
        "201606": "69.32",
        "201607": "77.29",
        "201608": "111.17",
        "201609": "114.53",
        "201610": "123.48",
        "201611": "117.80",
        "201612": "123.34",
        "201701": "123.72",
        "201702": "135.72",
        "201703": "151.26",
        "201704": "156.86",
        "201705": "183.48",
        "201706": "185.41",
        "201707": "202.67",
        "201708": "239.91",
        "201709": "220.93",
        "201710": "208.13",
        "201711": "221.00",
        "201712": "202.26",
        "201801": "184.23",
        "201802": "175.92",
        "201803": "166.46",
        "201804": "146.56",
        "201805": "145.18",
        "201806": "148.35",
        "201807": "134.39",
        "201808": "158.09",
        "201809": "152.53",
        "201810": "143.75",
        "201811": "126.30",
        "201812": "128.45",
        "201901": "138.62",
        "201902": "163.15",
        "201903": "175.18",
        "201904": "175.75",
        "201905": "166.91",
        "201906": "165.34",
        "201907": "164.26",
        "201908": "148.07",
        "201909": "150.76",
        "201910": "154.26",
        "201911": "149.81",
        "201912": "163.50",
        "202001": "163.07",
        "202002": "145.66",
        "202003": "129.30",
        "202004": "131.95",
        "202005": "132.52",
        "202006": "137.52",
        "202007": "144.67",
        "202008": "163.02",
        "202009": "151.93",
        "202010": "150.29",
        "202011": "140.62",
        "202012": "148.07",
        "202101": "140.22",
        "202102": "134.35",
        "202103": "134.11",
        "202104": "129.34",
        "202105": "105.67",
        "202106": "106.45",
        "202107": "108.55",
        "202108": "105.89",
        "202109": "94.90",
        "202110": "81.88",
        "202111": "93.20",
        "202112": "94.89",
        "202201": "91.51",
        "202202": "86.69",
        "202203": "82.38",
        "202204": "81.97",
        "202205": "80.49",
        "202206": "80.53",
        "202207": "72.79",
        "202208": "83.02",
        "202209": "88.25",
        "202210": "85.18",
        "202211": "84.65",
        "202212": "81.32",
        "202301": "79.95",
        "202302": "83.64",
        "202303": "87.06",
        "202304": "88.53",
        "202305": "87.43",
        "202306": "93.68",
        "202307": "93.03",
        "202308": "88.85",
        "202309": "85.98",
        "202310": "88.34",
        "202311": "104.01",
        "202312": "115.07"
    },
    "quarters": {
        "20011": {
            "year_quarter": 20011,
            "year": 2001,
            "quarter": 1,
            "eps": 0.78,
            "eps_growth_year": -32.76,
            "eps_4q": 3.57,
            "eps_4q_growth_year": 67.92,
            "roe": 3.44,
            "roe_4q": 3.44,
            "gross_profit": 61481,
            "gross_margin": 29.79,
            "gross_margin_4q_avg": 29.79,
            "net_income": 59762,
            "net_income_4q": null,
            "revenue": 206373,
            "revenue_4q": null,
            "common_shares": 763689,
            "book_valuer_per_share": 22.99,
            "book_valuer_per_share_4q_avg": 22.99,
            "equity": 1755816,
            "current_ratio": 324.61,
            "debt_ratio": 17.3,
            "inventory_turnover_ratio": 0.88,
            "account_receivable_turnover_ratio": null,
            "reinvestment_rate": null,
            "research_to_sale_ratio": null,
            "price_fair": 0,
            "eps_avg_yearly": 0,
            "eps_latest_yearly": 0,
            "eps_growth_yearly": 0
        },
        "20012": {
            "year_quarter": 20012,
            "year": 2001,
            "quarter": 2,
            "eps": 0.5,
            "eps_growth_year": -41.86,
            "eps_4q": 3.32,
            "eps_4q_growth_year": 18.47,
            "roe": 2.14,
            "roe_4q": 5.58,
            "gross_profit": 61258,
            "gross_margin": 41.61,
            "gross_margin_4q_avg": 35.7,
            "net_income": 37832,
            "net_income_4q": null,
            "revenue": 147204,
            "revenue_4q": null,
            "common_shares": 763689,
            "book_valuer_per_share": 23.23,
            "book_valuer_per_share_4q_avg": 23.11,
            "equity": 1773891,
            "current_ratio": 285.39,
            "debt_ratio": 18.73,
            "inventory_turnover_ratio": 1.24,
            "account_receivable_turnover_ratio": null,
            "reinvestment_rate": null,
            "research_to_sale_ratio": null,
            "price_fair": 0,
            "eps_avg_yearly": 0,
            "eps_latest_yearly": 0,
            "eps_growth_yearly": 0
        },
        "20013": {
            "year_quarter": 20013,
            "year": 2001,
            "quarter": 3,
            "eps": 0.53,
            "eps_growth_year": -57.94,
            "eps_4q": 2.25,
            "eps_4q_growth_year": -38.54,
            "roe": 2.79,
            "roe_4q": 8.37,
            "gross_profit": 75528,
            "gross_margin": 38.77,
            "gross_margin_4q_avg": 36.72,
            "net_income": 50411,
            "net_income_4q": null,
            "revenue": 194800,
            "revenue_4q": null,
            "common_shares": 957801,
            "book_valuer_per_share": 19.21,
            "book_valuer_per_share_4q_avg": 21.81,
            "equity": 1839647,
            "current_ratio": 301.81,
            "debt_ratio": 22.32,
            "inventory_turnover_ratio": 1.67,
            "account_receivable_turnover_ratio": null,
            "reinvestment_rate": null,
            "research_to_sale_ratio": null,
            "price_fair": 0,
            "eps_avg_yearly": 0,
            "eps_latest_yearly": 0,
            "eps_growth_yearly": 0
        },
        "20014": {
            "year_quarter": 20014,
            "year": 2001,
            "quarter": 4,
            "eps": 0.46,
            "eps_growth_year": -51.06,
            "eps_4q": 1.99,
            "eps_4q_growth_year": -51.08,
            "roe": 2.38,
            "roe_4q": 10.75,
            "gross_profit": 62243,
            "gross_margin": 37.82,
            "gross_margin_4q_avg": 37,
            "net_income": 44478,
            "net_income_4q": null,
            "revenue": 164562,
            "revenue_4q": null,
            "common_shares": 957801,
            "book_valuer_per_share": 19.76,
            "book_valuer_per_share_4q_avg": 21.3,
            "equity": 1892985,
            "current_ratio": 403.4,
            "debt_ratio": 20.65,
            "inventory_turnover_ratio": 0.7,
            "account_receivable_turnover_ratio": null,
            "reinvestment_rate": null,
            "research_to_sale_ratio": null,
            "price_fair": 0,
            "eps_avg_yearly": 0,
            "eps_latest_yearly": 0,
            "eps_growth_yearly": 0
        },
        "20021": {
            "year_quarter": 20021,
            "year": 2002,
            "quarter": 1,
            "eps": 0.43,
            "eps_growth_year": -44.87,
            "eps_4q": 1.8,
            "eps_4q_growth_year": -49.59,
            "roe": 2.17,
            "roe_4q": 9.48,
            "gross_profit": 54071,
            "gross_margin": 28.89,
            "gross_margin_4q_avg": 36.77,
            "net_income": 41634,
            "net_income_4q": null,
            "revenue": 187185,
            "revenue_4q": null,
            "common_shares": 957801,
            "book_valuer_per_share": 20.29,
            "book_valuer_per_share_4q_avg": 20.62,
            "equity": 1943615,
            "current_ratio": 262.06,
            "debt_ratio": 21.86,
            "inventory_turnover_ratio": 0.95,
            "account_receivable_turnover_ratio": null,
            "reinvestment_rate": null,
            "research_to_sale_ratio": null,
            "price_fair": 5.16,
            "eps_avg_yearly": 1.72,
            "eps_latest_yearly": 1.72,
            "eps_growth_yearly": -26.09
        },
        "20022": {
            "year_quarter": 20022,
            "year": 2002,
            "quarter": 2,
            "eps": 0.25,
            "eps_growth_year": -50,
            "eps_4q": 1.52,
            "eps_4q_growth_year": -54.12,
            "roe": 1.42,
            "roe_4q": 8.76,
            "gross_profit": 84723,
            "gross_margin": 46.73,
            "gross_margin_4q_avg": 38.05,
            "net_income": 26787,
            "net_income_4q": null,
            "revenue": 181293,
            "revenue_4q": null,
            "common_shares": 957801,
            "book_valuer_per_share": 19.09,
            "book_valuer_per_share_4q_avg": 19.59,
            "equity": 1828770,
            "current_ratio": 192.57,
            "debt_ratio": 30.92,
            "inventory_turnover_ratio": 1.6,
            "account_receivable_turnover_ratio": null,
            "reinvestment_rate": null,
            "research_to_sale_ratio": null,
            "price_fair": 4.08,
            "eps_avg_yearly": 1.36,
            "eps_latest_yearly": 1,
            "eps_growth_yearly": -96.76
        },
        "20023": {
            "year_quarter": 20023,
            "year": 2002,
            "quarter": 3,
            "eps": 0.28,
            "eps_growth_year": -47.17,
            "eps_4q": 1.31,
            "eps_4q_growth_year": -41.83,
            "roe": 1.65,
            "roe_4q": 7.62,
            "gross_profit": 62983,
            "gross_margin": 31.78,
            "gross_margin_4q_avg": 36.31,
            "net_income": 30673,
            "net_income_4q": null,
            "revenue": 198211,
            "revenue_4q": null,
            "common_shares": 1078802,
            "book_valuer_per_share": 17.42,
            "book_valuer_per_share_4q_avg": 19.14,
            "equity": 1878815,
            "current_ratio": 159.62,
            "debt_ratio": 34.34,
            "inventory_turnover_ratio": 2.27,
            "account_receivable_turnover_ratio": null,
            "reinvestment_rate": null,
            "research_to_sale_ratio": null,
            "price_fair": 3.84,
            "eps_avg_yearly": 1.28,
            "eps_latest_yearly": 1.12,
            "eps_growth_yearly": -48.51
        },
        "20024": {
            "year_quarter": 20024,
            "year": 2002,
            "quarter": 4,
            "eps": 0.55,
            "eps_growth_year": 19.57,
            "eps_4q": 1.47,
            "eps_4q_growth_year": -25.99,
            "roe": 3.1,
            "roe_4q": 8.34,
            "gross_profit": 77262,
            "gross_margin": 31.55,
            "gross_margin_4q_avg": 34.74,
            "net_income": 59032,
            "net_income_4q": null,
            "revenue": 244905,
            "revenue_4q": null,
            "common_shares": 1078801,
            "book_valuer_per_share": 17.85,
            "book_valuer_per_share_4q_avg": 18.66,
            "equity": 1925692,
            "current_ratio": 240.77,
            "debt_ratio": 35.37,
            "inventory_turnover_ratio": 1.27,
            "account_receivable_turnover_ratio": null,
            "reinvestment_rate": 21.62,
            "research_to_sale_ratio": null,
            "price_fair": 52.85,
            "eps_avg_yearly": 1.51,
            "eps_latest_yearly": 2.2,
            "eps_growth_yearly": 60.05
        },
        "20031": {
            "year_quarter": 20031,
            "year": 2003,
            "quarter": 1,
            "eps": 0.67,
            "eps_growth_year": 55.81,
            "eps_4q": 1.75,
            "eps_4q_growth_year": -2.96,
            "roe": 3.69,
            "roe_4q": 9.86,
            "gross_profit": 65555,
            "gross_margin": 31.58,
            "gross_margin_4q_avg": 35.41,
            "net_income": 72440,
            "net_income_4q": null,
            "revenue": 207563,
            "revenue_4q": null,
            "common_shares": 1078801,
            "book_valuer_per_share": 18.52,
            "book_valuer_per_share_4q_avg": 18.22,
            "equity": 1997487,
            "current_ratio": 202.62,
            "debt_ratio": 31.68,
            "inventory_turnover_ratio": 1.14,
            "account_receivable_turnover_ratio": null,
            "reinvestment_rate": 0.44,
            "research_to_sale_ratio": null,
            "price_fair": 61.04,
            "eps_avg_yearly": 1.74,
            "eps_latest_yearly": 2.68,
            "eps_growth_yearly": 65.49
        },
        "20032": {
            "year_quarter": 20032,
            "year": 2003,
            "quarter": 2,
            "eps": 0.67,
            "eps_growth_year": 168,
            "eps_4q": 2.13,
            "eps_4q_growth_year": 39.93,
            "roe": 3.76,
            "roe_4q": 12.2,
            "gross_profit": 79110,
            "gross_margin": 30.18,
            "gross_margin_4q_avg": 31.27,
            "net_income": 74269,
            "net_income_4q": null,
            "revenue": 262109,
            "revenue_4q": null,
            "common_shares": 1078801,
            "book_valuer_per_share": 18.15,
            "book_valuer_per_share_4q_avg": 17.99,
            "equity": 1957637,
            "current_ratio": 149.04,
            "debt_ratio": 33.82,
            "inventory_turnover_ratio": 5.09,
            "account_receivable_turnover_ratio": null,
            "reinvestment_rate": -1.07,
            "research_to_sale_ratio": null,
            "price_fair": 66.5,
            "eps_avg_yearly": 1.9,
            "eps_latest_yearly": 2.68,
            "eps_growth_yearly": 54.58
        },
        "20033": {
            "year_quarter": 20033,
            "year": 2003,
            "quarter": 3,
            "eps": 0.81,
            "eps_growth_year": 189.29,
            "eps_4q": 2.68,
            "eps_4q_growth_year": 104.26,
            "roe": 4.46,
            "roe_4q": 15.009999999999998,
            "gross_profit": 68963,
            "gross_margin": 30.77,
            "gross_margin_4q_avg": 31.02,
            "net_income": 89260,
            "net_income_4q": null,
            "revenue": 224098,
            "revenue_4q": null,
            "common_shares": 1102032,
            "book_valuer_per_share": 18.58,
            "book_valuer_per_share_4q_avg": 18.28,
            "equity": 2047791,
            "current_ratio": 172.78,
            "debt_ratio": 32.94,
            "inventory_turnover_ratio": 5.95,
            "account_receivable_turnover_ratio": null,
            "reinvestment_rate": -1.64,
            "research_to_sale_ratio": null,
            "price_fair": 73.2,
            "eps_avg_yearly": 2.09,
            "eps_latest_yearly": 3.24,
            "eps_growth_yearly": 58.72
        },
        "20034": {
            "year_quarter": 20034,
            "year": 2003,
            "quarter": 4,
            "eps": 1.02,
            "eps_growth_year": 85.45,
            "eps_4q": 3.17,
            "eps_4q_growth_year": 114.99,
            "roe": 5.31,
            "roe_4q": 17.22,
            "gross_profit": 93298,
            "gross_margin": 27.8,
            "gross_margin_4q_avg": 30.08,
            "net_income": 112083,
            "net_income_4q": null,
            "revenue": 335552,
            "revenue_4q": null,
            "common_shares": 1102031,
            "book_valuer_per_share": 19.7,
            "book_valuer_per_share_4q_avg": 18.74,
            "equity": 2171225,
            "current_ratio": 257.47,
            "debt_ratio": 36.45,
            "inventory_turnover_ratio": 2.38,
            "account_receivable_turnover_ratio": null,
            "reinvestment_rate": 22.01,
            "research_to_sale_ratio": null,
            "price_fair": 81.9,
            "eps_avg_yearly": 2.34,
            "eps_latest_yearly": 4.08,
            "eps_growth_yearly": 64.34
        },
        "20041": {
            "year_quarter": 20041,
            "year": 2004,
            "quarter": 1,
            "eps": 1.21,
            "eps_growth_year": 80.6,
            "eps_4q": 3.72,
            "eps_4q_growth_year": 112.89,
            "roe": 5.99,
            "roe_4q": 19.520000000000003,
            "gross_profit": 100555,
            "gross_margin": 29.9,
            "gross_margin_4q_avg": 29.66,
            "net_income": 132855,
            "net_income_4q": null,
            "revenue": 336268,
            "revenue_4q": null,
            "common_shares": 1102031,
            "book_valuer_per_share": 20.55,
            "book_valuer_per_share_4q_avg": 19.25,
            "equity": 2264639,
            "current_ratio": 289.49,
            "debt_ratio": 49.12,
            "inventory_turnover_ratio": 2.27,
            "account_receivable_turnover_ratio": null,
            "reinvestment_rate": -2.26,
            "research_to_sale_ratio": null,
            "price_fair": 91.62,
            "eps_avg_yearly": 2.62,
            "eps_latest_yearly": 4.84,
            "eps_growth_yearly": 65.47
        },
        "20042": {
            "year_quarter": 20042,
            "year": 2004,
            "quarter": 2,
            "eps": 2.07,
            "eps_growth_year": 208.96,
            "eps_4q": 4.91,
            "eps_4q_growth_year": 130,
            "roe": 10.37,
            "roe_4q": 26.13,
            "gross_profit": 90544,
            "gross_margin": 20.95,
            "gross_margin_4q_avg": 27.36,
            "net_income": 243991,
            "net_income_4q": null,
            "revenue": 432273,
            "revenue_4q": null,
            "common_shares": 1120701,
            "book_valuer_per_share": 21.8,
            "book_valuer_per_share_4q_avg": 20.16,
            "equity": 2442873,
            "current_ratio": 202.39,
            "debt_ratio": 49.11,
            "inventory_turnover_ratio": 9.97,
            "account_receivable_turnover_ratio": null,
            "reinvestment_rate": -2.03,
            "research_to_sale_ratio": null,
            "price_fair": 111.44,
            "eps_avg_yearly": 3.18,
            "eps_latest_yearly": 8.28,
            "eps_growth_yearly": 87.36
        },
        "20043": {
            "year_quarter": 20043,
            "year": 2004,
            "quarter": 3,
            "eps": 0.97,
            "eps_growth_year": 19.75,
            "eps_4q": 5.1,
            "eps_4q_growth_year": 90.47,
            "roe": 4.36,
            "roe_4q": 26.029999999999998,
            "gross_profit": 102805,
            "gross_margin": 21.31,
            "gross_margin_4q_avg": 24.99,
            "net_income": 114866,
            "net_income_4q": null,
            "revenue": 482361,
            "revenue_4q": null,
            "common_shares": 1230038,
            "book_valuer_per_share": 22.94,
            "book_valuer_per_share_4q_avg": 21.25,
            "equity": 2821460,
            "current_ratio": 288.27,
            "debt_ratio": 37.87,
            "inventory_turnover_ratio": 11.29,
            "account_receivable_turnover_ratio": null,
            "reinvestment_rate": -2.14,
            "research_to_sale_ratio": null,
            "price_fair": 113.65,
            "eps_avg_yearly": 3.25,
            "eps_latest_yearly": 3.88,
            "eps_growth_yearly": 60.09
        },
        "20044": {
            "year_quarter": 20044,
            "year": 2004,
            "quarter": 4,
            "eps": 0.74,
            "eps_growth_year": -27.45,
            "eps_4q": 4.82,
            "eps_4q_growth_year": 52.07,
            "roe": 3.02,
            "roe_4q": 23.740000000000002,
            "gross_profit": 105395,
            "gross_margin": 17.89,
            "gross_margin_4q_avg": 22.51,
            "net_income": 89255,
            "net_income_4q": null,
            "revenue": 589077,
            "revenue_4q": null,
            "common_shares": 1265500,
            "book_valuer_per_share": 24.26,
            "book_valuer_per_share_4q_avg": 22.39,
            "equity": 3086409,
            "current_ratio": 352.5,
            "debt_ratio": 33.26,
            "inventory_turnover_ratio": 3.92,
            "account_receivable_turnover_ratio": null,
            "reinvestment_rate": 10.95,
            "research_to_sale_ratio": null,
            "price_fair": 112.82,
            "eps_avg_yearly": 3.22,
            "eps_latest_yearly": 2.96,
            "eps_growth_yearly": 47.18
        },
        "20051": {
            "year_quarter": 20051,
            "year": 2005,
            "quarter": 1,
            "eps": 0.55,
            "eps_growth_year": -54.55,
            "eps_4q": 4.02,
            "eps_4q_growth_year": 8.13,
            "roe": 2.22,
            "roe_4q": 19.97,
            "gross_profit": 67656,
            "gross_margin": 16.3,
            "gross_margin_4q_avg": 19.11,
            "net_income": 70972,
            "net_income_4q": null,
            "revenue": 414941,
            "revenue_4q": null,
            "common_shares": 1293670,
            "book_valuer_per_share": 25.52,
            "book_valuer_per_share_4q_avg": 23.63,
            "equity": 3301450,
            "current_ratio": 301.86,
            "debt_ratio": 23.14,
            "inventory_turnover_ratio": 2.76,
            "account_receivable_turnover_ratio": null,
            "reinvestment_rate": -2.2,
            "research_to_sale_ratio": null,
            "price_fair": 110.06,
            "eps_avg_yearly": 3.14,
            "eps_latest_yearly": 2.2,
            "eps_growth_yearly": 35.65
        },
        "20052": {
            "year_quarter": 20052,
            "year": 2005,
            "quarter": 2,
            "eps": 1.53,
            "eps_growth_year": -26.09,
            "eps_4q": 3.67,
            "eps_4q_growth_year": -25.18,
            "roe": 6.11,
            "roe_4q": 15.71,
            "gross_profit": 113301,
            "gross_margin": 24.58,
            "gross_margin_4q_avg": 20.02,
            "net_income": 196654,
            "net_income_4q": null,
            "revenue": 460949,
            "revenue_4q": null,
            "common_shares": 1317816,
            "book_valuer_per_share": 23.79,
            "book_valuer_per_share_4q_avg": 24.13,
            "equity": 3134887,
            "current_ratio": 214.95,
            "debt_ratio": 27.48,
            "inventory_turnover_ratio": 10.91,
            "account_receivable_turnover_ratio": null,
            "reinvestment_rate": -1.56,
            "research_to_sale_ratio": null,
            "price_fair": 117.5,
            "eps_avg_yearly": 3.36,
            "eps_latest_yearly": 6.12,
            "eps_growth_yearly": 84.01
        },
        "20053": {
            "year_quarter": 20053,
            "year": 2005,
            "quarter": 3,
            "eps": 1.14,
            "eps_growth_year": 17.53,
            "eps_4q": 3.89,
            "eps_4q_growth_year": -23.65,
            "roe": 4.54,
            "roe_4q": 15.89,
            "gross_profit": 113009,
            "gross_margin": 13,
            "gross_margin_4q_avg": 17.94,
            "net_income": 147792,
            "net_income_4q": null,
            "revenue": 869003,
            "revenue_4q": null,
            "common_shares": 1318822,
            "book_valuer_per_share": 25.63,
            "book_valuer_per_share_4q_avg": 24.8,
            "equity": 3380796,
            "current_ratio": 212.38,
            "debt_ratio": 26.94,
            "inventory_turnover_ratio": 19.08,
            "account_receivable_turnover_ratio": null,
            "reinvestment_rate": -0.58,
            "research_to_sale_ratio": null,
            "price_fair": 120.31,
            "eps_avg_yearly": 3.44,
            "eps_latest_yearly": 4.56,
            "eps_growth_yearly": 71.61
        },
        "20054": {
            "year_quarter": 20054,
            "year": 2005,
            "quarter": 4,
            "eps": 1.05,
            "eps_growth_year": 41.89,
            "eps_4q": 4.25,
            "eps_4q_growth_year": -11.72,
            "roe": 3.95,
            "roe_4q": 16.82,
            "gross_profit": 143593,
            "gross_margin": 13.17,
            "gross_margin_4q_avg": 16.76,
            "net_income": 136223,
            "net_income_4q": null,
            "revenue": 1090339,
            "revenue_4q": null,
            "common_shares": 1318822,
            "book_valuer_per_share": 26.49,
            "book_valuer_per_share_4q_avg": 25.36,
            "equity": 3513112,
            "current_ratio": 228.08,
            "debt_ratio": 34.37,
            "inventory_turnover_ratio": 3.95,
            "account_receivable_turnover_ratio": null,
            "reinvestment_rate": 23.65,
            "research_to_sale_ratio": null,
            "price_fair": 121.98,
            "eps_avg_yearly": 3.49,
            "eps_latest_yearly": 4.2,
            "eps_growth_yearly": 65.16
        },
        "20061": {
            "year_quarter": 20061,
            "year": 2006,
            "quarter": 1,
            "eps": 0.87,
            "eps_growth_year": 58.18,
            "eps_4q": 4.5,
            "eps_4q_growth_year": 11.86,
            "roe": 3.22,
            "roe_4q": 17.82,
            "gross_profit": 93902,
            "gross_margin": 10.58,
            "gross_margin_4q_avg": 15.33,
            "net_income": 115205,
            "net_income_4q": null,
            "revenue": 887251,
            "revenue_4q": null,
            "common_shares": 1323852,
            "book_valuer_per_share": 27.58,
            "book_valuer_per_share_4q_avg": 25.87,
            "equity": 3651524,
            "current_ratio": 284.45,
            "debt_ratio": 20.81,
            "inventory_turnover_ratio": 3.17,
            "account_receivable_turnover_ratio": null,
            "reinvestment_rate": -0.63,
            "research_to_sale_ratio": null,
            "price_fair": 125.83,
            "eps_avg_yearly": 3.6,
            "eps_latest_yearly": 3.48,
            "eps_growth_yearly": 62.51
        },
        "20062": {
            "year_quarter": 20062,
            "year": 2006,
            "quarter": 2,
            "eps": 1.94,
            "eps_growth_year": 26.8,
            "eps_4q": 4.72,
            "eps_4q_growth_year": 28.58,
            "roe": 7.69,
            "roe_4q": 19.4,
            "gross_profit": 107955,
            "gross_margin": 8.57,
            "gross_margin_4q_avg": 11.33,
            "net_income": 278661,
            "net_income_4q": null,
            "revenue": 1260404,
            "revenue_4q": null,
            "common_shares": 1323852,
            "book_valuer_per_share": 27.16,
            "book_valuer_per_share_4q_avg": 26.72,
            "equity": 3595755,
            "current_ratio": 199.22,
            "debt_ratio": 31.04,
            "inventory_turnover_ratio": 10.25,
            "account_receivable_turnover_ratio": null,
            "reinvestment_rate": -0.18,
            "research_to_sale_ratio": null,
            "price_fair": 140.61,
            "eps_avg_yearly": 4.02,
            "eps_latest_yearly": 7.76,
            "eps_growth_yearly": 103.72
        },
        "20063": {
            "year_quarter": 20063,
            "year": 2006,
            "quarter": 3,
            "eps": 1.33,
            "eps_growth_year": 16.67,
            "eps_4q": 5,
            "eps_4q_growth_year": 28.56,
            "roe": 5.16,
            "roe_4q": 20.02,
            "gross_profit": 97807,
            "gross_margin": 6.74,
            "gross_margin_4q_avg": 9.77,
            "net_income": 191868,
            "net_income_4q": null,
            "revenue": 1450431,
            "revenue_4q": null,
            "common_shares": 1439447,
            "book_valuer_per_share": 26.64,
            "book_valuer_per_share_4q_avg": 26.97,
            "equity": 3834345,
            "current_ratio": 189.08,
            "debt_ratio": 30.35,
            "inventory_turnover_ratio": 6.93,
            "account_receivable_turnover_ratio": null,
            "reinvestment_rate": 0.23,
            "research_to_sale_ratio": null,
            "price_fair": 149.8,
            "eps_avg_yearly": 4.28,
            "eps_latest_yearly": 5.32,
            "eps_growth_yearly": 92.86
        },
        "20064": {
            "year_quarter": 20064,
            "year": 2006,
            "quarter": 4,
            "eps": 1.17,
            "eps_growth_year": 11.43,
            "eps_4q": 5.25,
            "eps_4q_growth_year": 23.44,
            "roe": 4.28,
            "roe_4q": 20.35,
            "gross_profit": 125537,
            "gross_margin": 7.47,
            "gross_margin_4q_avg": 8.34,
            "net_income": 168015,
            "net_income_4q": null,
            "revenue": 1680384,
            "revenue_4q": null,
            "common_shares": 1439447,
            "book_valuer_per_share": 27.83,
            "book_valuer_per_share_4q_avg": 27.3,
            "equity": 4025482,
            "current_ratio": 230.7,
            "debt_ratio": 33.82,
            "inventory_turnover_ratio": 3.2,
            "account_receivable_turnover_ratio": null,
            "reinvestment_rate": 34.02,
            "research_to_sale_ratio": null,
            "price_fair": 155.23,
            "eps_avg_yearly": 4.44,
            "eps_latest_yearly": 4.68,
            "eps_growth_yearly": 65.75
        },
        "20071": {
            "year_quarter": 20071,
            "year": 2007,
            "quarter": 1,
            "eps": 1.67,
            "eps_growth_year": 91.95,
            "eps_4q": 6.11,
            "eps_4q_growth_year": 35.86,
            "roe": 5.76,
            "roe_4q": 22.89,
            "gross_profit": 116896,
            "gross_margin": 6.65,
            "gross_margin_4q_avg": 7.36,
            "net_income": 239989,
            "net_income_4q": null,
            "revenue": 1757053,
            "revenue_4q": null,
            "common_shares": 1439447,
            "book_valuer_per_share": 29.92,
            "book_valuer_per_share_4q_avg": 27.89,
            "equity": 4306464,
            "current_ratio": 186.99,
            "debt_ratio": 33.28,
            "inventory_turnover_ratio": 3.17,
            "account_receivable_turnover_ratio": null,
            "reinvestment_rate": 0.99,
            "research_to_sale_ratio": null,
            "price_fair": 163.98,
            "eps_avg_yearly": 4.69,
            "eps_latest_yearly": 6.68,
            "eps_growth_yearly": 70.98
        },
        "20072": {
            "year_quarter": 20072,
            "year": 2007,
            "quarter": 2,
            "eps": 1.66,
            "eps_growth_year": -14.43,
            "eps_4q": 5.44,
            "eps_4q_growth_year": 15.21,
            "roe": 6.25,
            "roe_4q": 21.45,
            "gross_profit": 152686,
            "gross_margin": 8.25,
            "gross_margin_4q_avg": 7.28,
            "net_income": 263638,
            "net_income_4q": null,
            "revenue": 1849775,
            "revenue_4q": null,
            "common_shares": 1439447,
            "book_valuer_per_share": 28.68,
            "book_valuer_per_share_4q_avg": 28.27,
            "equity": 4128287,
            "current_ratio": 165.24,
            "debt_ratio": 38.64,
            "inventory_turnover_ratio": 4.79,
            "account_receivable_turnover_ratio": null,
            "reinvestment_rate": 1.43,
            "research_to_sale_ratio": null,
            "price_fair": 172.64,
            "eps_avg_yearly": 4.93,
            "eps_latest_yearly": 6.64,
            "eps_growth_yearly": 70.83
        },
        "20073": {
            "year_quarter": 20073,
            "year": 2007,
            "quarter": 3,
            "eps": 1.65,
            "eps_growth_year": 24.06,
            "eps_4q": 5.88,
            "eps_4q_growth_year": 17.51,
            "roe": 6.16,
            "roe_4q": 22.450000000000003,
            "gross_profit": 167849,
            "gross_margin": 7.62,
            "gross_margin_4q_avg": 7.5,
            "net_income": 261933,
            "net_income_4q": null,
            "revenue": 2202865,
            "revenue_4q": null,
            "common_shares": 1590897,
            "book_valuer_per_share": 27.47,
            "book_valuer_per_share_4q_avg": 28.48,
            "equity": 4370725,
            "current_ratio": 184.55,
            "debt_ratio": 33.57,
            "inventory_turnover_ratio": 5.28,
            "account_receivable_turnover_ratio": null,
            "reinvestment_rate": 1.58,
            "research_to_sale_ratio": null,
            "price_fair": 179.99,
            "eps_avg_yearly": 5.14,
            "eps_latest_yearly": 6.6,
            "eps_growth_yearly": 65.45
        },
        "20074": {
            "year_quarter": 20074,
            "year": 2007,
            "quarter": 4,
            "eps": 0.82,
            "eps_growth_year": -29.91,
            "eps_4q": 5.62,
            "eps_4q_growth_year": 7.03,
            "roe": 2.93,
            "roe_4q": 21.1,
            "gross_profit": 229540,
            "gross_margin": 10.13,
            "gross_margin_4q_avg": 8.16,
            "net_income": 130839,
            "net_income_4q": null,
            "revenue": 2266349,
            "revenue_4q": null,
            "common_shares": 1590897,
            "book_valuer_per_share": 28.54,
            "book_valuer_per_share_4q_avg": 28.65,
            "equity": 4566562,
            "current_ratio": 195.34,
            "debt_ratio": 41.37,
            "inventory_turnover_ratio": 2.69,
            "account_receivable_turnover_ratio": null,
            "reinvestment_rate": 32.61,
            "research_to_sale_ratio": null,
            "price_fair": 178.24,
            "eps_avg_yearly": 5.09,
            "eps_latest_yearly": 3.28,
            "eps_growth_yearly": 46.39
        },
        "20081": {
            "year_quarter": 20081,
            "year": 2008,
            "quarter": 1,
            "eps": 0.57,
            "eps_growth_year": -65.87,
            "eps_4q": 4.74,
            "eps_4q_growth_year": -22.42,
            "roe": 1.97,
            "roe_4q": 17.310000000000002,
            "gross_profit": 373301,
            "gross_margin": 17.12,
            "gross_margin_4q_avg": 10.78,
            "net_income": 89720,
            "net_income_4q": null,
            "revenue": 2180616,
            "revenue_4q": null,
            "common_shares": 1590897,
            "book_valuer_per_share": 28.4,
            "book_valuer_per_share_4q_avg": 28.27,
            "equity": 4541672,
            "current_ratio": 210.12,
            "debt_ratio": 37.15,
            "inventory_turnover_ratio": 1.8,
            "account_receivable_turnover_ratio": null,
            "reinvestment_rate": 54.91,
            "research_to_sale_ratio": null,
            "price_fair": 172.64,
            "eps_avg_yearly": 4.93,
            "eps_latest_yearly": 2.28,
            "eps_growth_yearly": 34.11
        },
        "20082": {
            "year_quarter": 20082,
            "year": 2008,
            "quarter": 2,
            "eps": 1.1,
            "eps_growth_year": -33.73,
            "eps_4q": 4.18,
            "eps_4q_growth_year": -23.05,
            "roe": 4.06,
            "roe_4q": 15.12,
            "gross_profit": 425861,
            "gross_margin": 19.76,
            "gross_margin_4q_avg": 13.66,
            "net_income": 173063,
            "net_income_4q": null,
            "revenue": 2155532,
            "revenue_4q": null,
            "common_shares": 1590897,
            "book_valuer_per_share": 24.92,
            "book_valuer_per_share_4q_avg": 27.33,
            "equity": 3986122,
            "current_ratio": 152.35,
            "debt_ratio": 49.3,
            "inventory_turnover_ratio": 2.23,
            "account_receivable_turnover_ratio": null,
            "reinvestment_rate": 61.07,
            "research_to_sale_ratio": null,
            "price_fair": 164.15,
            "eps_avg_yearly": 4.69,
            "eps_latest_yearly": 4.4,
            "eps_growth_yearly": 39.59
        },
        "20083": {
            "year_quarter": 20083,
            "year": 2008,
            "quarter": 3,
            "eps": 1.65,
            "eps_growth_year": 0,
            "eps_4q": 4.15,
            "eps_4q_growth_year": -29.42,
            "roe": 6.3,
            "roe_4q": 15.26,
            "gross_profit": 517832,
            "gross_margin": 20.23,
            "gross_margin_4q_avg": 16.81,
            "net_income": 261792,
            "net_income_4q": null,
            "revenue": 2559393,
            "revenue_4q": null,
            "common_shares": 1590897,
            "book_valuer_per_share": 27.01,
            "book_valuer_per_share_4q_avg": 27.22,
            "equity": 4318502,
            "current_ratio": 162.15,
            "debt_ratio": 45.46,
            "inventory_turnover_ratio": 2.74,
            "account_receivable_turnover_ratio": null,
            "reinvestment_rate": 59.68,
            "research_to_sale_ratio": null,
            "price_fair": 170.1,
            "eps_avg_yearly": 4.86,
            "eps_latest_yearly": 6.6,
            "eps_growth_yearly": 65.38
        },
        "20084": {
            "year_quarter": 20084,
            "year": 2008,
            "quarter": 4,
            "eps": 0.25,
            "eps_growth_year": -69.51,
            "eps_4q": 3.63,
            "eps_4q_growth_year": -35.38,
            "roe": 0.9,
            "roe_4q": 13.23,
            "gross_profit": 331328,
            "gross_margin": 18.11,
            "gross_margin_4q_avg": 18.81,
            "net_income": 39043,
            "net_income_4q": null,
            "revenue": 1829197,
            "revenue_4q": null,
            "common_shares": 1590897,
            "book_valuer_per_share": 27.54,
            "book_valuer_per_share_4q_avg": 26.97,
            "equity": 4402201,
            "current_ratio": 184.71,
            "debt_ratio": 38.09,
            "inventory_turnover_ratio": 2.02,
            "account_receivable_turnover_ratio": 2.2,
            "reinvestment_rate": 44.1,
            "research_to_sale_ratio": null,
            "price_fair": 165.81,
            "eps_avg_yearly": 4.74,
            "eps_latest_yearly": 1,
            "eps_growth_yearly": 50.09
        },
        "20091": {
            "year_quarter": 20091,
            "year": 2009,
            "quarter": 1,
            "eps": 0.04,
            "eps_growth_year": -92.98,
            "eps_4q": 2.92,
            "eps_4q_growth_year": -38.33,
            "roe": 0.15,
            "roe_4q": 11.41,
            "gross_profit": 186543,
            "gross_margin": 15.9,
            "gross_margin_4q_avg": 18.5,
            "net_income": 6612,
            "net_income_4q": null,
            "revenue": 1173262,
            "revenue_4q": null,
            "common_shares": 1590897,
            "book_valuer_per_share": 27.92,
            "book_valuer_per_share_4q_avg": 26.85,
            "equity": 4463418,
            "current_ratio": 203.42,
            "debt_ratio": 33.81,
            "inventory_turnover_ratio": 1.49,
            "account_receivable_turnover_ratio": 0.81,
            "reinvestment_rate": 65.47,
            "research_to_sale_ratio": null,
            "price_fair": 161.35,
            "eps_avg_yearly": 4.61,
            "eps_latest_yearly": 0.16,
            "eps_growth_yearly": 35.51
        },
        "20092": {
            "year_quarter": 20092,
            "year": 2009,
            "quarter": 2,
            "eps": 0.3,
            "eps_growth_year": -72.73,
            "eps_4q": 2.3,
            "eps_4q_growth_year": -45.07,
            "roe": 1.09,
            "roe_4q": 8.44,
            "gross_profit": 274757,
            "gross_margin": 20.95,
            "gross_margin_4q_avg": 18.8,
            "net_income": 46351,
            "net_income_4q": null,
            "revenue": 1311220,
            "revenue_4q": null,
            "common_shares": 1590897,
            "book_valuer_per_share": 25.44,
            "book_valuer_per_share_4q_avg": 26.98,
            "equity": 4067695,
            "current_ratio": 174.95,
            "debt_ratio": 38.43,
            "inventory_turnover_ratio": 1.67,
            "account_receivable_turnover_ratio": 1.11,
            "reinvestment_rate": 65.92,
            "research_to_sale_ratio": null,
            "price_fair": 150.59,
            "eps_avg_yearly": 4.3,
            "eps_latest_yearly": 1.2,
            "eps_growth_yearly": 153.47
        },
        "20093": {
            "year_quarter": 20093,
            "year": 2009,
            "quarter": 3,
            "eps": 1.45,
            "eps_growth_year": -12.12,
            "eps_4q": 2.06,
            "eps_4q_growth_year": -50.43,
            "roe": 5.45,
            "roe_4q": 7.590000000000001,
            "gross_profit": 514500,
            "gross_margin": 25.45,
            "gross_margin_4q_avg": 20.1,
            "net_income": 226866,
            "net_income_4q": null,
            "revenue": 2021647,
            "revenue_4q": null,
            "common_shares": 1590897,
            "book_valuer_per_share": 26.69,
            "book_valuer_per_share_4q_avg": 26.9,
            "equity": 4263729,
            "current_ratio": 175.91,
            "debt_ratio": 39.93,
            "inventory_turnover_ratio": 2.02,
            "account_receivable_turnover_ratio": 1.44,
            "reinvestment_rate": 61.29,
            "research_to_sale_ratio": null,
            "price_fair": 153.3,
            "eps_avg_yearly": 4.38,
            "eps_latest_yearly": 5.8,
            "eps_growth_yearly": 255.67
        },
        "20094": {
            "year_quarter": 20094,
            "year": 2009,
            "quarter": 4,
            "eps": 1.56,
            "eps_growth_year": 524,
            "eps_4q": 3.35,
            "eps_4q_growth_year": -7.8,
            "roe": 5.65,
            "roe_4q": 12.340000000000002,
            "gross_profit": 583738,
            "gross_margin": 26.45,
            "gross_margin_4q_avg": 22.19,
            "net_income": 246801,
            "net_income_4q": null,
            "revenue": 2206720,
            "revenue_4q": null,
            "common_shares": 1590897,
            "book_valuer_per_share": 28.25,
            "book_valuer_per_share_4q_avg": 27.08,
            "equity": 4479060,
            "current_ratio": 176.11,
            "debt_ratio": 41.11,
            "inventory_turnover_ratio": 1.89,
            "account_receivable_turnover_ratio": 2.7,
            "reinvestment_rate": 38.49,
            "research_to_sale_ratio": null,
            "price_fair": 157.76,
            "eps_avg_yearly": 4.51,
            "eps_latest_yearly": 6.24,
            "eps_growth_yearly": 259.54
        },
        "20101": {
            "year_quarter": 20101,
            "year": 2010,
            "quarter": 1,
            "eps": 0.94,
            "eps_growth_year": 2250,
            "eps_4q": 4.25,
            "eps_4q_growth_year": 45.27,
            "roe": 3.27,
            "roe_4q": 15.46,
            "gross_profit": 388247,
            "gross_margin": 21.94,
            "gross_margin_4q_avg": 23.7,
            "net_income": 148678,
            "net_income_4q": null,
            "revenue": 1769873,
            "revenue_4q": null,
            "common_shares": 1590897,
            "book_valuer_per_share": 29.14,
            "book_valuer_per_share_4q_avg": 27.38,
            "equity": 4617382,
            "current_ratio": 190.89,
            "debt_ratio": 38.95,
            "inventory_turnover_ratio": 1.6,
            "account_receivable_turnover_ratio": 1.1,
            "reinvestment_rate": 62.13,
            "research_to_sale_ratio": 4.83,
            "price_fair": 158.38,
            "eps_avg_yearly": 4.53,
            "eps_latest_yearly": 3.76,
            "eps_growth_yearly": 253.89
        },
        "20102": {
            "year_quarter": 20102,
            "year": 2010,
            "quarter": 2,
            "eps": 1.21,
            "eps_growth_year": 304.53,
            "eps_4q": 5.17,
            "eps_4q_growth_year": 124.77,
            "roe": 4.29,
            "roe_4q": 18.66,
            "gross_profit": 417554,
            "gross_margin": 20.75,
            "gross_margin_4q_avg": 23.65,
            "net_income": 191572,
            "net_income_4q": null,
            "revenue": 2012444,
            "revenue_4q": null,
            "common_shares": 1590897,
            "book_valuer_per_share": 27.23,
            "book_valuer_per_share_4q_avg": 27.83,
            "equity": 4316011,
            "current_ratio": 161.63,
            "debt_ratio": 45.77,
            "inventory_turnover_ratio": 1.68,
            "account_receivable_turnover_ratio": 1.21,
            "reinvestment_rate": 67.19,
            "research_to_sale_ratio": 4.15,
            "price_fair": 151.99,
            "eps_avg_yearly": 4.34,
            "eps_latest_yearly": 4.84,
            "eps_growth_yearly": 230.33
        },
        "20103": {
            "year_quarter": 20103,
            "year": 2010,
            "quarter": 3,
            "eps": 1.17,
            "eps_growth_year": -19.46,
            "eps_4q": 4.88,
            "eps_4q_growth_year": 137.32,
            "roe": 4.19,
            "roe_4q": 17.4,
            "gross_profit": 476863,
            "gross_margin": 21.96,
            "gross_margin_4q_avg": 22.78,
            "net_income": 184015,
            "net_income_4q": null,
            "revenue": 2171286,
            "revenue_4q": null,
            "common_shares": 1591037,
            "book_valuer_per_share": 28.2,
            "book_valuer_per_share_4q_avg": 28.21,
            "equity": 4470289,
            "current_ratio": 177.26,
            "debt_ratio": 42.05,
            "inventory_turnover_ratio": 1.49,
            "account_receivable_turnover_ratio": 1.21,
            "reinvestment_rate": 65.04,
            "research_to_sale_ratio": 4.94,
            "price_fair": 150.59,
            "eps_avg_yearly": 4.3,
            "eps_latest_yearly": 4.68,
            "eps_growth_yearly": 237.36
        },
        "20104": {
            "year_quarter": 20104,
            "year": 2010,
            "quarter": 4,
            "eps": 0.48,
            "eps_growth_year": -69.13,
            "eps_4q": 3.81,
            "eps_4q_growth_year": 13.69,
            "roe": 1.73,
            "roe_4q": 13.48,
            "gross_profit": 458987,
            "gross_margin": 20.92,
            "gross_margin_4q_avg": 21.39,
            "net_income": 77133,
            "net_income_4q": null,
            "revenue": 2193842,
            "revenue_4q": null,
            "common_shares": 1591272,
            "book_valuer_per_share": 27.95,
            "book_valuer_per_share_4q_avg": 28.13,
            "equity": 4431663,
            "current_ratio": 187.87,
            "debt_ratio": 38.84,
            "inventory_turnover_ratio": 1.47,
            "account_receivable_turnover_ratio": 1.15,
            "reinvestment_rate": 21.72,
            "research_to_sale_ratio": 3.11,
            "price_fair": 144.55,
            "eps_avg_yearly": 4.13,
            "eps_latest_yearly": 1.92,
            "eps_growth_yearly": 225.62
        },
        "20111": {
            "year_quarter": 20111,
            "year": 2011,
            "quarter": 1,
            "eps": 0.27,
            "eps_growth_year": -71.28,
            "eps_4q": 3.14,
            "eps_4q_growth_year": -26.17,
            "roe": 0.97,
            "roe_4q": 11.18,
            "gross_profit": 278043,
            "gross_margin": 15.95,
            "gross_margin_4q_avg": 19.9,
            "net_income": 43453,
            "net_income_4q": null,
            "revenue": 1743570,
            "revenue_4q": null,
            "common_shares": 1591272,
            "book_valuer_per_share": 28.54,
            "book_valuer_per_share_4q_avg": 27.98,
            "equity": 4524607,
            "current_ratio": 206.64,
            "debt_ratio": 34.84,
            "inventory_turnover_ratio": 1.42,
            "account_receivable_turnover_ratio": 0.98,
            "reinvestment_rate": 70.72,
            "research_to_sale_ratio": 5.94,
            "price_fair": 132.3,
            "eps_avg_yearly": 3.78,
            "eps_latest_yearly": 1.08,
            "eps_growth_yearly": 204
        },
        "20112": {
            "year_quarter": 20112,
            "year": 2011,
            "quarter": 2,
            "eps": 0.36,
            "eps_growth_year": -70.64,
            "eps_4q": 2.28,
            "eps_4q_growth_year": -55.86,
            "roe": 1.18,
            "roe_4q": 8.07,
            "gross_profit": 262368,
            "gross_margin": 14.95,
            "gross_margin_4q_avg": 18.45,
            "net_income": 49944,
            "net_income_4q": null,
            "revenue": 1755495,
            "revenue_4q": null,
            "common_shares": 1591272,
            "book_valuer_per_share": 24.98,
            "book_valuer_per_share_4q_avg": 27.42,
            "equity": 3964332,
            "current_ratio": 161,
            "debt_ratio": 44,
            "inventory_turnover_ratio": 1.46,
            "account_receivable_turnover_ratio": 1.1,
            "reinvestment_rate": 80.93,
            "research_to_sale_ratio": 5.48,
            "price_fair": 120.93,
            "eps_avg_yearly": 3.46,
            "eps_latest_yearly": 1.44,
            "eps_growth_yearly": 212.49
        },
        "20113": {
            "year_quarter": 20113,
            "year": 2011,
            "quarter": 3,
            "eps": 0.39,
            "eps_growth_year": -66.62,
            "eps_4q": 1.5,
            "eps_4q_growth_year": -69.23,
            "roe": 1.4,
            "roe_4q": 5.279999999999999,
            "gross_profit": 256236,
            "gross_margin": 13.56,
            "gross_margin_4q_avg": 16.35,
            "net_income": 57063,
            "net_income_4q": null,
            "revenue": 1889562,
            "revenue_4q": null,
            "common_shares": 1579351,
            "book_valuer_per_share": 26.44,
            "book_valuer_per_share_4q_avg": 26.98,
            "equity": 4192500,
            "current_ratio": 159.49,
            "debt_ratio": 43.35,
            "inventory_turnover_ratio": 1.41,
            "account_receivable_turnover_ratio": 1.04,
            "reinvestment_rate": 103.08,
            "research_to_sale_ratio": 5.49,
            "price_fair": 109.9,
            "eps_avg_yearly": 3.14,
            "eps_latest_yearly": 1.56,
            "eps_growth_yearly": 214.72
        },
        "20114": {
            "year_quarter": 20114,
            "year": 2011,
            "quarter": 4,
            "eps": 0.97,
            "eps_growth_year": 102.4,
            "eps_4q": 2,
            "eps_4q_growth_year": -47.57,
            "roe": 3.49,
            "roe_4q": 7.04,
            "gross_profit": 406804,
            "gross_margin": 16.58,
            "gross_margin_4q_avg": 15.26,
            "net_income": 149003,
            "net_income_4q": null,
            "revenue": 2453958,
            "revenue_4q": null,
            "common_shares": 1579351,
            "book_valuer_per_share": 27.47,
            "book_valuer_per_share_4q_avg": 26.86,
            "equity": 4351735,
            "current_ratio": 160.82,
            "debt_ratio": 44.16,
            "inventory_turnover_ratio": 1.56,
            "account_receivable_turnover_ratio": 1.2,
            "reinvestment_rate": 35.53,
            "research_to_sale_ratio": 4.37,
            "price_fair": 111.21,
            "eps_avg_yearly": 3.18,
            "eps_latest_yearly": 3.88,
            "eps_growth_yearly": 264.47
        },
        "20121": {
            "year_quarter": 20121,
            "year": 2012,
            "quarter": 1,
            "eps": 1.02,
            "eps_growth_year": 277.78,
            "eps_4q": 2.74,
            "eps_4q_growth_year": -12.55,
            "roe": 3.57,
            "roe_4q": 9.64,
            "gross_profit": 361083,
            "gross_margin": 17.28,
            "gross_margin_4q_avg": 15.59,
            "net_income": 157216,
            "net_income_4q": null,
            "revenue": 2089972,
            "revenue_4q": null,
            "common_shares": 1579351,
            "book_valuer_per_share": 28.22,
            "book_valuer_per_share_4q_avg": 26.78,
            "equity": 4467000,
            "current_ratio": 176.91,
            "debt_ratio": 39.85,
            "inventory_turnover_ratio": 1.36,
            "account_receivable_turnover_ratio": 1.04,
            "reinvestment_rate": 29.66,
            "research_to_sale_ratio": 4.86,
            "price_fair": 115.15,
            "eps_avg_yearly": 3.29,
            "eps_latest_yearly": 4.08,
            "eps_growth_yearly": 273.39
        },
        "20122": {
            "year_quarter": 20122,
            "year": 2012,
            "quarter": 2,
            "eps": 0.84,
            "eps_growth_year": 137.07,
            "eps_4q": 3.12,
            "eps_4q_growth_year": 36.75,
            "roe": 3.18,
            "roe_4q": 11.64,
            "gross_profit": 324403,
            "gross_margin": 17.88,
            "gross_margin_4q_avg": 16.33,
            "net_income": 140755,
            "net_income_4q": null,
            "revenue": 1814105,
            "revenue_4q": null,
            "common_shares": 1579351,
            "book_valuer_per_share": 27.7,
            "book_valuer_per_share_4q_avg": 27.46,
            "equity": 4385235,
            "current_ratio": 177.46,
            "debt_ratio": 37.75,
            "inventory_turnover_ratio": 1.37,
            "account_receivable_turnover_ratio": 0.97,
            "reinvestment_rate": 29.26,
            "research_to_sale_ratio": 5.85,
            "price_fair": 112.88,
            "eps_avg_yearly": 3.23,
            "eps_latest_yearly": 3.36,
            "eps_growth_yearly": 245.73
        },
        "20123": {
            "year_quarter": 20123,
            "year": 2012,
            "quarter": 3,
            "eps": -0.18,
            "eps_growth_year": -147.33,
            "eps_4q": 2.56,
            "eps_4q_growth_year": 70.55,
            "roe": -0.53,
            "roe_4q": 9.71,
            "gross_profit": 302153,
            "gross_margin": 17.84,
            "gross_margin_4q_avg": 17.4,
            "net_income": -23063,
            "net_income_4q": null,
            "revenue": 1693460,
            "revenue_4q": null,
            "common_shares": 1658498,
            "book_valuer_per_share": 25.93,
            "book_valuer_per_share_4q_avg": 27.33,
            "equity": 4317239,
            "current_ratio": 182.26,
            "debt_ratio": 36.1,
            "inventory_turnover_ratio": 1.27,
            "account_receivable_turnover_ratio": 0.98,
            "reinvestment_rate": 29.7,
            "research_to_sale_ratio": 7.01,
            "price_fair": 105,
            "eps_avg_yearly": 3,
            "eps_latest_yearly": 3.36,
            "eps_growth_yearly": 248.78
        },
        "20124": {
            "year_quarter": 20124,
            "year": 2012,
            "quarter": 4,
            "eps": 1.27,
            "eps_growth_year": 30.08,
            "eps_4q": 2.9,
            "eps_4q_growth_year": 45.42,
            "roe": 4.6,
            "roe_4q": 10.82,
            "gross_profit": 472083,
            "gross_margin": 22.56,
            "gross_margin_4q_avg": 18.89,
            "net_income": 203041,
            "net_income_4q": null,
            "revenue": 2092492,
            "revenue_4q": null,
            "common_shares": 1658568,
            "book_valuer_per_share": 27.09,
            "book_valuer_per_share_4q_avg": 27.24,
            "equity": 4502964,
            "current_ratio": 183.12,
            "debt_ratio": 37.92,
            "inventory_turnover_ratio": 1.37,
            "account_receivable_turnover_ratio": 1.15,
            "reinvestment_rate": 27.8,
            "research_to_sale_ratio": 5.33,
            "price_fair": 110,
            "eps_avg_yearly": 3.14,
            "eps_latest_yearly": 3.36,
            "eps_growth_yearly": 290.79
        },
        "20131": {
            "year_quarter": 20131,
            "year": 2013,
            "quarter": 1,
            "eps": 1,
            "eps_growth_year": -1.96,
            "eps_4q": 2.93,
            "eps_4q_growth_year": 6.69,
            "roe": 3.57,
            "roe_4q": 10.82,
            "gross_profit": 492215,
            "gross_margin": 21.61,
            "gross_margin_4q_avg": 19.97,
            "net_income": 165564,
            "net_income_4q": null,
            "revenue": 2278021,
            "revenue_4q": null,
            "common_shares": 1660193,
            "book_valuer_per_share": 28.69,
            "book_valuer_per_share_4q_avg": 27.35,
            "equity": 4772475,
            "current_ratio": 187.97,
            "debt_ratio": 36.96,
            "inventory_turnover_ratio": 1.54,
            "account_receivable_turnover_ratio": 1.11,
            "reinvestment_rate": 28.17,
            "research_to_sale_ratio": 4.62,
            "price_fair": 119.6,
            "eps_avg_yearly": 3.42,
            "eps_latest_yearly": 4,
            "eps_growth_yearly": 308.71
        },
        "20132": {
            "year_quarter": 20132,
            "year": 2013,
            "quarter": 2,
            "eps": 0.54,
            "eps_growth_year": -36.07,
            "eps_4q": 2.51,
            "eps_4q_growth_year": -19.62,
            "roe": 1.93,
            "roe_4q": 9.57,
            "gross_profit": 378178,
            "gross_margin": 16.98,
            "gross_margin_4q_avg": 19.75,
            "net_income": 90387,
            "net_income_4q": null,
            "revenue": 2226549,
            "revenue_4q": null,
            "common_shares": 1660193,
            "book_valuer_per_share": 27.55,
            "book_valuer_per_share_4q_avg": 27.32,
            "equity": 4578781,
            "current_ratio": 165.31,
            "debt_ratio": 42.21,
            "inventory_turnover_ratio": 1.7,
            "account_receivable_turnover_ratio": 1.08,
            "reinvestment_rate": 33.34,
            "research_to_sale_ratio": 5.29,
            "price_fair": 122,
            "eps_avg_yearly": 3.49,
            "eps_latest_yearly": 2.16,
            "eps_growth_yearly": 109.86
        },
        "20133": {
            "year_quarter": 20133,
            "year": 2013,
            "quarter": 3,
            "eps": 1.79,
            "eps_growth_year": null,
            "eps_4q": 4.47,
            "eps_4q_growth_year": 74.44,
            "roe": 6.7,
            "roe_4q": 16.8,
            "gross_profit": 690449,
            "gross_margin": 22.84,
            "gross_margin_4q_avg": 21,
            "net_income": 316161,
            "net_income_4q": null,
            "revenue": 3022827,
            "revenue_4q": null,
            "common_shares": 1762165,
            "book_valuer_per_share": 27.56,
            "book_valuer_per_share_4q_avg": 27.72,
            "equity": 4861786,
            "current_ratio": 172.58,
            "debt_ratio": 42.51,
            "inventory_turnover_ratio": 2.01,
            "account_receivable_turnover_ratio": 1.34,
            "reinvestment_rate": 31.99,
            "research_to_sale_ratio": 4.07,
            "price_fair": 125.4,
            "eps_avg_yearly": 3.58,
            "eps_latest_yearly": 7.16,
            "eps_growth_yearly": 66.47
        },
        "20134": {
            "year_quarter": 20134,
            "year": 2013,
            "quarter": 4,
            "eps": 2.57,
            "eps_growth_year": 103.05,
            "eps_4q": 5.85,
            "eps_4q_growth_year": 101.62,
            "roe": 8.99,
            "roe_4q": 21.19,
            "gross_profit": 923684,
            "gross_margin": 24.76,
            "gross_margin_4q_avg": 21.55,
            "net_income": 459034,
            "net_income_4q": null,
            "revenue": 3730851,
            "revenue_4q": null,
            "common_shares": 1762165,
            "book_valuer_per_share": 30.33,
            "book_valuer_per_share_4q_avg": 28.53,
            "equity": 5354987,
            "current_ratio": 175.14,
            "debt_ratio": 43.2,
            "inventory_turnover_ratio": 2.3,
            "account_receivable_turnover_ratio": 1.47,
            "reinvestment_rate": 22.76,
            "research_to_sale_ratio": 3.62,
            "price_fair": 135.5,
            "eps_avg_yearly": 3.87,
            "eps_latest_yearly": 10.28,
            "eps_growth_yearly": 76.75
        },
        "20141": {
            "year_quarter": 20141,
            "year": 2014,
            "quarter": 1,
            "eps": 1.56,
            "eps_growth_year": 56,
            "eps_4q": 6.46,
            "eps_4q_growth_year": 120.84,
            "roe": 5.18,
            "roe_4q": 22.8,
            "gross_profit": 606615,
            "gross_margin": 22.78,
            "gross_margin_4q_avg": 21.84,
            "net_income": 284595,
            "net_income_4q": null,
            "revenue": 2662575,
            "revenue_4q": null,
            "common_shares": 1762165,
            "book_valuer_per_share": 31.85,
            "book_valuer_per_share_4q_avg": 29.32,
            "equity": 5633935,
            "current_ratio": 194.75,
            "debt_ratio": 38.34,
            "inventory_turnover_ratio": 1.81,
            "account_receivable_turnover_ratio": 1.12,
            "reinvestment_rate": 26.98,
            "research_to_sale_ratio": 5.28,
            "price_fair": 141.7,
            "eps_avg_yearly": 4.05,
            "eps_latest_yearly": 6.24,
            "eps_growth_yearly": 76.88
        },
        "20142": {
            "year_quarter": 20142,
            "year": 2014,
            "quarter": 2,
            "eps": 1.56,
            "eps_growth_year": 188.89,
            "eps_4q": 7.2,
            "eps_4q_growth_year": 187.32,
            "roe": 5.5,
            "roe_4q": 26.37,
            "gross_profit": 728240,
            "gross_margin": 24.88,
            "gross_margin_4q_avg": 23.82,
            "net_income": 298820,
            "net_income_4q": null,
            "revenue": 2926561,
            "revenue_4q": null,
            "common_shares": 1762165,
            "book_valuer_per_share": 29.46,
            "book_valuer_per_share_4q_avg": 29.8,
            "equity": 5224505,
            "current_ratio": 167.39,
            "debt_ratio": 44.28,
            "inventory_turnover_ratio": 1.94,
            "account_receivable_turnover_ratio": 1.3,
            "reinvestment_rate": 21.59,
            "research_to_sale_ratio": 5.57,
            "price_fair": 145.2,
            "eps_avg_yearly": 4.15,
            "eps_latest_yearly": 6.24,
            "eps_growth_yearly": 68.67
        },
        "20143": {
            "year_quarter": 20143,
            "year": 2014,
            "quarter": 3,
            "eps": 2.15,
            "eps_growth_year": 20.11,
            "eps_4q": 7.64,
            "eps_4q_growth_year": 71.01,
            "roe": 7.44,
            "roe_4q": 27.11,
            "gross_profit": 834153,
            "gross_margin": 24.08,
            "gross_margin_4q_avg": 24.13,
            "net_income": 406598,
            "net_income_4q": null,
            "revenue": 3464156,
            "revenue_4q": null,
            "common_shares": 1850273,
            "book_valuer_per_share": 30.61,
            "book_valuer_per_share_4q_avg": 30.56,
            "equity": 5705506,
            "current_ratio": 183.51,
            "debt_ratio": 39.77,
            "inventory_turnover_ratio": 2.15,
            "account_receivable_turnover_ratio": 1.36,
            "reinvestment_rate": 29.34,
            "research_to_sale_ratio": 4.7,
            "price_fair": 155,
            "eps_avg_yearly": 4.43,
            "eps_latest_yearly": 8.6,
            "eps_growth_yearly": 80.42
        },
        "20144": {
            "year_quarter": 20144,
            "year": 2014,
            "quarter": 4,
            "eps": 1.53,
            "eps_growth_year": -40.47,
            "eps_4q": 6.72,
            "eps_4q_growth_year": 14.92,
            "roe": 4.88,
            "roe_4q": 23,
            "gross_profit": 802843,
            "gross_margin": 24.61,
            "gross_margin_4q_avg": 24.09,
            "net_income": 288202,
            "net_income_4q": null,
            "revenue": 3262706,
            "revenue_4q": null,
            "common_shares": 1850273,
            "book_valuer_per_share": 32.71,
            "book_valuer_per_share_4q_avg": 31.16,
            "equity": 6100924,
            "current_ratio": 186.91,
            "debt_ratio": 38.59,
            "inventory_turnover_ratio": 1.89,
            "account_receivable_turnover_ratio": 1.16,
            "reinvestment_rate": 41.4,
            "research_to_sale_ratio": 7.04,
            "price_fair": 165.5,
            "eps_avg_yearly": 4.73,
            "eps_latest_yearly": 6.12,
            "eps_growth_yearly": 89.04
        },
        "20151": {
            "year_quarter": 20151,
            "year": 2015,
            "quarter": 1,
            "eps": 0.35,
            "eps_growth_year": -77.56,
            "eps_4q": 5.59,
            "eps_4q_growth_year": -13.48,
            "roe": 1.16,
            "roe_4q": 18.98,
            "gross_profit": 509730,
            "gross_margin": 18.82,
            "gross_margin_4q_avg": 23.1,
            "net_income": 71466,
            "net_income_4q": null,
            "revenue": 2708332,
            "revenue_4q": null,
            "common_shares": 1850273,
            "book_valuer_per_share": 33.34,
            "book_valuer_per_share_4q_avg": 31.53,
            "equity": 6229145,
            "current_ratio": 254.02,
            "debt_ratio": 43.19,
            "inventory_turnover_ratio": 1.65,
            "account_receivable_turnover_ratio": 1.07,
            "reinvestment_rate": 40.02,
            "research_to_sale_ratio": 5.8,
            "price_fair": 166.3,
            "eps_avg_yearly": 4.75,
            "eps_latest_yearly": 1.4,
            "eps_growth_yearly": 79.5
        },
        "20152": {
            "year_quarter": 20152,
            "year": 2015,
            "quarter": 2,
            "eps": 0.15,
            "eps_growth_year": -90.38,
            "eps_4q": 4.19,
            "eps_4q_growth_year": -41.85,
            "roe": 0.5,
            "roe_4q": 13.98,
            "gross_profit": 404716,
            "gross_margin": 15.48,
            "gross_margin_4q_avg": 20.75,
            "net_income": 28721,
            "net_income_4q": null,
            "revenue": 2613940,
            "revenue_4q": null,
            "common_shares": 1850273,
            "book_valuer_per_share": 28.44,
            "book_valuer_per_share_4q_avg": 31.28,
            "equity": 5305986,
            "current_ratio": 183.21,
            "debt_ratio": 51.8,
            "inventory_turnover_ratio": 1.7,
            "account_receivable_turnover_ratio": 1.16,
            "reinvestment_rate": 41.6,
            "research_to_sale_ratio": 5.83,
            "price_fair": 164.2,
            "eps_avg_yearly": 4.69,
            "eps_latest_yearly": 0.6,
            "eps_growth_yearly": 53.65
        },
        "20153": {
            "year_quarter": 20153,
            "year": 2015,
            "quarter": 3,
            "eps": 1.38,
            "eps_growth_year": -35.81,
            "eps_4q": 3.46,
            "eps_4q_growth_year": -54.76,
            "roe": 4.75,
            "roe_4q": 11.29,
            "gross_profit": 671253,
            "gross_margin": 20.19,
            "gross_margin_4q_avg": 19.78,
            "net_income": 260256,
            "net_income_4q": null,
            "revenue": 3325126,
            "revenue_4q": null,
            "common_shares": 1850273,
            "book_valuer_per_share": 30.56,
            "book_valuer_per_share_4q_avg": 31.26,
            "equity": 5653115,
            "current_ratio": 189.59,
            "debt_ratio": 49.97,
            "inventory_turnover_ratio": 1.88,
            "account_receivable_turnover_ratio": 1.28,
            "reinvestment_rate": 34.28,
            "research_to_sale_ratio": 5.06,
            "price_fair": 174.1,
            "eps_avg_yearly": 4.97,
            "eps_latest_yearly": 5.52,
            "eps_growth_yearly": 285.55
        },
        "20154": {
            "year_quarter": 20154,
            "year": 2015,
            "quarter": 4,
            "eps": 1.6,
            "eps_growth_year": 4.59,
            "eps_4q": 3.51,
            "eps_4q_growth_year": -47.81,
            "roe": 5.32,
            "roe_4q": 11.73,
            "gross_profit": 811999,
            "gross_margin": 22.58,
            "gross_margin_4q_avg": 19.27,
            "net_income": 304783,
            "net_income_4q": null,
            "revenue": 3595648,
            "revenue_4q": null,
            "common_shares": 1850273,
            "book_valuer_per_share": 31.72,
            "book_valuer_per_share_4q_avg": 31.02,
            "equity": 5810104,
            "current_ratio": 198.41,
            "debt_ratio": 48.97,
            "inventory_turnover_ratio": 1.83,
            "account_receivable_turnover_ratio": 1.32,
            "reinvestment_rate": 32.09,
            "research_to_sale_ratio": 4.53,
            "price_fair": 180.4,
            "eps_avg_yearly": 5.15,
            "eps_latest_yearly": 6.4,
            "eps_growth_yearly": 247.62
        },
        "20161": {
            "year_quarter": 20161,
            "year": 2016,
            "quarter": 1,
            "eps": 0.21,
            "eps_growth_year": -40,
            "eps_4q": 3.36,
            "eps_4q_growth_year": -39.87,
            "roe": 0.66,
            "roe_4q": 11.23,
            "gross_profit": 365521,
            "gross_margin": 15.96,
            "gross_margin_4q_avg": 18.55,
            "net_income": 38394,
            "net_income_4q": null,
            "revenue": 2290549,
            "revenue_4q": null,
            "common_shares": 1850273,
            "book_valuer_per_share": 31.71,
            "book_valuer_per_share_4q_avg": 30.61,
            "equity": 5794479,
            "current_ratio": 243.13,
            "debt_ratio": 43.19,
            "inventory_turnover_ratio": 1.4,
            "account_receivable_turnover_ratio": 1.05,
            "reinvestment_rate": 29.98,
            "research_to_sale_ratio": 6.02,
            "price_fair": 172.3,
            "eps_avg_yearly": 4.92,
            "eps_latest_yearly": 0.84,
            "eps_growth_yearly": 221.32
        },
        "20162": {
            "year_quarter": 20162,
            "year": 2016,
            "quarter": 2,
            "eps": 1.75,
            "eps_growth_year": 1066.67,
            "eps_4q": 4.96,
            "eps_4q_growth_year": 18.36,
            "roe": 5.66,
            "roe_4q": 16.39,
            "gross_profit": 731311,
            "gross_margin": 19.9,
            "gross_margin_4q_avg": 19.66,
            "net_income": 319380,
            "net_income_4q": null,
            "revenue": 3674999,
            "revenue_4q": null,
            "common_shares": 1850273,
            "book_valuer_per_share": 30.1,
            "book_valuer_per_share_4q_avg": 31.02,
            "equity": 5500248,
            "current_ratio": 178.85,
            "debt_ratio": 52.47,
            "inventory_turnover_ratio": 2.31,
            "account_receivable_turnover_ratio": 1.71,
            "reinvestment_rate": 24.13,
            "research_to_sale_ratio": 5.15,
            "price_fair": 181.4,
            "eps_avg_yearly": 5.18,
            "eps_latest_yearly": 7,
            "eps_growth_yearly": 435.89
        },
        "20163": {
            "year_quarter": 20163,
            "year": 2016,
            "quarter": 3,
            "eps": 5.01,
            "eps_growth_year": 263.04,
            "eps_4q": 8.58,
            "eps_4q_growth_year": 148,
            "roe": 15.57,
            "roe_4q": 27.21,
            "gross_profit": 1129114,
            "gross_margin": 22.89,
            "gross_margin_4q_avg": 20.33,
            "net_income": 916479,
            "net_income_4q": null,
            "revenue": 4932787,
            "revenue_4q": null,
            "common_shares": 1850273,
            "book_valuer_per_share": 34.32,
            "book_valuer_per_share_4q_avg": 31.96,
            "equity": 6273250,
            "current_ratio": 181.61,
            "debt_ratio": 50.26,
            "inventory_turnover_ratio": 3.13,
            "account_receivable_turnover_ratio": 1.8,
            "reinvestment_rate": 42.47,
            "research_to_sale_ratio": 4.17,
            "price_fair": 216.07,
            "eps_avg_yearly": 6.17,
            "eps_latest_yearly": 20.04,
            "eps_growth_yearly": 456.51
        },
        "20164": {
            "year_quarter": 20164,
            "year": 2016,
            "quarter": 4,
            "eps": 4,
            "eps_growth_year": 149.43,
            "eps_4q": 10.91,
            "eps_4q_growth_year": 210.92,
            "roe": 11.15,
            "roe_4q": 33.03999999999999,
            "gross_profit": 1140133,
            "gross_margin": 18.87,
            "gross_margin_4q_avg": 19.41,
            "net_income": 736893,
            "net_income_4q": null,
            "revenue": 6040939,
            "revenue_4q": null,
            "common_shares": 1850625,
            "book_valuer_per_share": 37.68,
            "book_valuer_per_share_4q_avg": 33.45,
            "equity": 6945261,
            "current_ratio": 164.77,
            "debt_ratio": 54.79,
            "inventory_turnover_ratio": 4.18,
            "account_receivable_turnover_ratio": 1.84,
            "reinvestment_rate": 39.85,
            "research_to_sale_ratio": 2.83,
            "price_fair": 237.56,
            "eps_avg_yearly": 6.79,
            "eps_latest_yearly": 16,
            "eps_growth_yearly": 422.94
        },
        "20171": {
            "year_quarter": 20171,
            "year": 2017,
            "quarter": 1,
            "eps": 1.74,
            "eps_growth_year": 728.57,
            "eps_4q": 11.97,
            "eps_4q_growth_year": 255.82,
            "roe": 4.05,
            "roe_4q": 36.43,
            "gross_profit": 888079,
            "gross_margin": 19.67,
            "gross_margin_4q_avg": 20.33,
            "net_income": 319243,
            "net_income_4q": null,
            "revenue": 4515000,
            "revenue_4q": null,
            "common_shares": 1938235,
            "book_valuer_per_share": 46.07,
            "book_valuer_per_share_4q_avg": 37.04,
            "equity": 8824515,
            "current_ratio": 152.01,
            "debt_ratio": 41.77,
            "inventory_turnover_ratio": 3.14,
            "account_receivable_turnover_ratio": 1.45,
            "reinvestment_rate": 66.71,
            "research_to_sale_ratio": 3.61,
            "price_fair": 244.04,
            "eps_avg_yearly": 6.97,
            "eps_latest_yearly": 6.96,
            "eps_growth_yearly": 414.12
        },
        "20172": {
            "year_quarter": 20172,
            "year": 2017,
            "quarter": 2,
            "eps": 2.89,
            "eps_growth_year": 65.14,
            "eps_4q": 12.86,
            "eps_4q_growth_year": 159.41,
            "roe": 6.32,
            "roe_4q": 37.09,
            "gross_profit": 1020202,
            "gross_margin": 19,
            "gross_margin_4q_avg": 20.11,
            "net_income": 540317,
            "net_income_4q": null,
            "revenue": 5368400,
            "revenue_4q": null,
            "common_shares": 1977334,
            "book_valuer_per_share": 42.26,
            "book_valuer_per_share_4q_avg": 40.08,
            "equity": 8261274,
            "current_ratio": 129.36,
            "debt_ratio": 50.61,
            "inventory_turnover_ratio": 3.86,
            "account_receivable_turnover_ratio": 1.72,
            "reinvestment_rate": 63.04,
            "research_to_sale_ratio": 3.63,
            "price_fair": 264.6,
            "eps_avg_yearly": 7.56,
            "eps_latest_yearly": 11.56,
            "eps_growth_yearly": 442.15
        },
        "20173": {
            "year_quarter": 20173,
            "year": 2017,
            "quarter": 3,
            "eps": 3.25,
            "eps_growth_year": -35.13,
            "eps_4q": 11.17,
            "eps_4q_growth_year": 30.24,
            "roe": 6.63,
            "roe_4q": 28.15,
            "gross_profit": 1092237,
            "gross_margin": 16.84,
            "gross_margin_4q_avg": 18.6,
            "net_income": 615220,
            "net_income_4q": null,
            "revenue": 6484836,
            "revenue_4q": null,
            "common_shares": 2002969,
            "book_valuer_per_share": 52,
            "book_valuer_per_share_4q_avg": 44.5,
            "equity": 10297117,
            "current_ratio": 131.67,
            "debt_ratio": 48.54,
            "inventory_turnover_ratio": 3.08,
            "account_receivable_turnover_ratio": 1.63,
            "reinvestment_rate": 86.95,
            "research_to_sale_ratio": 3.56,
            "price_fair": 277.38,
            "eps_avg_yearly": 7.93,
            "eps_latest_yearly": 13,
            "eps_growth_yearly": 387.39
        },
        "20174": {
            "year_quarter": 20174,
            "year": 2017,
            "quarter": 4,
            "eps": 10.83,
            "eps_growth_year": 170.9,
            "eps_4q": 18.27,
            "eps_4q_growth_year": 67.43,
            "roe": 17.89,
            "roe_4q": 34.89,
            "gross_profit": 1660316,
            "gross_margin": 16.1,
            "gross_margin_4q_avg": 17.9,
            "net_income": 2147429,
            "net_income_4q": null,
            "revenue": 10310574,
            "revenue_4q": null,
            "common_shares": 2004721,
            "book_valuer_per_share": 69.11,
            "book_valuer_per_share_4q_avg": 52.36,
            "equity": 13704234,
            "current_ratio": 142.55,
            "debt_ratio": 48.01,
            "inventory_turnover_ratio": 3.77,
            "account_receivable_turnover_ratio": 1.9,
            "reinvestment_rate": 82.82,
            "research_to_sale_ratio": 3.21,
            "price_fair": 349.65,
            "eps_avg_yearly": 9.99,
            "eps_latest_yearly": 43.32,
            "eps_growth_yearly": 434.81
        },
        "20181": {
            "year_quarter": 20181,
            "year": 2018,
            "quarter": 1,
            "eps": -0.36,
            "eps_growth_year": -120.69,
            "eps_4q": 16.27,
            "eps_4q_growth_year": 36.01,
            "roe": -0.53,
            "roe_4q": 30.31,
            "gross_profit": 405599,
            "gross_margin": 9.3,
            "gross_margin_4q_avg": 15.31,
            "net_income": -71122,
            "net_income_4q": null,
            "revenue": 4359280,
            "revenue_4q": null,
            "common_shares": 2007670,
            "book_valuer_per_share": 66.01,
            "book_valuer_per_share_4q_avg": 57.35,
            "equity": 13108323,
            "current_ratio": 163.26,
            "debt_ratio": 38.09,
            "inventory_turnover_ratio": 1.67,
            "account_receivable_turnover_ratio": 0.97,
            "reinvestment_rate": 33.37,
            "research_to_sale_ratio": 5.07,
            "price_fair": 358.4,
            "eps_avg_yearly": 10.24,
            "eps_latest_yearly": 43.32,
            "eps_growth_yearly": 474.27
        },
        "20182": {
            "year_quarter": 20182,
            "year": 2018,
            "quarter": 2,
            "eps": 0.38,
            "eps_growth_year": -86.85,
            "eps_4q": 13.93,
            "eps_4q_growth_year": 8.33,
            "roe": 0.64,
            "roe_4q": 24.63,
            "gross_profit": 648476,
            "gross_margin": 9.67,
            "gross_margin_4q_avg": 12.98,
            "net_income": 73910,
            "net_income_4q": null,
            "revenue": 6708658,
            "revenue_4q": null,
            "common_shares": 2007454,
            "book_valuer_per_share": 50.82,
            "book_valuer_per_share_4q_avg": 59.49,
            "equity": 10092169,
            "current_ratio": 113.87,
            "debt_ratio": 55.45,
            "inventory_turnover_ratio": 2.31,
            "account_receivable_turnover_ratio": 1.81,
            "reinvestment_rate": 37.81,
            "research_to_sale_ratio": 3.5,
            "price_fair": 368.4,
            "eps_avg_yearly": 10.53,
            "eps_latest_yearly": 43.32,
            "eps_growth_yearly": 508.15
        },
        "20183": {
            "year_quarter": 20183,
            "year": 2018,
            "quarter": 3,
            "eps": 4.21,
            "eps_growth_year": 29.54,
            "eps_4q": 14.99,
            "eps_4q_growth_year": 34.21,
            "roe": 8.38,
            "roe_4q": 26.380000000000003,
            "gross_profit": 1734441,
            "gross_margin": 15.71,
            "gross_margin_4q_avg": 12.7,
            "net_income": 836880,
            "net_income_4q": null,
            "revenue": 11037065,
            "revenue_4q": null,
            "common_shares": 1988502,
            "book_valuer_per_share": 49.42,
            "book_valuer_per_share_4q_avg": 58.84,
            "equity": 9888859,
            "current_ratio": 106.47,
            "debt_ratio": 63.1,
            "inventory_turnover_ratio": 2.93,
            "account_receivable_turnover_ratio": 1.7,
            "reinvestment_rate": 31.95,
            "research_to_sale_ratio": 2.61,
            "price_fair": 389,
            "eps_avg_yearly": 11.11,
            "eps_latest_yearly": 16.84,
            "eps_growth_yearly": 785.31
        },
        "20184": {
            "year_quarter": 20184,
            "year": 2018,
            "quarter": 4,
            "eps": 6.17,
            "eps_growth_year": -43.07,
            "eps_4q": 10.34,
            "eps_4q_growth_year": -43.4,
            "roe": 12.23,
            "roe_4q": 20.72,
            "gross_profit": 1936552,
            "gross_margin": 14.46,
            "gross_margin_4q_avg": 12.29,
            "net_income": 1221181,
            "net_income_4q": null,
            "revenue": 13389805,
            "revenue_4q": null,
            "common_shares": 1996625,
            "book_valuer_per_share": 49.74,
            "book_valuer_per_share_4q_avg": 54,
            "equity": 10079427,
            "current_ratio": 133.77,
            "debt_ratio": 66.77,
            "inventory_turnover_ratio": 3.41,
            "account_receivable_turnover_ratio": 1.61,
            "reinvestment_rate": 28.14,
            "research_to_sale_ratio": 2.68,
            "price_fair": 435.4,
            "eps_avg_yearly": 12.44,
            "eps_latest_yearly": 24.68,
            "eps_growth_yearly": 806.85
        },
        "20191": {
            "year_quarter": 20191,
            "year": 2019,
            "quarter": 1,
            "eps": 2.07,
            "eps_growth_year": null,
            "eps_4q": 12.42,
            "eps_4q_growth_year": -23.69,
            "roe": 3.67,
            "roe_4q": 24.92,
            "gross_profit": 1013870,
            "gross_margin": 13.29,
            "gross_margin_4q_avg": 13.28,
            "net_income": 405373,
            "net_income_4q": null,
            "revenue": 7631451,
            "revenue_4q": null,
            "common_shares": 2054565,
            "book_valuer_per_share": 57.77,
            "book_valuer_per_share_4q_avg": 51.94,
            "equity": 12009079,
            "current_ratio": 173.89,
            "debt_ratio": 50.95,
            "inventory_turnover_ratio": 2.24,
            "account_receivable_turnover_ratio": 1.07,
            "reinvestment_rate": 30.16,
            "research_to_sale_ratio": 4.05,
            "price_fair": 452.6,
            "eps_avg_yearly": 12.93,
            "eps_latest_yearly": 8.28,
            "eps_growth_yearly": 809.9
        },
        "20192": {
            "year_quarter": 20192,
            "year": 2019,
            "quarter": 2,
            "eps": 3.8,
            "eps_growth_year": 900,
            "eps_4q": 15.75,
            "eps_4q_growth_year": 13.09,
            "roe": 6.63,
            "roe_4q": 30.910000000000004,
            "gross_profit": 1622087,
            "gross_margin": 16.12,
            "gross_margin_4q_avg": 14.9,
            "net_income": 773150,
            "net_income_4q": null,
            "revenue": 10064072,
            "revenue_4q": null,
            "common_shares": 2065855,
            "book_valuer_per_share": 54.11,
            "book_valuer_per_share_4q_avg": 52.76,
            "equity": 11315308,
            "current_ratio": 147.58,
            "debt_ratio": 57.11,
            "inventory_turnover_ratio": 3.39,
            "account_receivable_turnover_ratio": 1.35,
            "reinvestment_rate": 27.34,
            "research_to_sale_ratio": 3.28,
            "price_fair": 489.1,
            "eps_avg_yearly": 13.97,
            "eps_latest_yearly": 15.2,
            "eps_growth_yearly": 850.11
        },
        "20193": {
            "year_quarter": 20193,
            "year": 2019,
            "quarter": 3,
            "eps": 4.34,
            "eps_growth_year": 3.09,
            "eps_4q": 16,
            "eps_4q_growth_year": 6.75,
            "roe": 7.51,
            "roe_4q": 30.040000000000003,
            "gross_profit": 1420559,
            "gross_margin": 14.06,
            "gross_margin_4q_avg": 14.48,
            "net_income": 885774,
            "net_income_4q": null,
            "revenue": 10101028,
            "revenue_4q": null,
            "common_shares": 2070661,
            "book_valuer_per_share": 58.52,
            "book_valuer_per_share_4q_avg": 55.04,
            "equity": 12282559,
            "current_ratio": 150.81,
            "debt_ratio": 56.28,
            "inventory_turnover_ratio": 3.96,
            "account_receivable_turnover_ratio": 1.08,
            "reinvestment_rate": 24.94,
            "research_to_sale_ratio": 3.11,
            "price_fair": 518.7,
            "eps_avg_yearly": 14.82,
            "eps_latest_yearly": 17.36,
            "eps_growth_yearly": 619.88
        },
        "20194": {
            "year_quarter": 20194,
            "year": 2019,
            "quarter": 4,
            "eps": 2.23,
            "eps_growth_year": -63.75,
            "eps_4q": 12.21,
            "eps_4q_growth_year": 18.13,
            "roe": 3.69,
            "roe_4q": 21.5,
            "gross_profit": 983403,
            "gross_margin": 11.43,
            "gross_margin_4q_avg": 13.73,
            "net_income": 466849,
            "net_income_4q": null,
            "revenue": 8601242,
            "revenue_4q": null,
            "common_shares": 2086684,
            "book_valuer_per_share": 61.5,
            "book_valuer_per_share_4q_avg": 57.98,
            "equity": 12998392,
            "current_ratio": 168.38,
            "debt_ratio": 49.61,
            "inventory_turnover_ratio": 3.49,
            "account_receivable_turnover_ratio": 1.15,
            "reinvestment_rate": 29.08,
            "research_to_sale_ratio": 4.1,
            "price_fair": 525,
            "eps_avg_yearly": 15,
            "eps_latest_yearly": 8.92,
            "eps_growth_yearly": 601.44
        },
        "20201": {
            "year_quarter": 20201,
            "year": 2020,
            "quarter": 1,
            "eps": 0.23,
            "eps_growth_year": -88.89,
            "eps_4q": 10.45,
            "eps_4q_growth_year": -15.84,
            "roe": 0.35,
            "roe_4q": 18.18,
            "gross_profit": 556354,
            "gross_margin": 10.75,
            "gross_margin_4q_avg": 13.09,
            "net_income": 40564,
            "net_income_4q": null,
            "revenue": 5176663,
            "revenue_4q": null,
            "common_shares": 2085944,
            "book_valuer_per_share": 48.83,
            "book_valuer_per_share_4q_avg": 55.74,
            "equity": 10340279,
            "current_ratio": 145.71,
            "debt_ratio": 57.82,
            "inventory_turnover_ratio": 2.16,
            "account_receivable_turnover_ratio": 1.1,
            "reinvestment_rate": 29.74,
            "research_to_sale_ratio": 6.02,
            "price_fair": 525.2,
            "eps_avg_yearly": 15.01,
            "eps_latest_yearly": 0.92,
            "eps_growth_yearly": 600.63
        },
        "20202": {
            "year_quarter": 20202,
            "year": 2020,
            "quarter": 2,
            "eps": 1.47,
            "eps_growth_year": -61.32,
            "eps_4q": 8.18,
            "eps_4q_growth_year": -48.04,
            "roe": 2.78,
            "roe_4q": 14.33,
            "gross_profit": 1000906,
            "gross_margin": 15.53,
            "gross_margin_4q_avg": 12.94,
            "net_income": 298847,
            "net_income_4q": null,
            "revenue": 6445201,
            "revenue_4q": null,
            "common_shares": 2085514,
            "book_valuer_per_share": 50.99,
            "book_valuer_per_share_4q_avg": 54.96,
            "equity": 11141449,
            "current_ratio": 150.37,
            "debt_ratio": 55.55,
            "inventory_turnover_ratio": 2.27,
            "account_receivable_turnover_ratio": 1.42,
            "reinvestment_rate": 31.85,
            "research_to_sale_ratio": 6.02,
            "price_fair": 522.4,
            "eps_avg_yearly": 14.93,
            "eps_latest_yearly": 5.88,
            "eps_growth_yearly": 545.15
        },
        "20203": {
            "year_quarter": 20203,
            "year": 2020,
            "quarter": 3,
            "eps": 1.9,
            "eps_growth_year": -56.22,
            "eps_4q": 5.78,
            "eps_4q_growth_year": -63.87,
            "roe": 3.47,
            "roe_4q": 10.29,
            "gross_profit": 1254150,
            "gross_margin": 12.37,
            "gross_margin_4q_avg": 12.52,
            "net_income": 391995,
            "net_income_4q": null,
            "revenue": 10136154,
            "revenue_4q": null,
            "common_shares": 2093519,
            "book_valuer_per_share": 52.48,
            "book_valuer_per_share_4q_avg": 53.45,
            "equity": 11478249,
            "current_ratio": 126.81,
            "debt_ratio": 63.36,
            "inventory_turnover_ratio": 2.61,
            "account_receivable_turnover_ratio": 1.43,
            "reinvestment_rate": 31.88,
            "research_to_sale_ratio": 4.65,
            "price_fair": 491.3,
            "eps_avg_yearly": 14.04,
            "eps_latest_yearly": 7.6,
            "eps_growth_yearly": 500.28
        },
        "20204": {
            "year_quarter": 20204,
            "year": 2020,
            "quarter": 4,
            "eps": 2.76,
            "eps_growth_year": 23.54,
            "eps_4q": 6.32,
            "eps_4q_growth_year": -48.3,
            "roe": 4.95,
            "roe_4q": 11.549999999999999,
            "gross_profit": 1507138,
            "gross_margin": 11.88,
            "gross_margin_4q_avg": 12.63,
            "net_income": 587994,
            "net_income_4q": null,
            "revenue": 12686801,
            "revenue_4q": null,
            "common_shares": 2093332,
            "book_valuer_per_share": 56.23,
            "book_valuer_per_share_4q_avg": 52.13,
            "equity": 12270743,
            "current_ratio": 112.81,
            "debt_ratio": 64.07,
            "inventory_turnover_ratio": 2.81,
            "account_receivable_turnover_ratio": 1.17,
            "reinvestment_rate": 40.79,
            "research_to_sale_ratio": 4.2,
            "price_fair": 478.9,
            "eps_avg_yearly": 13.68,
            "eps_latest_yearly": 11.04,
            "eps_growth_yearly": 518.97
        },
        "20211": {
            "year_quarter": 20211,
            "year": 2021,
            "quarter": 1,
            "eps": 0.1,
            "eps_growth_year": -56.52,
            "eps_4q": 6.19,
            "eps_4q_growth_year": -40.77,
            "roe": 0.46,
            "roe_4q": 11.66,
            "gross_profit": 783253,
            "gross_margin": 10.13,
            "gross_margin_4q_avg": 12.48,
            "net_income": 53483,
            "net_income_4q": null,
            "revenue": 7734792,
            "revenue_4q": null,
            "common_shares": 2092776,
            "book_valuer_per_share": 50.51,
            "book_valuer_per_share_4q_avg": 52.55,
            "equity": 11103707,
            "current_ratio": 108.67,
            "debt_ratio": 65.5,
            "inventory_turnover_ratio": 1.7,
            "account_receivable_turnover_ratio": 0.76,
            "reinvestment_rate": 27.56,
            "research_to_sale_ratio": 6.08,
            "price_fair": 462.5,
            "eps_avg_yearly": 13.21,
            "eps_latest_yearly": 0.4,
            "eps_growth_yearly": 507.58
        },
        "20212": {
            "year_quarter": 20212,
            "year": 2021,
            "quarter": 2,
            "eps": 0.54,
            "eps_growth_year": -63.27,
            "eps_4q": 5.26,
            "eps_4q_growth_year": -35.66,
            "roe": 1.34,
            "roe_4q": 10.22,
            "gross_profit": 783502,
            "gross_margin": 9.59,
            "gross_margin_4q_avg": 10.99,
            "net_income": 149041,
            "net_income_4q": null,
            "revenue": 8168668,
            "revenue_4q": null,
            "common_shares": 2096826,
            "book_valuer_per_share": 50.75,
            "book_valuer_per_share_4q_avg": 52.49,
            "equity": 11101332,
            "current_ratio": 107.62,
            "debt_ratio": 65.33,
            "inventory_turnover_ratio": 1.69,
            "account_receivable_turnover_ratio": 1.08,
            "reinvestment_rate": 30.08,
            "research_to_sale_ratio": 5.65,
            "price_fair": 439,
            "eps_avg_yearly": 12.54,
            "eps_latest_yearly": 2.16,
            "eps_growth_yearly": 614.41
        },
        "20213": {
            "year_quarter": 20213,
            "year": 2021,
            "quarter": 3,
            "eps": 2.2,
            "eps_growth_year": 15.79,
            "eps_4q": 5.53,
            "eps_4q_growth_year": -4.3,
            "roe": 4.37,
            "roe_4q": 11.120000000000001,
            "gross_profit": 1350362,
            "gross_margin": 15.95,
            "gross_margin_4q_avg": 11.89,
            "net_income": 493364,
            "net_income_4q": null,
            "revenue": 8463889,
            "revenue_4q": null,
            "common_shares": 2110570,
            "book_valuer_per_share": 52.03,
            "book_valuer_per_share_4q_avg": 52.38,
            "equity": 11465380,
            "current_ratio": 132.97,
            "debt_ratio": 66.27,
            "inventory_turnover_ratio": 1.37,
            "account_receivable_turnover_ratio": 1.1,
            "reinvestment_rate": 12.44,
            "research_to_sale_ratio": 5.09,
            "price_fair": 428.5,
            "eps_avg_yearly": 12.24,
            "eps_latest_yearly": 8.8,
            "eps_growth_yearly": 698.68
        },
        "20214": {
            "year_quarter": 20214,
            "year": 2021,
            "quarter": 4,
            "eps": 2.49,
            "eps_growth_year": -9.88,
            "eps_4q": 5.21,
            "eps_4q_growth_year": -17.46,
            "roe": 5.04,
            "roe_4q": 11.21,
            "gross_profit": 1457981,
            "gross_margin": 12.34,
            "gross_margin_4q_avg": 12,
            "net_income": 595202,
            "net_income_4q": null,
            "revenue": 11815370,
            "revenue_4q": null,
            "common_shares": 2165100,
            "book_valuer_per_share": 53.64,
            "book_valuer_per_share_4q_avg": 51.73,
            "equity": 12154623,
            "current_ratio": 139.78,
            "debt_ratio": 64.11,
            "inventory_turnover_ratio": 1.84,
            "account_receivable_turnover_ratio": 1.37,
            "reinvestment_rate": -0.53,
            "research_to_sale_ratio": 2.86,
            "price_fair": 345.1,
            "eps_avg_yearly": 9.86,
            "eps_latest_yearly": 9.96,
            "eps_growth_yearly": 635.81
        },
        "20221": {
            "year_quarter": 20221,
            "year": 2022,
            "quarter": 1,
            "eps": 0.52,
            "eps_growth_year": 420,
            "eps_4q": 5.63,
            "eps_4q_growth_year": -9.12,
            "roe": 1.26,
            "roe_4q": 12.01,
            "gross_profit": 878136,
            "gross_margin": 14.59,
            "gross_margin_4q_avg": 13.12,
            "net_income": 150792,
            "net_income_4q": null,
            "revenue": 6018343,
            "revenue_4q": null,
            "common_shares": 2164702,
            "book_valuer_per_share": 51.21,
            "book_valuer_per_share_4q_avg": 51.91,
            "equity": 11691408,
            "current_ratio": 140.93,
            "debt_ratio": 62.47,
            "inventory_turnover_ratio": 0.97,
            "account_receivable_turnover_ratio": 0.79,
            "reinvestment_rate": 54.52,
            "research_to_sale_ratio": 6.89,
            "price_fair": 326.95,
            "eps_avg_yearly": 9.34,
            "eps_latest_yearly": 2.08,
            "eps_growth_yearly": 572.33
        },
        "20222": {
            "year_quarter": 20222,
            "year": 2022,
            "quarter": 2,
            "eps": 1.84,
            "eps_growth_year": 240.74,
            "eps_4q": 6.93,
            "eps_4q_growth_year": 31.6,
            "roe": 3.94,
            "roe_4q": 14.61,
            "gross_profit": 1001440,
            "gross_margin": 12.51,
            "gross_margin_4q_avg": 13.85,
            "net_income": 467152,
            "net_income_4q": null,
            "revenue": 8004468,
            "revenue_4q": null,
            "common_shares": 2163994,
            "book_valuer_per_share": 52.26,
            "book_valuer_per_share_4q_avg": 52.29,
            "equity": 12031034,
            "current_ratio": 146.96,
            "debt_ratio": 62.79,
            "inventory_turnover_ratio": 1.31,
            "account_receivable_turnover_ratio": 1.32,
            "reinvestment_rate": 48.47,
            "research_to_sale_ratio": 5.52,
            "price_fair": 322.61,
            "eps_avg_yearly": 9.22,
            "eps_latest_yearly": 7.36,
            "eps_growth_yearly": 600.02
        },
        "20223": {
            "year_quarter": 20223,
            "year": 2022,
            "quarter": 3,
            "eps": 2.74,
            "eps_growth_year": 24.55,
            "eps_4q": 7.47,
            "eps_4q_growth_year": 34.94,
            "roe": 5.15,
            "roe_4q": 15.39,
            "gross_profit": 1380189,
            "gross_margin": 12.49,
            "gross_margin_4q_avg": 12.98,
            "net_income": 640298,
            "net_income_4q": null,
            "revenue": 11050485,
            "revenue_4q": null,
            "common_shares": 2180521,
            "book_valuer_per_share": 55.18,
            "book_valuer_per_share_4q_avg": 53.07,
            "equity": 12836458,
            "current_ratio": 143.58,
            "debt_ratio": 64.35,
            "inventory_turnover_ratio": 1.79,
            "account_receivable_turnover_ratio": 1.39,
            "reinvestment_rate": 55.67,
            "research_to_sale_ratio": 4.5,
            "price_fair": 309.75,
            "eps_avg_yearly": 8.85,
            "eps_latest_yearly": 10.96,
            "eps_growth_yearly": 360.27
        },
        "20224": {
            "year_quarter": 20224,
            "year": 2022,
            "quarter": 4,
            "eps": 1.68,
            "eps_growth_year": -32.43,
            "eps_4q": 6.68,
            "eps_4q_growth_year": 28.22,
            "roe": 2.8,
            "roe_4q": 13.15,
            "gross_profit": 1292787,
            "gross_margin": 12.52,
            "gross_margin_4q_avg": 13.03,
            "net_income": 362814,
            "net_income_4q": null,
            "revenue": 10325394,
            "revenue_4q": null,
            "common_shares": 2177827,
            "book_valuer_per_share": 56.35,
            "book_valuer_per_share_4q_avg": 53.75,
            "equity": 13056286,
            "current_ratio": 155.22,
            "debt_ratio": 60.94,
            "inventory_turnover_ratio": 1.73,
            "account_receivable_turnover_ratio": 1.13,
            "reinvestment_rate": 58.42,
            "research_to_sale_ratio": 4.32,
            "price_fair": 270.46,
            "eps_avg_yearly": 7.73,
            "eps_latest_yearly": 6.72,
            "eps_growth_yearly": 338.96
        },
        "20231": {
            "year_quarter": 20231,
            "year": 2023,
            "quarter": 1,
            "eps": 0.26,
            "eps_growth_year": -50,
            "eps_4q": 6.43,
            "eps_4q_growth_year": 14.37,
            "roe": 0.42,
            "roe_4q": 12.31,
            "gross_profit": 856763,
            "gross_margin": 12.01,
            "gross_margin_4q_avg": 12.38,
            "net_income": 52803,
            "net_income_4q": null,
            "revenue": 7130905,
            "revenue_4q": null,
            "common_shares": 2177502,
            "book_valuer_per_share": 52.59,
            "book_valuer_per_share_4q_avg": 54.1,
            "equity": 12232368,
            "current_ratio": 160.54,
            "debt_ratio": 58.35,
            "inventory_turnover_ratio": 1.32,
            "account_receivable_turnover_ratio": 0.99,
            "reinvestment_rate": 57.26,
            "research_to_sale_ratio": 5.82,
            "price_fair": 254.63,
            "eps_avg_yearly": 7.28,
            "eps_latest_yearly": 1.04,
            "eps_growth_yearly": 334.44
        },
        "20232": {
            "year_quarter": 20232,
            "year": 2023,
            "quarter": 2,
            "eps": 1.69,
            "eps_growth_year": -8.15,
            "eps_4q": 6.3,
            "eps_4q_growth_year": -9.12,
            "roe": 3.09,
            "roe_4q": 11.46,
            "gross_profit": 1035325,
            "gross_margin": 12.39,
            "gross_margin_4q_avg": 12.35,
            "net_income": 381159,
            "net_income_4q": null,
            "revenue": 8356287,
            "revenue_4q": null,
            "common_shares": 2177422,
            "book_valuer_per_share": 53.41,
            "book_valuer_per_share_4q_avg": 54.38,
            "equity": 12440613,
            "current_ratio": 166.78,
            "debt_ratio": 57.33,
            "inventory_turnover_ratio": 1.76,
            "account_receivable_turnover_ratio": 1.36,
            "reinvestment_rate": 52.8,
            "research_to_sale_ratio": 5.73,
            "price_fair": 236.16,
            "eps_avg_yearly": 6.75,
            "eps_latest_yearly": 6.76,
            "eps_growth_yearly": 451.05
        },
        "20233": {
            "year_quarter": 20233,
            "year": 2023,
            "quarter": 3,
            "eps": 1.97,
            "eps_growth_year": -28.1,
            "eps_4q": 5.5,
            "eps_4q_growth_year": -26.33,
            "roe": 3.68,
            "roe_4q": 9.989999999999998,
            "gross_profit": 1323148,
            "gross_margin": 13.99,
            "gross_margin_4q_avg": 12.73,
            "net_income": 472173,
            "net_income_4q": null,
            "revenue": 9454858,
            "revenue_4q": null,
            "common_shares": 2193434,
            "book_valuer_per_share": 56.25,
            "book_valuer_per_share_4q_avg": 54.65,
            "equity": 13201929,
            "current_ratio": 129.69,
            "debt_ratio": 60.52,
            "inventory_turnover_ratio": 1.78,
            "account_receivable_turnover_ratio": 1.27,
            "reinvestment_rate": 62.91,
            "research_to_sale_ratio": 5.23,
            "price_fair": 215.43,
            "eps_avg_yearly": 6.16,
            "eps_latest_yearly": 7.88,
            "eps_growth_yearly": 451.64
        }
    },
    "months": {
        "2001-06": {
            "month": "2001-06",
            "price": "68.78",
            "revenue": 61078
        },
        "2001-07": {
            "month": "2001-07",
            "price": "62.33",
            "revenue": 71782
        },
        "2001-08": {
            "month": "2001-08",
            "price": "59.93",
            "revenue": 68084
        },
        "2001-09": {
            "month": "2001-09",
            "price": "44.99",
            "revenue": 55051
        },
        "2001-10": {
            "month": "2001-10",
            "price": "36.26",
            "revenue": 51253
        },
        "2001-11": {
            "month": "2001-11",
            "price": "48.21",
            "revenue": 58613
        },
        "2001-12": {
            "month": "2001-12",
            "price": "53.42",
            "revenue": 61115
        },
        "2002-01": {
            "month": "2002-01",
            "price": "62.68",
            "revenue": 63506
        },
        "2002-02": {
            "month": "2002-02",
            "price": "59.25",
            "revenue": 54579
        },
        "2002-03": {
            "month": "2002-03",
            "price": "61.93",
            "revenue": 72553
        },
        "2002-04": {
            "month": "2002-04",
            "price": "61.40",
            "revenue": 55635
        },
        "2002-05": {
            "month": "2002-05",
            "price": "46.49",
            "revenue": 48128
        },
        "2002-06": {
            "month": "2002-06",
            "price": "43.27",
            "revenue": 66725
        },
        "2002-07": {
            "month": "2002-07",
            "price": "43.73",
            "revenue": 61663
        },
        "2002-08": {
            "month": "2002-08",
            "price": "46.38",
            "revenue": 62837
        },
        "2002-09": {
            "month": "2002-09",
            "price": "41.97",
            "revenue": 77622
        },
        "2002-10": {
            "month": "2002-10",
            "price": "38.84",
            "revenue": 81968
        },
        "2002-11": {
            "month": "2002-11",
            "price": "38.97",
            "revenue": 87503
        },
        "2002-12": {
            "month": "2002-12",
            "price": "37.27",
            "revenue": 90537
        },
        "2003-01": {
            "month": "2003-01",
            "price": "37.23",
            "revenue": 70494
        },
        "2003-02": {
            "month": "2003-02",
            "price": "40.75",
            "revenue": 66759
        },
        "2003-03": {
            "month": "2003-03",
            "price": "40.26",
            "revenue": 80034
        },
        "2003-04": {
            "month": "2003-04",
            "price": "39.09",
            "revenue": 71410
        },
        "2003-05": {
            "month": "2003-05",
            "price": "37.54",
            "revenue": 109289
        },
        "2003-06": {
            "month": "2003-06",
            "price": "44.16",
            "revenue": 88509
        },
        "2003-07": {
            "month": "2003-07",
            "price": "49.84",
            "revenue": 72445
        },
        "2003-08": {
            "month": "2003-08",
            "price": "50.37",
            "revenue": 70401
        },
        "2003-09": {
            "month": "2003-09",
            "price": "57.93",
            "revenue": 87930
        },
        "2003-10": {
            "month": "2003-10",
            "price": "59.20",
            "revenue": 109291
        },
        "2003-11": {
            "month": "2003-11",
            "price": "56.90",
            "revenue": 102924
        },
        "2003-12": {
            "month": "2003-12",
            "price": "59.15",
            "revenue": 114690
        },
        "2004-01": {
            "month": "2004-01",
            "price": "59.93",
            "revenue": 121963
        },
        "2004-02": {
            "month": "2004-02",
            "price": "65.22",
            "revenue": 94911
        },
        "2004-03": {
            "month": "2004-03",
            "price": "70.50",
            "revenue": 129646
        },
        "2004-04": {
            "month": "2004-04",
            "price": "81.43",
            "revenue": 139059
        },
        "2004-05": {
            "month": "2004-05",
            "price": "79.50",
            "revenue": 160285
        },
        "2004-06": {
            "month": "2004-06",
            "price": "78.36",
            "revenue": 149388
        },
        "2004-07": {
            "month": "2004-07",
            "price": "75.50",
            "revenue": 146535
        },
        "2004-08": {
            "month": "2004-08",
            "price": "72.52",
            "revenue": 170513
        },
        "2004-09": {
            "month": "2004-09",
            "price": "78.07",
            "revenue": 175135
        },
        "2004-10": {
            "month": "2004-10",
            "price": "74.92",
            "revenue": 205054
        },
        "2004-11": {
            "month": "2004-11",
            "price": "77.11",
            "revenue": 244505
        },
        "2004-12": {
            "month": "2004-12",
            "price": "77.24",
            "revenue": 156620
        },
        "2005-01": {
            "month": "2005-01",
            "price": "74.21",
            "revenue": 158666
        },
        "2005-02": {
            "month": "2005-02",
            "price": "74.58",
            "revenue": 82834
        },
        "2005-03": {
            "month": "2005-03",
            "price": "79.85",
            "revenue": 118075
        },
        "2005-04": {
            "month": "2005-04",
            "price": "72.25",
            "revenue": 158384
        },
        "2005-05": {
            "month": "2005-05",
            "price": "73.56",
            "revenue": 152667
        },
        "2005-06": {
            "month": "2005-06",
            "price": "80.90",
            "revenue": 196570
        },
        "2005-07": {
            "month": "2005-07",
            "price": "84.08",
            "revenue": 242544
        },
        "2005-08": {
            "month": "2005-08",
            "price": "77.12",
            "revenue": 311506
        },
        "2005-09": {
            "month": "2005-09",
            "price": "78.88",
            "revenue": 393494
        },
        "2005-10": {
            "month": "2005-10",
            "price": "80.69",
            "revenue": 441659
        },
        "2005-11": {
            "month": "2005-11",
            "price": "73.80",
            "revenue": 471679
        },
        "2005-12": {
            "month": "2005-12",
            "price": "89.11",
            "revenue": 352389
        },
        "2006-01": {
            "month": "2006-01",
            "price": "100.19",
            "revenue": 341768
        },
        "2006-02": {
            "month": "2006-02",
            "price": "106.12",
            "revenue": 322244
        },
        "2006-03": {
            "month": "2006-03",
            "price": "106.30",
            "revenue": 393595
        },
        "2006-04": {
            "month": "2006-04",
            "price": "112.63",
            "revenue": 452517
        },
        "2006-05": {
            "month": "2006-05",
            "price": "110.90",
            "revenue": 480472
        },
        "2006-06": {
            "month": "2006-06",
            "price": "106.78",
            "revenue": 467753
        },
        "2006-07": {
            "month": "2006-07",
            "price": "104.23",
            "revenue": 457310
        },
        "2006-08": {
            "month": "2006-08",
            "price": "108.63",
            "revenue": 558614
        },
        "2006-09": {
            "month": "2006-09",
            "price": "117.26",
            "revenue": 599935
        },
        "2006-10": {
            "month": "2006-10",
            "price": "108.10",
            "revenue": 630435
        },
        "2006-11": {
            "month": "2006-11",
            "price": "91.36",
            "revenue": 663825
        },
        "2006-12": {
            "month": "2006-12",
            "price": "89.05",
            "revenue": 533568
        },
        "2007-01": {
            "month": "2007-01",
            "price": "98.15",
            "revenue": 681308
        },
        "2007-02": {
            "month": "2007-02",
            "price": "97.83",
            "revenue": 524811
        },
        "2007-03": {
            "month": "2007-03",
            "price": "101.47",
            "revenue": 716017
        },
        "2007-04": {
            "month": "2007-04",
            "price": "112.15",
            "revenue": 720918
        },
        "2007-05": {
            "month": "2007-05",
            "price": "113.14",
            "revenue": 658933
        },
        "2007-06": {
            "month": "2007-06",
            "price": "115.60",
            "revenue": 732890
        },
        "2007-07": {
            "month": "2007-07",
            "price": "125.77",
            "revenue": 740433
        },
        "2007-08": {
            "month": "2007-08",
            "price": "111.75",
            "revenue": 813410
        },
        "2007-09": {
            "month": "2007-09",
            "price": "117.33",
            "revenue": 852437
        },
        "2007-10": {
            "month": "2007-10",
            "price": "129.09",
            "revenue": 890219
        },
        "2007-11": {
            "month": "2007-11",
            "price": "111.14",
            "revenue": 883817
        },
        "2007-12": {
            "month": "2007-12",
            "price": "98.75",
            "revenue": 721783
        },
        "2008-01": {
            "month": "2008-01",
            "price": "80.70",
            "revenue": 803664
        },
        "2008-02": {
            "month": "2008-02",
            "price": "69.71",
            "revenue": 605584
        },
        "2008-03": {
            "month": "2008-03",
            "price": "69.39",
            "revenue": 791499
        },
        "2008-04": {
            "month": "2008-04",
            "price": "78.47",
            "revenue": 716548
        },
        "2008-05": {
            "month": "2008-05",
            "price": "77.92",
            "revenue": 625017
        },
        "2008-06": {
            "month": "2008-06",
            "price": "61.44",
            "revenue": 808435
        },
        "2008-07": {
            "month": "2008-07",
            "price": "49.27",
            "revenue": 847172
        },
        "2008-08": {
            "month": "2008-08",
            "price": "55.54",
            "revenue": 852635
        },
        "2008-09": {
            "month": "2008-09",
            "price": "48.14",
            "revenue": 871453
        },
        "2008-10": {
            "month": "2008-10",
            "price": "32.69",
            "revenue": 851864
        },
        "2008-11": {
            "month": "2008-11",
            "price": "26.92",
            "revenue": 602076
        },
        "2008-12": {
            "month": "2008-12",
            "price": "23.36",
            "revenue": 377603
        },
        "2009-01": {
            "month": "2009-01",
            "price": "24.49",
            "revenue": 261676
        },
        "2009-02": {
            "month": "2009-02",
            "price": "26.14",
            "revenue": 426090
        },
        "2009-03": {
            "month": "2009-03",
            "price": "30.12",
            "revenue": 487883
        },
        "2009-04": {
            "month": "2009-04",
            "price": "31.79",
            "revenue": 391905
        },
        "2009-05": {
            "month": "2009-05",
            "price": "34.61",
            "revenue": 460213
        },
        "2009-06": {
            "month": "2009-06",
            "price": "32.92",
            "revenue": 471736
        },
        "2009-07": {
            "month": "2009-07",
            "price": "32.18",
            "revenue": 586591
        },
        "2009-08": {
            "month": "2009-08",
            "price": "34.73",
            "revenue": 651901
        },
        "2009-09": {
            "month": "2009-09",
            "price": "37.83",
            "revenue": 776521
        },
        "2009-10": {
            "month": "2009-10",
            "price": "50.85",
            "revenue": 806094
        },
        "2009-11": {
            "month": "2009-11",
            "price": "55.37",
            "revenue": 750131
        },
        "2009-12": {
            "month": "2009-12",
            "price": "58.61",
            "revenue": 654018
        },
        "2010-01": {
            "month": "2010-01",
            "price": "63.72",
            "revenue": 545047
        },
        "2010-02": {
            "month": "2010-02",
            "price": "56.79",
            "revenue": 511772
        },
        "2010-03": {
            "month": "2010-03",
            "price": "58.82",
            "revenue": 715498
        },
        "2010-04": {
            "month": "2010-04",
            "price": "61.99",
            "revenue": 686848
        },
        "2010-05": {
            "month": "2010-05",
            "price": "53.05",
            "revenue": 621139
        },
        "2010-06": {
            "month": "2010-06",
            "price": "46.51",
            "revenue": 706023
        },
        "2010-07": {
            "month": "2010-07",
            "price": "46.43",
            "revenue": 720258
        },
        "2010-08": {
            "month": "2010-08",
            "price": "51.15",
            "revenue": 707243
        },
        "2010-09": {
            "month": "2010-09",
            "price": "54.68",
            "revenue": 746574
        },
        "2010-10": {
            "month": "2010-10",
            "price": "52.67",
            "revenue": 668409
        },
        "2010-11": {
            "month": "2010-11",
            "price": "48.46",
            "revenue": 802782
        },
        "2010-12": {
            "month": "2010-12",
            "price": "52.16",
            "revenue": 721600
        },
        "2011-01": {
            "month": "2011-01",
            "price": "52.40",
            "revenue": 626667
        },
        "2011-02": {
            "month": "2011-02",
            "price": "48.65",
            "revenue": 403945
        },
        "2011-03": {
            "month": "2011-03",
            "price": "46.18",
            "revenue": 706986
        },
        "2011-04": {
            "month": "2011-04",
            "price": "47.12",
            "revenue": 524757
        },
        "2011-05": {
            "month": "2011-05",
            "price": "43.00",
            "revenue": 602726
        },
        "2011-06": {
            "month": "2011-06",
            "price": "43.04",
            "revenue": 634388
        },
        "2011-07": {
            "month": "2011-07",
            "price": "39.21",
            "revenue": 528076
        },
        "2011-08": {
            "month": "2011-08",
            "price": "31.11",
            "revenue": 590863
        },
        "2011-09": {
            "month": "2011-09",
            "price": "30.20",
            "revenue": 775423
        },
        "2011-10": {
            "month": "2011-10",
            "price": "35.54",
            "revenue": 701706
        },
        "2011-11": {
            "month": "2011-11",
            "price": "33.38",
            "revenue": 880410
        },
        "2011-12": {
            "month": "2011-12",
            "price": "31.94",
            "revenue": 856292
        },
        "2012-01": {
            "month": "2012-01",
            "price": "34.38",
            "revenue": 583615
        },
        "2012-02": {
            "month": "2012-02",
            "price": "43.84",
            "revenue": 672328
        },
        "2012-03": {
            "month": "2012-03",
            "price": "45.98",
            "revenue": 836591
        },
        "2012-04": {
            "month": "2012-04",
            "price": "49.00",
            "revenue": 650145
        },
        "2012-05": {
            "month": "2012-05",
            "price": "52.05",
            "revenue": 571742
        },
        "2012-06": {
            "month": "2012-06",
            "price": "40.43",
            "revenue": 602986
        },
        "2012-07": {
            "month": "2012-07",
            "price": "41.48",
            "revenue": 498045
        },
        "2012-08": {
            "month": "2012-08",
            "price": "39.30",
            "revenue": 611431
        },
        "2012-09": {
            "month": "2012-09",
            "price": "44.40",
            "revenue": 585353
        },
        "2012-10": {
            "month": "2012-10",
            "price": "43.45",
            "revenue": 620232
        },
        "2012-11": {
            "month": "2012-11",
            "price": "35.67",
            "revenue": 711771
        },
        "2012-12": {
            "month": "2012-12",
            "price": "37.91",
            "revenue": 771133
        },
        "2013-01": {
            "month": "2013-01",
            "price": "40.66",
            "revenue": 846751
        },
        "2013-02": {
            "month": "2013-02",
            "price": "42.18",
            "revenue": 565682
        },
        "2013-03": {
            "month": "2013-03",
            "price": "47.29",
            "revenue": 866993
        },
        "2013-04": {
            "month": "2013-04",
            "price": "47.61",
            "revenue": 711141
        },
        "2013-05": {
            "month": "2013-05",
            "price": "54.52",
            "revenue": 751264
        },
        "2013-06": {
            "month": "2013-06",
            "price": "62.54",
            "revenue": 759501
        },
        "2013-07": {
            "month": "2013-07",
            "price": "66.07",
            "revenue": 916591
        },
        "2013-08": {
            "month": "2013-08",
            "price": "69.61",
            "revenue": 1063194
        },
        "2013-09": {
            "month": "2013-09",
            "price": "81.36",
            "revenue": 1038052
        },
        "2013-10": {
            "month": "2013-10",
            "price": "90.65",
            "revenue": 1131628
        },
        "2013-11": {
            "month": "2013-11",
            "price": "113.61",
            "revenue": 1365558
        },
        "2013-12": {
            "month": "2013-12",
            "price": "146.39",
            "revenue": 1217226
        },
        "2014-01": {
            "month": "2014-01",
            "price": "162.89",
            "revenue": 979099
        },
        "2014-02": {
            "month": "2014-02",
            "price": "172.18",
            "revenue": 644068
        },
        "2014-03": {
            "month": "2014-03",
            "price": "175.26",
            "revenue": 1041582
        },
        "2014-04": {
            "month": "2014-04",
            "price": "162.98",
            "revenue": 1117813
        },
        "2014-05": {
            "month": "2014-05",
            "price": "173.55",
            "revenue": 874362
        },
        "2014-06": {
            "month": "2014-06",
            "price": "167.35",
            "revenue": 930310
        },
        "2014-07": {
            "month": "2014-07",
            "price": "165.23",
            "revenue": 1056431
        },
        "2014-08": {
            "month": "2014-08",
            "price": "163.12",
            "revenue": 1137179
        },
        "2014-09": {
            "month": "2014-09",
            "price": "162.62",
            "revenue": 1259086
        },
        "2014-10": {
            "month": "2014-10",
            "price": "124.34",
            "revenue": 1112201
        },
        "2014-11": {
            "month": "2014-11",
            "price": "112.45",
            "revenue": 1124199
        },
        "2014-12": {
            "month": "2014-12",
            "price": "109.88",
            "revenue": 1047042
        },
        "2015-01": {
            "month": "2015-01",
            "price": "107.60",
            "revenue": 1054090
        },
        "2015-02": {
            "month": "2015-02",
            "price": "105.50",
            "revenue": 664216
        },
        "2015-03": {
            "month": "2015-03",
            "price": "103.43",
            "revenue": 986230
        },
        "2015-04": {
            "month": "2015-04",
            "price": "88.68",
            "revenue": 860773
        },
        "2015-05": {
            "month": "2015-05",
            "price": "66.15",
            "revenue": 849992
        },
        "2015-06": {
            "month": "2015-06",
            "price": "66.01",
            "revenue": 899962
        },
        "2015-07": {
            "month": "2015-07",
            "price": "61.72",
            "revenue": 923950
        },
        "2015-08": {
            "month": "2015-08",
            "price": "38.85",
            "revenue": 1042266
        },
        "2015-09": {
            "month": "2015-09",
            "price": "42.74",
            "revenue": 1350015
        },
        "2015-10": {
            "month": "2015-10",
            "price": "57.26",
            "revenue": 1380070
        },
        "2015-11": {
            "month": "2015-11",
            "price": "65.32",
            "revenue": 1188581
        },
        "2015-12": {
            "month": "2015-12",
            "price": "61.27",
            "revenue": 1038126
        },
        "2016-01": {
            "month": "2016-01",
            "price": "52.87",
            "revenue": 958137
        },
        "2016-02": {
            "month": "2016-02",
            "price": "56.17",
            "revenue": 431972
        },
        "2016-03": {
            "month": "2016-03",
            "price": "56.57",
            "revenue": 869687
        },
        "2016-04": {
            "month": "2016-04",
            "price": "59.51",
            "revenue": 1158565
        },
        "2016-05": {
            "month": "2016-05",
            "price": "66.52",
            "revenue": 1131393
        },
        "2016-06": {
            "month": "2016-06",
            "price": "69.32",
            "revenue": 1409432
        },
        "2016-07": {
            "month": "2016-07",
            "price": "77.29",
            "revenue": 1484369
        },
        "2016-08": {
            "month": "2016-08",
            "price": "111.17",
            "revenue": 1681828
        },
        "2016-09": {
            "month": "2016-09",
            "price": "114.53",
            "revenue": 1756453
        },
        "2016-10": {
            "month": "2016-10",
            "price": "123.48",
            "revenue": 1947514
        },
        "2016-11": {
            "month": "2016-11",
            "price": "117.80",
            "revenue": 2090922
        },
        "2016-12": {
            "month": "2016-12",
            "price": "123.34",
            "revenue": 1998798
        },
        "2017-01": {
            "month": "2017-01",
            "price": "123.72",
            "revenue": 1419388
        },
        "2017-02": {
            "month": "2017-02",
            "price": "135.72",
            "revenue": 1227321
        },
        "2017-03": {
            "month": "2017-03",
            "price": "151.26",
            "revenue": 1862924
        },
        "2017-04": {
            "month": "2017-04",
            "price": "156.86",
            "revenue": 1620764
        },
        "2017-05": {
            "month": "2017-05",
            "price": "183.48",
            "revenue": 1851405
        },
        "2017-06": {
            "month": "2017-06",
            "price": "185.41",
            "revenue": 1895281
        },
        "2017-07": {
            "month": "2017-07",
            "price": "202.67",
            "revenue": 1577209
        },
        "2017-08": {
            "month": "2017-08",
            "price": "239.91",
            "revenue": 2392315
        },
        "2017-09": {
            "month": "2017-09",
            "price": "220.93",
            "revenue": 2532602
        },
        "2017-10": {
            "month": "2017-10",
            "price": "208.13",
            "revenue": 3383878
        },
        "2017-11": {
            "month": "2017-11",
            "price": "221.00",
            "revenue": 3521710
        },
        "2017-12": {
            "month": "2017-12",
            "price": "202.26",
            "revenue": 3390960
        },
        "2018-01": {
            "month": "2018-01",
            "price": "184.23",
            "revenue": 2093787
        },
        "2018-02": {
            "month": "2018-02",
            "price": "175.92",
            "revenue": 883380
        },
        "2018-03": {
            "month": "2018-03",
            "price": "166.46",
            "revenue": 1372483
        },
        "2018-04": {
            "month": "2018-04",
            "price": "146.56",
            "revenue": 1855735
        },
        "2018-05": {
            "month": "2018-05",
            "price": "145.18",
            "revenue": 2275038
        },
        "2018-06": {
            "month": "2018-06",
            "price": "148.35",
            "revenue": 2590379
        },
        "2018-07": {
            "month": "2018-07",
            "price": "134.39",
            "revenue": 2918587
        },
        "2018-08": {
            "month": "2018-08",
            "price": "158.09",
            "revenue": 3580811
        },
        "2018-09": {
            "month": "2018-09",
            "price": "152.53",
            "revenue": 4564775
        },
        "2018-10": {
            "month": "2018-10",
            "price": "143.75",
            "revenue": 4849161
        },
        "2018-11": {
            "month": "2018-11",
            "price": "126.30",
            "revenue": 4744235
        },
        "2018-12": {
            "month": "2018-12",
            "price": "128.45",
            "revenue": 3789985
        },
        "2019-01": {
            "month": "2019-01",
            "price": "138.62",
            "revenue": 2918940
        },
        "2019-02": {
            "month": "2019-02",
            "price": "163.15",
            "revenue": 1311738
        },
        "2019-03": {
            "month": "2019-03",
            "price": "175.18",
            "revenue": 3380856
        },
        "2019-04": {
            "month": "2019-04",
            "price": "175.75",
            "revenue": 3361223
        },
        "2019-05": {
            "month": "2019-05",
            "price": "166.91",
            "revenue": 3665768
        },
        "2019-06": {
            "month": "2019-06",
            "price": "165.34",
            "revenue": 2963050
        },
        "2019-07": {
            "month": "2019-07",
            "price": "164.26",
            "revenue": 3051910
        },
        "2019-08": {
            "month": "2019-08",
            "price": "148.07",
            "revenue": 3582689
        },
        "2019-09": {
            "month": "2019-09",
            "price": "150.76",
            "revenue": 3550645
        },
        "2019-10": {
            "month": "2019-10",
            "price": "154.26",
            "revenue": 3456947
        },
        "2019-11": {
            "month": "2019-11",
            "price": "149.81",
            "revenue": 2780800
        },
        "2019-12": {
            "month": "2019-12",
            "price": "163.50",
            "revenue": 2411510
        },
        "2020-01": {
            "month": "2020-01",
            "price": "163.07",
            "revenue": 1853159
        },
        "2020-02": {
            "month": "2020-02",
            "price": "145.66",
            "revenue": 710110
        },
        "2020-03": {
            "month": "2020-03",
            "price": "129.30",
            "revenue": 2627338
        },
        "2020-04": {
            "month": "2020-04",
            "price": "131.95",
            "revenue": 2068643
        },
        "2020-05": {
            "month": "2020-05",
            "price": "132.52",
            "revenue": 2166735
        },
        "2020-06": {
            "month": "2020-06",
            "price": "137.52",
            "revenue": 2205230
        },
        "2020-07": {
            "month": "2020-07",
            "price": "144.67",
            "revenue": 2492807
        },
        "2020-08": {
            "month": "2020-08",
            "price": "163.02",
            "revenue": 2660172
        },
        "2020-09": {
            "month": "2020-09",
            "price": "151.93",
            "revenue": 4964147
        },
        "2020-10": {
            "month": "2020-10",
            "price": "150.29",
            "revenue": 4188080
        },
        "2020-11": {
            "month": "2020-11",
            "price": "140.62",
            "revenue": 4569397
        },
        "2020-12": {
            "month": "2020-12",
            "price": "148.07",
            "revenue": 3946322
        },
        "2021-01": {
            "month": "2021-01",
            "price": "140.22",
            "revenue": 3254313
        },
        "2021-02": {
            "month": "2021-02",
            "price": "134.35",
            "revenue": 1986006
        },
        "2021-03": {
            "month": "2021-03",
            "price": "134.11",
            "revenue": 2494730
        },
        "2021-04": {
            "month": "2021-04",
            "price": "129.34",
            "revenue": 2830459
        },
        "2021-05": {
            "month": "2021-05",
            "price": "105.67",
            "revenue": 2744608
        },
        "2021-06": {
            "month": "2021-06",
            "price": "106.45",
            "revenue": 2595484
        },
        "2021-07": {
            "month": "2021-07",
            "price": "108.55",
            "revenue": 2478705
        },
        "2021-08": {
            "month": "2021-08",
            "price": "105.89",
            "revenue": 2542511
        },
        "2021-09": {
            "month": "2021-09",
            "price": "94.90",
            "revenue": 3443415
        },
        "2021-10": {
            "month": "2021-10",
            "price": "81.88",
            "revenue": 3658923
        },
        "2021-11": {
            "month": "2021-11",
            "price": "93.20",
            "revenue": 4468241
        },
        "2021-12": {
            "month": "2021-12",
            "price": "94.89",
            "revenue": 3683850
        },
        "2022-01": {
            "month": "2022-01",
            "price": "91.51",
            "revenue": 2374754
        },
        "2022-02": {
            "month": "2022-02",
            "price": "86.69",
            "revenue": 1454247
        },
        "2022-03": {
            "month": "2022-03",
            "price": "82.38",
            "revenue": 2189938
        },
        "2022-04": {
            "month": "2022-04",
            "price": "81.97",
            "revenue": 2113643
        },
        "2022-05": {
            "month": "2022-05",
            "price": "80.49",
            "revenue": 2866873
        },
        "2022-06": {
            "month": "2022-06",
            "price": "80.53",
            "revenue": 3033457
        },
        "2022-07": {
            "month": "2022-07",
            "price": "72.79",
            "revenue": 3290225
        },
        "2022-08": {
            "month": "2022-08",
            "price": "83.02",
            "revenue": 3716353
        },
        "2022-09": {
            "month": "2022-09",
            "price": "88.25",
            "revenue": 4074768
        },
        "2022-10": {
            "month": "2022-10",
            "price": "85.18",
            "revenue": 4224308
        },
        "2022-11": {
            "month": "2022-11",
            "price": "84.65",
            "revenue": 3124607
        },
        "2022-12": {
            "month": "2022-12",
            "price": "81.32",
            "revenue": 3032043
        },
        "2023-01": {
            "month": "2023-01",
            "price": "79.95",
            "revenue": 2694480
        },
        "2023-02": {
            "month": "2023-02",
            "price": "83.64",
            "revenue": 1935370
        },
        "2023-03": {
            "month": "2023-03",
            "price": "87.06",
            "revenue": 2500910
        },
        "2023-04": {
            "month": "2023-04",
            "price": "88.53",
            "revenue": 2575636
        },
        "2023-05": {
            "month": "2023-05",
            "price": "87.43",
            "revenue": 3149657
        },
        "2023-06": {
            "month": "2023-06",
            "price": "93.68",
            "revenue": 2636640
        },
        "2023-07": {
            "month": "2023-07",
            "price": "93.03",
            "revenue": 2395737
        },
        "2023-08": {
            "month": "2023-08",
            "price": "88.85",
            "revenue": 2583492
        },
        "2023-09": {
            "month": "2023-09",
            "price": "85.98",
            "revenue": 4502585
        },
        "2023-10": {
            "month": "2023-10",
            "price": "88.34",
            "revenue": 4540138
        },
        "2023-11": {
            "month": "2023-11",
            "price": "104.01",
            "revenue": 4068222
        },
        "2023-12": {
            "month": "2023-12",
            "price": "115.07",
            "revenue": 3142205
        }
    }
}
