{
    "summary": {
        "stock_name": "太空梭",
        "stock_id": "2440",
        "category": "電子零組件",
        "main_business": "3C產品用線<br>3C連接組裝產品<br>銅材",
        "website_url": "http://www.spaces.com.tw",
        "ceo": "王玄輝",
        "pe_ratio": -34,
        "report_year_from": 2001,
        "report_year_to": 2023,
        "age": 22,
        "eps_negative_percentage": 65,
        "eps_growth_avg": {
            "last_all": -61.52,
            "last_2y": -76.27,
            "last_4y": -84.18,
            "last_8y": -38.13,
            "last_12y": -48.7,
            "last_16y": -56.03,
            "last_20y": -61.52,
            "at_2006_last_3y": null,
            "at_2007_last_3y": null,
            "at_2008_last_3y": -100,
            "at_2009_last_3y": -100,
            "at_2010_last_3y": -69.83,
            "at_2011_last_3y": -79.89,
            "at_2012_last_3y": -69.83,
            "at_2013_last_3y": -69.83,
            "at_2014_last_3y": -100,
            "at_2015_last_3y": null,
            "at_2016_last_3y": null,
            "at_2017_last_3y": 100,
            "at_2018_last_3y": 0,
            "at_2019_last_3y": 0,
            "at_2020_last_3y": 0,
            "at_2021_last_3y": -76.27,
            "at_2022_last_3y": -76.27,
            "at_2023_last_3y": -76.27,
            "at_2006_last_all": -100,
            "at_2007_last_all": -100,
            "at_2008_last_all": -100,
            "at_2009_last_all": -100,
            "at_2010_last_all": -79.89,
            "at_2011_last_all": -84.91,
            "at_2012_last_all": -84.91,
            "at_2013_last_all": -84.91,
            "at_2014_last_all": -84.91,
            "at_2015_last_all": -84.91,
            "at_2016_last_all": -84.91,
            "at_2017_last_all": -47.93,
            "at_2018_last_all": -56.61,
            "at_2019_last_all": -56.61,
            "at_2020_last_all": -56.61,
            "at_2021_last_all": -56.03,
            "at_2022_last_all": -61.52,
            "at_2023_last_all": -61.52
        },
        "latest_eps": -0.33,
        "latest_price": 11.35,
        "latest_roe": -3.24,
        "latest_gross_margin": 2.58,
        "latest_equity": 1366117,
        "latest_revenue": 630829,
        "latest_gross_profit": 16263,
        "latest_net_income": -22359,
        "latest_debt_ratio": 34.83,
        "latest_current_ratio": 264.2,
        "latest_account_receivable_turnover_ratio": 0.81,
        "latest_inventory_turnover_ratio": 2.41,
        "latest_reinvestment_rate": -34.62,
        "latest_research_to_sale_ratio": 0.25
    },
    "eps_dividends": {
        "2001": {
            "cash": 0,
            "stock": 2,
            "eps": 0.04
        },
        "2002": {
            "cash": 0,
            "stock": 1,
            "eps": -0.32
        },
        "2003": {
            "cash": 0,
            "stock": 0,
            "eps": -1.71
        },
        "2004": {
            "cash": 0,
            "stock": 0,
            "eps": -0.01
        },
        "2005": {
            "cash": 0,
            "stock": 0,
            "eps": -3.36
        },
        "2006": {
            "cash": 0,
            "stock": 0,
            "eps": -1.28
        },
        "2007": {
            "cash": 0,
            "stock": 0,
            "eps": 0.61
        },
        "2008": {
            "cash": 0,
            "stock": 0,
            "eps": -2.81
        },
        "2009": {
            "cash": 0,
            "stock": 0,
            "eps": 0.58
        },
        "2010": {
            "cash": 1,
            "stock": 0,
            "eps": 0.35
        },
        "2011": {
            "cash": 0,
            "stock": 0,
            "eps": -0.66
        },
        "2012": {
            "cash": 0,
            "stock": 0,
            "eps": -1.36
        },
        "2013": {
            "cash": 0,
            "stock": 0,
            "eps": -0.55
        },
        "2014": {
            "cash": 0,
            "stock": 0,
            "eps": -0.07
        },
        "2015": {
            "cash": 0,
            "stock": 0,
            "eps": -0.18
        },
        "2016": {
            "cash": 0,
            "stock": 0,
            "eps": 0.07
        },
        "2017": {
            "cash": 0,
            "stock": 0,
            "eps": 0.85
        },
        "2018": {
            "cash": 0,
            "stock": 0,
            "eps": -0.42
        },
        "2019": {
            "cash": 0,
            "stock": 0,
            "eps": -0.27
        },
        "2020": {
            "cash": 0,
            "stock": 0,
            "eps": 1.58
        },
        "2021": {
            "cash": 0,
            "stock": 0,
            "eps": 0.75
        },
        "2022": {
            "cash": 0,
            "stock": 0,
            "eps": -0.17
        },
        "2023": {
            "cash": 0,
            "stock": 0,
            "eps": -0.16
        }
    },
    "dividends": {
        "2001-04-13": {
            "cash": 0,
            "stock": 1.5
        },
        "2002-06-14": {
            "cash": 0,
            "stock": 0.5
        },
        "2003-06-12": {
            "cash": 0,
            "stock": 0.43
        },
        "2008-04-01": {
            "cash": 0.4,
            "stock": 0.3
        },
        "2010-04-29": {
            "cash": 0.67,
            "stock": 0
        }
    },
    "prices": {
        "200101": "18.57",
        "200102": "22.64",
        "200103": "22.43",
        "200104": "25.16",
        "200105": "21.43",
        "200106": "20.22",
        "200107": "16.17",
        "200108": "16.30",
        "200109": "11.14",
        "200110": "9.83",
        "200111": "10.59",
        "200112": "12.33",
        "200201": "15.37",
        "200202": "18.86",
        "200203": "24.45",
        "200204": "25.92",
        "200205": "20.45",
        "200206": "17.95",
        "200207": "15.31",
        "200208": "14.20",
        "200209": "12.51",
        "200210": "10.63",
        "200211": "11.76",
        "200212": "10.76",
        "200301": "10.27",
        "200302": "9.79",
        "200303": "9.77",
        "200304": "10.55",
        "200305": "10.50",
        "200306": "12.29",
        "200307": "11.80",
        "200308": "10.90",
        "200309": "10.11",
        "200310": "9.39",
        "200311": "8.86",
        "200312": "8.88",
        "200401": "9.29",
        "200402": "11.79",
        "200403": "10.62",
        "200404": "9.44",
        "200405": "7.04",
        "200406": "6.12",
        "200407": "5.08",
        "200408": "4.34",
        "200409": "4.43",
        "200410": "4.34",
        "200411": "4.32",
        "200412": "3.96",
        "200501": "3.69",
        "200502": "3.80",
        "200503": "4.34",
        "200504": "3.68",
        "200505": "3.74",
        "200506": "3.60",
        "200507": "3.76",
        "200508": "3.26",
        "200509": "2.88",
        "200510": "2.72",
        "200511": "2.72",
        "200512": "3.57",
        "200601": "3.64",
        "200602": "3.15",
        "200603": "2.94",
        "200604": "3.12",
        "200605": "3.19",
        "200606": "3.58",
        "200607": "3.07",
        "200608": "3.03",
        "200609": "2.82",
        "200610": "3.49",
        "200611": "6.06",
        "200612": "6.85",
        "200701": "6.23",
        "200702": "6.14",
        "200703": "6.18",
        "200704": "7.46",
        "200705": "8.92",
        "200706": "13.53",
        "200707": "13.11",
        "200708": "12.10",
        "200709": "11.26",
        "200710": "11.02",
        "200711": "13.48",
        "200712": "10.96",
        "200801": "8.48",
        "200802": "7.96",
        "200803": "9.03",
        "200804": "10.87",
        "200805": "10.77",
        "200806": "10.25",
        "200807": "8.04",
        "200808": "7.39",
        "200809": "5.84",
        "200810": "5.09",
        "200811": "5.45",
        "200812": "5.03",
        "200901": "4.44",
        "200902": "3.84",
        "200903": "4.90",
        "200904": "6.07",
        "200905": "6.03",
        "200906": "4.91",
        "200907": "4.99",
        "200908": "5.53",
        "200909": "6.48",
        "200910": "9.44",
        "200911": "9.67",
        "200912": "11.93",
        "201001": "12.56",
        "201002": "10.91",
        "201003": "11.84",
        "201004": "12.32",
        "201005": "11.19",
        "201006": "11.07",
        "201007": "11.56",
        "201008": "11.82",
        "201009": "10.47",
        "201010": "10.01",
        "201011": "8.42",
        "201012": "9.09",
        "201101": "9.00",
        "201102": "8.45",
        "201103": "7.87",
        "201104": "7.63",
        "201105": "7.25",
        "201106": "7.38",
        "201107": "7.08",
        "201108": "6.87",
        "201109": "6.64",
        "201110": "6.14",
        "201111": "6.22",
        "201112": "6.02",
        "201201": "5.71",
        "201202": "6.89",
        "201203": "6.57",
        "201204": "5.61",
        "201205": "4.93",
        "201206": "4.61",
        "201207": "4.41",
        "201208": "4.54",
        "201209": "6.19",
        "201210": "5.89",
        "201211": "5.57",
        "201212": "6.94",
        "201301": "7.01",
        "201302": "6.64",
        "201303": "6.61",
        "201304": "6.95",
        "201305": "7.00",
        "201306": "7.27",
        "201307": "7.68",
        "201308": "7.71",
        "201309": "8.04",
        "201310": "8.03",
        "201311": "9.66",
        "201312": "10.44",
        "201401": "10.83",
        "201402": "10.58",
        "201403": "10.98",
        "201404": "11.97",
        "201405": "11.78",
        "201406": "11.42",
        "201407": "11.09",
        "201408": "10.23",
        "201409": "10.45",
        "201410": "9.64",
        "201411": "10.22",
        "201412": "10.39",
        "201501": "10.36",
        "201502": "10.32",
        "201503": "10.04",
        "201504": "9.67",
        "201505": "9.52",
        "201506": "7.51",
        "201507": "8.96",
        "201508": "9.06",
        "201509": "8.69",
        "201510": "8.27",
        "201511": "7.98",
        "201512": "7.71",
        "201601": "7.55",
        "201602": "8.06",
        "201603": "8.27",
        "201604": "8.65",
        "201605": "8.76",
        "201606": "8.83",
        "201607": "8.26",
        "201608": "8.20",
        "201609": "8.85",
        "201610": "8.32",
        "201611": "8.76",
        "201612": "8.74",
        "201701": "9.47",
        "201702": "9.78",
        "201703": "10.17",
        "201704": "10.39",
        "201705": "10.52",
        "201706": "10.49",
        "201707": "10.97",
        "201708": "10.24",
        "201709": "10.32",
        "201710": "10.48",
        "201711": "10.59",
        "201712": "10.27",
        "201801": "10.45",
        "201802": "10.25",
        "201803": "13.66",
        "201804": "11.98",
        "201805": "11.21",
        "201806": "12.61",
        "201807": "10.99",
        "201808": "9.88",
        "201809": "8.99",
        "201810": "7.69",
        "201811": "7.83",
        "201812": "9.19",
        "201901": "9.46",
        "201902": "10.05",
        "201903": "9.98",
        "201904": "9.74",
        "201905": "8.79",
        "201906": "8.42",
        "201907": "8.41",
        "201908": "7.98",
        "201909": "8.04",
        "201910": "7.97",
        "201911": "8.83",
        "201912": "9.33",
        "202001": "9.51",
        "202002": "8.98",
        "202003": "7.46",
        "202004": "8.91",
        "202005": "8.85",
        "202006": "8.41",
        "202007": "8.39",
        "202008": "10.35",
        "202009": "11.96",
        "202010": "11.47",
        "202011": "11.61",
        "202012": "13.44",
        "202101": "13.32",
        "202102": "12.88",
        "202103": "14.16",
        "202104": "21.47",
        "202105": "19.09",
        "202106": "19.25",
        "202107": "22.65",
        "202108": "17.61",
        "202109": "14.65",
        "202110": "13.92",
        "202111": "16.68",
        "202112": "17.59",
        "202201": "17.92",
        "202202": "16.83",
        "202203": "15.15",
        "202204": "14.50",
        "202205": "13.45",
        "202206": "12.93",
        "202207": "12.05",
        "202208": "14.15",
        "202209": "12.63",
        "202210": "12.11",
        "202211": "12.61",
        "202212": "12.38",
        "202301": "11.91",
        "202302": "11.92",
        "202303": "11.57",
        "202304": "11.53",
        "202305": "11.47"
    },
    "quarters": {
        "20011": {
            "year_quarter": 20011,
            "year": 2001,
            "quarter": 1,
            "eps": 0.12,
            "eps_growth_year": -70.73,
            "eps_4q": 1.32,
            "eps_4q_growth_year": -26.68,
            "roe": 0.84,
            "roe_4q": 0.84,
            "gross_profit": 91492,
            "gross_margin": 16.68,
            "gross_margin_4q_avg": 16.68,
            "net_income": 12887,
            "revenue": 548667,
            "common_shares": 1072000,
            "book_valuer_per_share": 14.33,
            "book_valuer_per_share_4q_avg": 14.33,
            "equity": 1536624,
            "current_ratio": 134.49,
            "debt_ratio": 56.05,
            "inventory_turnover_ratio": 1.16,
            "account_receivable_turnover_ratio": null,
            "reinvestment_rate": null,
            "research_to_sale_ratio": null,
            "price_fair": 0,
            "eps_avg_yearly": 0,
            "eps_latest_yearly": 0,
            "eps_growth_yearly": 0
        },
        "20012": {
            "year_quarter": 20012,
            "year": 2001,
            "quarter": 2,
            "eps": -0.81,
            "eps_growth_year": -265.31,
            "eps_4q": -0.04,
            "eps_4q_growth_year": -101.92,
            "roe": -6.66,
            "roe_4q": -5.82,
            "gross_profit": 73849,
            "gross_margin": 13.46,
            "gross_margin_4q_avg": 15.07,
            "net_income": -100527,
            "revenue": 548778,
            "common_shares": 1072000,
            "book_valuer_per_share": 13.81,
            "book_valuer_per_share_4q_avg": 14.07,
            "equity": 1480219,
            "current_ratio": 140.12,
            "debt_ratio": 55.52,
            "inventory_turnover_ratio": 1.08,
            "account_receivable_turnover_ratio": null,
            "reinvestment_rate": null,
            "research_to_sale_ratio": null,
            "price_fair": 0,
            "eps_avg_yearly": 0,
            "eps_latest_yearly": 0,
            "eps_growth_yearly": 0
        },
        "20013": {
            "year_quarter": 20013,
            "year": 2001,
            "quarter": 3,
            "eps": 0.98,
            "eps_growth_year": 237.93,
            "eps_4q": 0.7,
            "eps_4q_growth_year": -60.07,
            "roe": 7.29,
            "roe_4q": 1.4699999999999998,
            "gross_profit": 132180,
            "gross_margin": 16.65,
            "gross_margin_4q_avg": 15.6,
            "net_income": 123976,
            "revenue": 793949,
            "common_shares": 1500000,
            "book_valuer_per_share": 12.82,
            "book_valuer_per_share_4q_avg": 13.65,
            "equity": 1923322,
            "current_ratio": 135.08,
            "debt_ratio": 49.38,
            "inventory_turnover_ratio": 1.15,
            "account_receivable_turnover_ratio": null,
            "reinvestment_rate": null,
            "research_to_sale_ratio": null,
            "price_fair": 0,
            "eps_avg_yearly": 0,
            "eps_latest_yearly": 0,
            "eps_growth_yearly": 0
        },
        "20014": {
            "year_quarter": 20014,
            "year": 2001,
            "quarter": 4,
            "eps": -0.25,
            "eps_growth_year": -151.02,
            "eps_4q": 0.02,
            "eps_4q_growth_year": -98.72,
            "roe": -1.76,
            "roe_4q": -0.2899999999999999,
            "gross_profit": 38501,
            "gross_margin": 7.18,
            "gross_margin_4q_avg": 13.49,
            "net_income": -33651,
            "revenue": 535999,
            "common_shares": 1500000,
            "book_valuer_per_share": 12.67,
            "book_valuer_per_share_4q_avg": 13.41,
            "equity": 1899920,
            "current_ratio": 116.16,
            "debt_ratio": 50.92,
            "inventory_turnover_ratio": 0.78,
            "account_receivable_turnover_ratio": null,
            "reinvestment_rate": null,
            "research_to_sale_ratio": null,
            "price_fair": 0,
            "eps_avg_yearly": 0,
            "eps_latest_yearly": 0,
            "eps_growth_yearly": 0
        },
        "20021": {
            "year_quarter": 20021,
            "year": 2002,
            "quarter": 1,
            "eps": 0.09,
            "eps_growth_year": -25,
            "eps_4q": 0.02,
            "eps_4q_growth_year": -98.26,
            "roe": 0.72,
            "roe_4q": -0.41000000000000014,
            "gross_profit": 48173,
            "gross_margin": 6.95,
            "gross_margin_4q_avg": 11.06,
            "net_income": 13722,
            "revenue": 693562,
            "common_shares": 1500000,
            "book_valuer_per_share": 12.76,
            "book_valuer_per_share_4q_avg": 13.02,
            "equity": 1913643,
            "current_ratio": 128.15,
            "debt_ratio": 49.8,
            "inventory_turnover_ratio": 1.05,
            "account_receivable_turnover_ratio": null,
            "reinvestment_rate": null,
            "research_to_sale_ratio": null,
            "price_fair": 0,
            "eps_avg_yearly": 0,
            "eps_latest_yearly": 0,
            "eps_growth_yearly": 0
        },
        "20022": {
            "year_quarter": 20022,
            "year": 2002,
            "quarter": 2,
            "eps": -0.45,
            "eps_growth_year": null,
            "eps_4q": 0.22,
            "eps_4q_growth_year": null,
            "roe": -3.85,
            "roe_4q": 2.4000000000000004,
            "gross_profit": 42050,
            "gross_margin": 6.56,
            "gross_margin_4q_avg": 9.34,
            "net_income": -71768,
            "revenue": 641411,
            "common_shares": 1500000,
            "book_valuer_per_share": 12.09,
            "book_valuer_per_share_4q_avg": 12.59,
            "equity": 1813857,
            "current_ratio": 134.32,
            "debt_ratio": 50.26,
            "inventory_turnover_ratio": 0.92,
            "account_receivable_turnover_ratio": null,
            "reinvestment_rate": null,
            "research_to_sale_ratio": null,
            "price_fair": 0,
            "eps_avg_yearly": 0,
            "eps_latest_yearly": 0,
            "eps_growth_yearly": 0
        },
        "20023": {
            "year_quarter": 20023,
            "year": 2002,
            "quarter": 3,
            "eps": 0.08,
            "eps_growth_year": -91.84,
            "eps_4q": -0.49,
            "eps_4q_growth_year": -169.49,
            "roe": 0.71,
            "roe_4q": -4.18,
            "gross_profit": 61882,
            "gross_margin": 9.47,
            "gross_margin_4q_avg": 7.54,
            "net_income": 12890,
            "revenue": 653785,
            "common_shares": 1577580,
            "book_valuer_per_share": 11.62,
            "book_valuer_per_share_4q_avg": 12.29,
            "equity": 1833584,
            "current_ratio": 134.36,
            "debt_ratio": 51.72,
            "inventory_turnover_ratio": 0.86,
            "account_receivable_turnover_ratio": null,
            "reinvestment_rate": null,
            "research_to_sale_ratio": null,
            "price_fair": 0,
            "eps_avg_yearly": 0,
            "eps_latest_yearly": 0,
            "eps_growth_yearly": 0
        },
        "20024": {
            "year_quarter": 20024,
            "year": 2002,
            "quarter": 4,
            "eps": -0.04,
            "eps_growth_year": null,
            "eps_4q": -0.33,
            "eps_4q_growth_year": -1750,
            "roe": -0.34,
            "roe_4q": -2.76,
            "gross_profit": 132238,
            "gross_margin": 17.58,
            "gross_margin_4q_avg": 10.14,
            "net_income": -6324,
            "revenue": 752160,
            "common_shares": 1577580,
            "book_valuer_per_share": 11.65,
            "book_valuer_per_share_4q_avg": 12.03,
            "equity": 1838439,
            "current_ratio": 154.55,
            "debt_ratio": 61.73,
            "inventory_turnover_ratio": 0.8,
            "account_receivable_turnover_ratio": null,
            "reinvestment_rate": -12.07,
            "research_to_sale_ratio": null,
            "price_fair": 0,
            "eps_avg_yearly": 0,
            "eps_latest_yearly": 0,
            "eps_growth_yearly": 0
        },
        "20031": {
            "year_quarter": 20031,
            "year": 2003,
            "quarter": 1,
            "eps": -0.63,
            "eps_growth_year": -800,
            "eps_4q": -1.04,
            "eps_4q_growth_year": -4612.01,
            "roe": -5.53,
            "roe_4q": -9.01,
            "gross_profit": -16272,
            "gross_margin": -2.47,
            "gross_margin_4q_avg": 7.79,
            "net_income": -99778,
            "revenue": 657842,
            "common_shares": 1603691,
            "book_valuer_per_share": 11.05,
            "book_valuer_per_share_4q_avg": 11.6,
            "equity": 1771913,
            "current_ratio": 148.59,
            "debt_ratio": 61.35,
            "inventory_turnover_ratio": 0.77,
            "account_receivable_turnover_ratio": null,
            "reinvestment_rate": -239.28,
            "research_to_sale_ratio": null,
            "price_fair": 0,
            "eps_avg_yearly": 0,
            "eps_latest_yearly": 0,
            "eps_growth_yearly": 0
        },
        "20032": {
            "year_quarter": 20032,
            "year": 2003,
            "quarter": 2,
            "eps": 0.06,
            "eps_growth_year": null,
            "eps_4q": -0.5,
            "eps_4q_growth_year": -333.03,
            "roe": 0.54,
            "roe_4q": -4.62,
            "gross_profit": 16393,
            "gross_margin": 2.69,
            "gross_margin_4q_avg": 6.82,
            "net_income": 9961,
            "revenue": 610274,
            "common_shares": 1696866,
            "book_valuer_per_share": 11.16,
            "book_valuer_per_share_4q_avg": 11.37,
            "equity": 1894499,
            "current_ratio": 136.92,
            "debt_ratio": 57.84,
            "inventory_turnover_ratio": 0.65,
            "account_receivable_turnover_ratio": null,
            "reinvestment_rate": -279.15,
            "research_to_sale_ratio": null,
            "price_fair": 0,
            "eps_avg_yearly": 0,
            "eps_latest_yearly": 0,
            "eps_growth_yearly": 0
        },
        "20033": {
            "year_quarter": 20033,
            "year": 2003,
            "quarter": 3,
            "eps": -0.59,
            "eps_growth_year": -837.5,
            "eps_4q": -1.02,
            "eps_4q_growth_year": null,
            "roe": -5.37,
            "roe_4q": -10.7,
            "gross_profit": 20369,
            "gross_margin": 2.9,
            "gross_margin_4q_avg": 5.18,
            "net_income": -105269,
            "revenue": 703544,
            "common_shares": 1968072,
            "book_valuer_per_share": 10.28,
            "book_valuer_per_share_4q_avg": 11.04,
            "equity": 2023240,
            "current_ratio": 126.49,
            "debt_ratio": 56.65,
            "inventory_turnover_ratio": 0.77,
            "account_receivable_turnover_ratio": null,
            "reinvestment_rate": null,
            "research_to_sale_ratio": null,
            "price_fair": 0,
            "eps_avg_yearly": 0,
            "eps_latest_yearly": 0,
            "eps_growth_yearly": 0
        },
        "20034": {
            "year_quarter": 20034,
            "year": 2003,
            "quarter": 4,
            "eps": -0.55,
            "eps_growth_year": null,
            "eps_4q": -1.65,
            "eps_4q_growth_year": null,
            "roe": -4.92,
            "roe_4q": -15.280000000000001,
            "gross_profit": 28826,
            "gross_margin": 3.83,
            "gross_margin_4q_avg": 1.74,
            "net_income": -97471,
            "revenue": 753388,
            "common_shares": 1968072,
            "book_valuer_per_share": 9.83,
            "book_valuer_per_share_4q_avg": 10.58,
            "equity": 1935149,
            "current_ratio": 125.78,
            "debt_ratio": 60.38,
            "inventory_turnover_ratio": 0.77,
            "account_receivable_turnover_ratio": null,
            "reinvestment_rate": null,
            "research_to_sale_ratio": null,
            "price_fair": 0,
            "eps_avg_yearly": 0,
            "eps_latest_yearly": 0,
            "eps_growth_yearly": 0
        },
        "20041": {
            "year_quarter": 20041,
            "year": 2004,
            "quarter": 1,
            "eps": -0.47,
            "eps_growth_year": null,
            "eps_4q": -1.42,
            "eps_4q_growth_year": null,
            "roe": -4.67,
            "roe_4q": -14.420000000000002,
            "gross_profit": -25447,
            "gross_margin": -4.3,
            "gross_margin_4q_avg": 1.28,
            "net_income": -95804,
            "revenue": 591867,
            "common_shares": 2314050,
            "book_valuer_per_share": 9.37,
            "book_valuer_per_share_4q_avg": 10.16,
            "equity": 2168648,
            "current_ratio": 101.68,
            "debt_ratio": 55.16,
            "inventory_turnover_ratio": 0.61,
            "account_receivable_turnover_ratio": null,
            "reinvestment_rate": null,
            "research_to_sale_ratio": null,
            "price_fair": 0,
            "eps_avg_yearly": 0,
            "eps_latest_yearly": 0,
            "eps_growth_yearly": 0
        },
        "20042": {
            "year_quarter": 20042,
            "year": 2004,
            "quarter": 2,
            "eps": 0.08,
            "eps_growth_year": 33.33,
            "eps_4q": -1.29,
            "eps_4q_growth_year": null,
            "roe": 0.8,
            "roe_4q": -14.16,
            "gross_profit": 84299,
            "gross_margin": 13.01,
            "gross_margin_4q_avg": 3.86,
            "net_income": 17451,
            "revenue": 648148,
            "common_shares": 2320236,
            "book_valuer_per_share": 9.52,
            "book_valuer_per_share_4q_avg": 9.75,
            "equity": 2208464,
            "current_ratio": 100.08,
            "debt_ratio": 51.2,
            "inventory_turnover_ratio": 0.57,
            "account_receivable_turnover_ratio": null,
            "reinvestment_rate": null,
            "research_to_sale_ratio": null,
            "price_fair": 0,
            "eps_avg_yearly": 0,
            "eps_latest_yearly": 0,
            "eps_growth_yearly": 0
        },
        "20043": {
            "year_quarter": 20043,
            "year": 2004,
            "quarter": 3,
            "eps": 0.12,
            "eps_growth_year": null,
            "eps_4q": -0.67,
            "eps_4q_growth_year": null,
            "roe": 1.2,
            "roe_4q": -7.59,
            "gross_profit": 108597,
            "gross_margin": 18.23,
            "gross_margin_4q_avg": 7.69,
            "net_income": 26736,
            "revenue": 595650,
            "common_shares": 2320236,
            "book_valuer_per_share": 9.65,
            "book_valuer_per_share_4q_avg": 9.59,
            "equity": 2240071,
            "current_ratio": 113.19,
            "debt_ratio": 49.74,
            "inventory_turnover_ratio": 0.48,
            "account_receivable_turnover_ratio": null,
            "reinvestment_rate": null,
            "research_to_sale_ratio": null,
            "price_fair": 16.8,
            "eps_avg_yearly": 0.48,
            "eps_latest_yearly": 0.48,
            "eps_growth_yearly": 200
        },
        "20044": {
            "year_quarter": 20044,
            "year": 2004,
            "quarter": 4,
            "eps": 0.26,
            "eps_growth_year": null,
            "eps_4q": 0.03,
            "eps_4q_growth_year": null,
            "roe": 2.59,
            "roe_4q": -0.08000000000000007,
            "gross_profit": 149366,
            "gross_margin": 20.79,
            "gross_margin_4q_avg": 11.93,
            "net_income": 58187,
            "revenue": 718374,
            "common_shares": 2320236,
            "book_valuer_per_share": 9.7,
            "book_valuer_per_share_4q_avg": 9.56,
            "equity": 2251542,
            "current_ratio": 150.68,
            "debt_ratio": 47.61,
            "inventory_turnover_ratio": 0.55,
            "account_receivable_turnover_ratio": null,
            "reinvestment_rate": null,
            "research_to_sale_ratio": null,
            "price_fair": 26.6,
            "eps_avg_yearly": 0.76,
            "eps_latest_yearly": 1.04,
            "eps_growth_yearly": 333.33
        },
        "20051": {
            "year_quarter": 20051,
            "year": 2005,
            "quarter": 1,
            "eps": -0.02,
            "eps_growth_year": null,
            "eps_4q": 0.47,
            "eps_4q_growth_year": null,
            "roe": -0.19,
            "roe_4q": 4.3999999999999995,
            "gross_profit": 97849,
            "gross_margin": 16.48,
            "gross_margin_4q_avg": 17.13,
            "net_income": -4183,
            "revenue": 593620,
            "common_shares": 2320236,
            "book_valuer_per_share": 9.64,
            "book_valuer_per_share_4q_avg": 9.63,
            "equity": 2236938,
            "current_ratio": 145.59,
            "debt_ratio": 48.08,
            "inventory_turnover_ratio": 0.47,
            "account_receivable_turnover_ratio": null,
            "reinvestment_rate": null,
            "research_to_sale_ratio": null,
            "price_fair": 26.6,
            "eps_avg_yearly": 0.76,
            "eps_latest_yearly": 1.04,
            "eps_growth_yearly": 333.33
        },
        "20052": {
            "year_quarter": 20052,
            "year": 2005,
            "quarter": 2,
            "eps": -2.74,
            "eps_growth_year": -3525,
            "eps_4q": -2.39,
            "eps_4q_growth_year": null,
            "roe": -33.1,
            "roe_4q": -29.5,
            "gross_profit": 15108,
            "gross_margin": 3.2,
            "gross_margin_4q_avg": 14.68,
            "net_income": -634612,
            "revenue": 471870,
            "common_shares": 2320236,
            "book_valuer_per_share": 6.89,
            "book_valuer_per_share_4q_avg": 8.97,
            "equity": 1597819,
            "current_ratio": 105.33,
            "debt_ratio": 55.28,
            "inventory_turnover_ratio": 0.53,
            "account_receivable_turnover_ratio": null,
            "reinvestment_rate": null,
            "research_to_sale_ratio": null,
            "price_fair": 26.6,
            "eps_avg_yearly": 0.76,
            "eps_latest_yearly": 1.04,
            "eps_growth_yearly": 333.33
        },
        "20053": {
            "year_quarter": 20053,
            "year": 2005,
            "quarter": 3,
            "eps": 0.01,
            "eps_growth_year": -91.67,
            "eps_4q": -2.46,
            "eps_4q_growth_year": null,
            "roe": 0.16,
            "roe_4q": -30.540000000000003,
            "gross_profit": 77807,
            "gross_margin": 11.9,
            "gross_margin_4q_avg": 13.09,
            "net_income": 2657,
            "revenue": 653752,
            "common_shares": 2347044,
            "book_valuer_per_share": 7.8,
            "book_valuer_per_share_4q_avg": 8.51,
            "equity": 1831453,
            "current_ratio": 116.62,
            "debt_ratio": 50.95,
            "inventory_turnover_ratio": 0.87,
            "account_receivable_turnover_ratio": null,
            "reinvestment_rate": null,
            "research_to_sale_ratio": null,
            "price_fair": 26.6,
            "eps_avg_yearly": 0.76,
            "eps_latest_yearly": 1.04,
            "eps_growth_yearly": 333.33
        },
        "20054": {
            "year_quarter": 20054,
            "year": 2005,
            "quarter": 4,
            "eps": -0.61,
            "eps_growth_year": -334.62,
            "eps_4q": -3.14,
            "eps_4q_growth_year": -10782.51,
            "roe": -8.15,
            "roe_4q": -41.28,
            "gross_profit": 64701,
            "gross_margin": 8.25,
            "gross_margin_4q_avg": 9.96,
            "net_income": -151823,
            "revenue": 784562,
            "common_shares": 3637953,
            "book_valuer_per_share": 5.02,
            "book_valuer_per_share_4q_avg": 7.34,
            "equity": 1895432,
            "current_ratio": 140.27,
            "debt_ratio": 52.34,
            "inventory_turnover_ratio": 1.01,
            "account_receivable_turnover_ratio": null,
            "reinvestment_rate": null,
            "research_to_sale_ratio": null,
            "price_fair": 26.6,
            "eps_avg_yearly": 0.76,
            "eps_latest_yearly": 1.04,
            "eps_growth_yearly": 333.33
        },
        "20061": {
            "year_quarter": 20061,
            "year": 2006,
            "quarter": 1,
            "eps": -0.13,
            "eps_growth_year": null,
            "eps_4q": -2.31,
            "eps_4q_growth_year": -592.2,
            "roe": -2.47,
            "roe_4q": -43.56,
            "gross_profit": 33857,
            "gross_margin": 4.87,
            "gross_margin_4q_avg": 7.06,
            "net_income": -46723,
            "revenue": 695554,
            "common_shares": 3288403,
            "book_valuer_per_share": 5.75,
            "book_valuer_per_share_4q_avg": 6.37,
            "equity": 1890002,
            "current_ratio": 133.38,
            "debt_ratio": 47.02,
            "inventory_turnover_ratio": 0.93,
            "account_receivable_turnover_ratio": null,
            "reinvestment_rate": null,
            "research_to_sale_ratio": null,
            "price_fair": 26.6,
            "eps_avg_yearly": 0.76,
            "eps_latest_yearly": 1.04,
            "eps_growth_yearly": 333.33
        },
        "20062": {
            "year_quarter": 20062,
            "year": 2006,
            "quarter": 2,
            "eps": -0.1,
            "eps_growth_year": null,
            "eps_4q": -0.7,
            "eps_4q_growth_year": null,
            "roe": -1.82,
            "roe_4q": -12.280000000000001,
            "gross_profit": 98650,
            "gross_margin": 12.36,
            "gross_margin_4q_avg": 9.35,
            "net_income": -34083,
            "revenue": 797907,
            "common_shares": 3288403,
            "book_valuer_per_share": 5.64,
            "book_valuer_per_share_4q_avg": 6.05,
            "equity": 1854838,
            "current_ratio": 126.19,
            "debt_ratio": 48.76,
            "inventory_turnover_ratio": 0.98,
            "account_receivable_turnover_ratio": null,
            "reinvestment_rate": null,
            "research_to_sale_ratio": null,
            "price_fair": 26.6,
            "eps_avg_yearly": 0.76,
            "eps_latest_yearly": 1.04,
            "eps_growth_yearly": 333.33
        },
        "20063": {
            "year_quarter": 20063,
            "year": 2006,
            "quarter": 3,
            "eps": 0.1,
            "eps_growth_year": 900,
            "eps_4q": -0.6,
            "eps_4q_growth_year": null,
            "roe": 1.76,
            "roe_4q": -10.68,
            "gross_profit": 97063,
            "gross_margin": 10.49,
            "gross_margin_4q_avg": 8.99,
            "net_income": 33056,
            "revenue": 925572,
            "common_shares": 2169294,
            "book_valuer_per_share": 8.76,
            "book_valuer_per_share_4q_avg": 6.29,
            "equity": 1900352,
            "current_ratio": 122.06,
            "debt_ratio": 50.94,
            "inventory_turnover_ratio": 1.06,
            "account_receivable_turnover_ratio": null,
            "reinvestment_rate": null,
            "research_to_sale_ratio": null,
            "price_fair": 26.6,
            "eps_avg_yearly": 0.76,
            "eps_latest_yearly": 1.04,
            "eps_growth_yearly": 333.33
        },
        "20064": {
            "year_quarter": 20064,
            "year": 2006,
            "quarter": 4,
            "eps": -1.15,
            "eps_growth_year": null,
            "eps_4q": -1.34,
            "eps_4q_growth_year": null,
            "roe": -18.99,
            "roe_4q": -21.519999999999996,
            "gross_profit": 109489,
            "gross_margin": 12.95,
            "gross_margin_4q_avg": 10.17,
            "net_income": -348273,
            "revenue": 845534,
            "common_shares": 2449294,
            "book_valuer_per_share": 6.88,
            "book_valuer_per_share_4q_avg": 6.76,
            "equity": 1766886,
            "current_ratio": 141.28,
            "debt_ratio": 50.27,
            "inventory_turnover_ratio": 1.01,
            "account_receivable_turnover_ratio": null,
            "reinvestment_rate": null,
            "research_to_sale_ratio": null,
            "price_fair": 26.6,
            "eps_avg_yearly": 0.76,
            "eps_latest_yearly": 1.04,
            "eps_growth_yearly": 333.33
        },
        "20071": {
            "year_quarter": 20071,
            "year": 2007,
            "quarter": 1,
            "eps": 0.13,
            "eps_growth_year": null,
            "eps_4q": -1.34,
            "eps_4q_growth_year": null,
            "roe": 1.77,
            "roe_4q": -17.279999999999998,
            "gross_profit": 78696,
            "gross_margin": 10.29,
            "gross_margin_4q_avg": 11.52,
            "net_income": 30865,
            "revenue": 764750,
            "common_shares": 2449294,
            "book_valuer_per_share": 7.04,
            "book_valuer_per_share_4q_avg": 7.08,
            "equity": 1723667,
            "current_ratio": 136.7,
            "debt_ratio": 47.31,
            "inventory_turnover_ratio": 1.1,
            "account_receivable_turnover_ratio": null,
            "reinvestment_rate": null,
            "research_to_sale_ratio": null,
            "price_fair": 26.6,
            "eps_avg_yearly": 0.76,
            "eps_latest_yearly": 1.04,
            "eps_growth_yearly": 333.33
        },
        "20072": {
            "year_quarter": 20072,
            "year": 2007,
            "quarter": 2,
            "eps": 0.22,
            "eps_growth_year": null,
            "eps_4q": -0.92,
            "eps_4q_growth_year": null,
            "roe": 3.14,
            "roe_4q": -12.319999999999999,
            "gross_profit": 117731,
            "gross_margin": 12.59,
            "gross_margin_4q_avg": 11.58,
            "net_income": 54866,
            "revenue": 934858,
            "common_shares": 2449294,
            "book_valuer_per_share": 7.25,
            "book_valuer_per_share_4q_avg": 7.48,
            "equity": 1775143,
            "current_ratio": 133.96,
            "debt_ratio": 47.91,
            "inventory_turnover_ratio": 1.32,
            "account_receivable_turnover_ratio": null,
            "reinvestment_rate": null,
            "research_to_sale_ratio": null,
            "price_fair": 28,
            "eps_avg_yearly": 0.8,
            "eps_latest_yearly": 0.88,
            "eps_growth_yearly": 314.53
        },
        "20073": {
            "year_quarter": 20073,
            "year": 2007,
            "quarter": 3,
            "eps": 0.22,
            "eps_growth_year": 120,
            "eps_4q": -0.89,
            "eps_4q_growth_year": null,
            "roe": 2.89,
            "roe_4q": -11.189999999999998,
            "gross_profit": 89962,
            "gross_margin": 9.04,
            "gross_margin_4q_avg": 11.22,
            "net_income": 52010,
            "revenue": 995275,
            "common_shares": 1678771,
            "book_valuer_per_share": 10.9,
            "book_valuer_per_share_4q_avg": 8.02,
            "equity": 1829466,
            "current_ratio": 133.87,
            "debt_ratio": 47.56,
            "inventory_turnover_ratio": 1.41,
            "account_receivable_turnover_ratio": null,
            "reinvestment_rate": null,
            "research_to_sale_ratio": null,
            "price_fair": 28.7,
            "eps_avg_yearly": 0.82,
            "eps_latest_yearly": 0.88,
            "eps_growth_yearly": 235.9
        },
        "20074": {
            "year_quarter": 20074,
            "year": 2007,
            "quarter": 4,
            "eps": 0.04,
            "eps_growth_year": null,
            "eps_4q": 0.72,
            "eps_4q_growth_year": null,
            "roe": 0.43,
            "roe_4q": 8.23,
            "gross_profit": 58741,
            "gross_margin": 6.8,
            "gross_margin_4q_avg": 9.68,
            "net_income": 8059,
            "revenue": 863266,
            "common_shares": 1678771,
            "book_valuer_per_share": 10.94,
            "book_valuer_per_share_4q_avg": 9.03,
            "equity": 1943675,
            "current_ratio": 139,
            "debt_ratio": 48.68,
            "inventory_turnover_ratio": 1.2,
            "account_receivable_turnover_ratio": null,
            "reinvestment_rate": null,
            "research_to_sale_ratio": null,
            "price_fair": 24.08,
            "eps_avg_yearly": 0.69,
            "eps_latest_yearly": 0.16,
            "eps_growth_yearly": 123.26
        },
        "20081": {
            "year_quarter": 20081,
            "year": 2008,
            "quarter": 1,
            "eps": -0.16,
            "eps_growth_year": -223.08,
            "eps_4q": 0.63,
            "eps_4q_growth_year": null,
            "roe": -1.17,
            "roe_4q": 5.290000000000001,
            "gross_profit": 61940,
            "gross_margin": 7.17,
            "gross_margin_4q_avg": 8.9,
            "net_income": -22471,
            "revenue": 864164,
            "common_shares": 1678771,
            "book_valuer_per_share": 10.62,
            "book_valuer_per_share_4q_avg": 9.93,
            "equity": 1890054,
            "current_ratio": 144.59,
            "debt_ratio": 45.81,
            "inventory_turnover_ratio": 1.17,
            "account_receivable_turnover_ratio": null,
            "reinvestment_rate": null,
            "research_to_sale_ratio": null,
            "price_fair": 24.08,
            "eps_avg_yearly": 0.69,
            "eps_latest_yearly": 0.16,
            "eps_growth_yearly": 123.26
        },
        "20082": {
            "year_quarter": 20082,
            "year": 2008,
            "quarter": 2,
            "eps": 0.24,
            "eps_growth_year": 9.09,
            "eps_4q": 0.39,
            "eps_4q_growth_year": null,
            "roe": 2.4,
            "roe_4q": 4.55,
            "gross_profit": 136244,
            "gross_margin": 14.06,
            "gross_margin_4q_avg": 9.27,
            "net_income": 45179,
            "revenue": 969032,
            "common_shares": 1733074,
            "book_valuer_per_share": 10.11,
            "book_valuer_per_share_4q_avg": 10.64,
            "equity": 1867048,
            "current_ratio": 139.67,
            "debt_ratio": 47.69,
            "inventory_turnover_ratio": 1.25,
            "account_receivable_turnover_ratio": null,
            "reinvestment_rate": null,
            "research_to_sale_ratio": null,
            "price_fair": 24.08,
            "eps_avg_yearly": 0.69,
            "eps_latest_yearly": 0.16,
            "eps_growth_yearly": 123.26
        },
        "20083": {
            "year_quarter": 20083,
            "year": 2008,
            "quarter": 3,
            "eps": 0.21,
            "eps_growth_year": -4.55,
            "eps_4q": 0.31,
            "eps_4q_growth_year": null,
            "roe": 2.06,
            "roe_4q": 3.72,
            "gross_profit": 44248,
            "gross_margin": 5.96,
            "gross_margin_4q_avg": 8.5,
            "net_income": 41462,
            "revenue": 742173,
            "common_shares": 1933074,
            "book_valuer_per_share": 10.48,
            "book_valuer_per_share_4q_avg": 10.54,
            "equity": 2150428,
            "current_ratio": 189.23,
            "debt_ratio": 40.6,
            "inventory_turnover_ratio": 1.07,
            "account_receivable_turnover_ratio": null,
            "reinvestment_rate": null,
            "research_to_sale_ratio": null,
            "price_fair": 26.6,
            "eps_avg_yearly": 0.76,
            "eps_latest_yearly": 0.84,
            "eps_growth_yearly": 73.26
        },
        "20084": {
            "year_quarter": 20084,
            "year": 2008,
            "quarter": 4,
            "eps": -3.1,
            "eps_growth_year": -7850,
            "eps_4q": -2.82,
            "eps_4q_growth_year": -490.22,
            "roe": -31.09,
            "roe_4q": -27.800000000000004,
            "gross_profit": -334892,
            "gross_margin": -53.58,
            "gross_margin_4q_avg": -6.6,
            "net_income": -573592,
            "revenue": 625005,
            "common_shares": 1844684,
            "book_valuer_per_share": 7.71,
            "book_valuer_per_share_4q_avg": 9.73,
            "equity": 1539610,
            "current_ratio": 153.57,
            "debt_ratio": 43.21,
            "inventory_turnover_ratio": 2.26,
            "account_receivable_turnover_ratio": 1.49,
            "reinvestment_rate": null,
            "research_to_sale_ratio": null,
            "price_fair": 2.07,
            "eps_avg_yearly": 0.69,
            "eps_latest_yearly": 0.84,
            "eps_growth_yearly": -25.09
        },
        "20091": {
            "year_quarter": 20091,
            "year": 2009,
            "quarter": 1,
            "eps": 0.19,
            "eps_growth_year": null,
            "eps_4q": -2.38,
            "eps_4q_growth_year": -478.6,
            "roe": 2.29,
            "roe_4q": -24.340000000000003,
            "gross_profit": 71743,
            "gross_margin": 16.55,
            "gross_margin_4q_avg": -4.25,
            "net_income": 35911,
            "revenue": 433567,
            "common_shares": 1844684,
            "book_valuer_per_share": 7.99,
            "book_valuer_per_share_4q_avg": 9.07,
            "equity": 1595411,
            "current_ratio": 174.94,
            "debt_ratio": 37.33,
            "inventory_turnover_ratio": 1.92,
            "account_receivable_turnover_ratio": 0.61,
            "reinvestment_rate": null,
            "research_to_sale_ratio": null,
            "price_fair": 2.07,
            "eps_avg_yearly": 0.69,
            "eps_latest_yearly": 0.84,
            "eps_growth_yearly": -25.09
        },
        "20092": {
            "year_quarter": 20092,
            "year": 2009,
            "quarter": 2,
            "eps": 0.16,
            "eps_growth_year": -33.33,
            "eps_4q": -2.29,
            "eps_4q_growth_year": -680.8,
            "roe": 2.01,
            "roe_4q": -24.73,
            "gross_profit": 104766,
            "gross_margin": 19.59,
            "gross_margin_4q_avg": -2.87,
            "net_income": 32186,
            "revenue": 534795,
            "common_shares": 1844684,
            "book_valuer_per_share": 8.05,
            "book_valuer_per_share_4q_avg": 8.56,
            "equity": 1605062,
            "current_ratio": 173.11,
            "debt_ratio": 38.39,
            "inventory_turnover_ratio": 2.46,
            "account_receivable_turnover_ratio": 0.86,
            "reinvestment_rate": null,
            "research_to_sale_ratio": null,
            "price_fair": 2.04,
            "eps_avg_yearly": 0.68,
            "eps_latest_yearly": 0.64,
            "eps_growth_yearly": -32.7
        },
        "20093": {
            "year_quarter": 20093,
            "year": 2009,
            "quarter": 3,
            "eps": 0.22,
            "eps_growth_year": 4.76,
            "eps_4q": -2.48,
            "eps_4q_growth_year": -913.3,
            "roe": 2.52,
            "roe_4q": -24.27,
            "gross_profit": 99521,
            "gross_margin": 17.53,
            "gross_margin_4q_avg": 0.02,
            "net_income": 40849,
            "revenue": 567832,
            "common_shares": 1391173,
            "book_valuer_per_share": 10.87,
            "book_valuer_per_share_4q_avg": 8.66,
            "equity": 1633278,
            "current_ratio": 180.05,
            "debt_ratio": 37.05,
            "inventory_turnover_ratio": 2.81,
            "account_receivable_turnover_ratio": 0.87,
            "reinvestment_rate": null,
            "research_to_sale_ratio": null,
            "price_fair": 2.14,
            "eps_avg_yearly": 0.71,
            "eps_latest_yearly": 0.88,
            "eps_growth_yearly": -2.25
        },
        "20094": {
            "year_quarter": 20094,
            "year": 2009,
            "quarter": 4,
            "eps": 0.01,
            "eps_growth_year": null,
            "eps_4q": 0.75,
            "eps_4q_growth_year": null,
            "roe": 0.19,
            "roe_4q": 7.01,
            "gross_profit": 73748,
            "gross_margin": 13.87,
            "gross_margin_4q_avg": 16.89,
            "net_income": 3071,
            "revenue": 531636,
            "common_shares": 1391173,
            "book_valuer_per_share": 10.84,
            "book_valuer_per_share_4q_avg": 9.44,
            "equity": 1629754,
            "current_ratio": 174.52,
            "debt_ratio": 37.4,
            "inventory_turnover_ratio": 2.62,
            "account_receivable_turnover_ratio": 1.58,
            "reinvestment_rate": null,
            "research_to_sale_ratio": null,
            "price_fair": 1.85,
            "eps_avg_yearly": 0.62,
            "eps_latest_yearly": 0.04,
            "eps_growth_yearly": -56.48
        },
        "20101": {
            "year_quarter": 20101,
            "year": 2010,
            "quarter": 1,
            "eps": 0.13,
            "eps_growth_year": -31.58,
            "eps_4q": 0.63,
            "eps_4q_growth_year": null,
            "roe": 1.2,
            "roe_4q": 5.92,
            "gross_profit": 86443,
            "gross_margin": 14.8,
            "gross_margin_4q_avg": 16.45,
            "net_income": 19724,
            "revenue": 584051,
            "common_shares": 1391173,
            "book_valuer_per_share": 10.94,
            "book_valuer_per_share_4q_avg": 10.18,
            "equity": 1644708,
            "current_ratio": 165.52,
            "debt_ratio": 39.46,
            "inventory_turnover_ratio": 2.27,
            "account_receivable_turnover_ratio": 0.82,
            "reinvestment_rate": null,
            "research_to_sale_ratio": 0.33,
            "price_fair": 21.18,
            "eps_avg_yearly": 0.61,
            "eps_latest_yearly": 0.52,
            "eps_growth_yearly": 550.58
        },
        "20102": {
            "year_quarter": 20102,
            "year": 2010,
            "quarter": 2,
            "eps": 0.25,
            "eps_growth_year": 57.61,
            "eps_4q": 0.67,
            "eps_4q_growth_year": null,
            "roe": 2.22,
            "roe_4q": 6.13,
            "gross_profit": 104820,
            "gross_margin": 14.18,
            "gross_margin_4q_avg": 15.1,
            "net_income": 36064,
            "revenue": 739392,
            "common_shares": 1391173,
            "book_valuer_per_share": 10.59,
            "book_valuer_per_share_4q_avg": 10.81,
            "equity": 1598958,
            "current_ratio": 147.13,
            "debt_ratio": 43.69,
            "inventory_turnover_ratio": 2.3,
            "account_receivable_turnover_ratio": 0.88,
            "reinvestment_rate": null,
            "research_to_sale_ratio": 0.37,
            "price_fair": 22.71,
            "eps_avg_yearly": 0.65,
            "eps_latest_yearly": 1,
            "eps_growth_yearly": 530.43
        },
        "20103": {
            "year_quarter": 20103,
            "year": 2010,
            "quarter": 3,
            "eps": -0.09,
            "eps_growth_year": -142.27,
            "eps_4q": 0.3,
            "eps_4q_growth_year": null,
            "roe": -1.37,
            "roe_4q": 2.2399999999999998,
            "gross_profit": 70474,
            "gross_margin": 11.05,
            "gross_margin_4q_avg": 13.48,
            "net_income": -21636,
            "revenue": 637690,
            "common_shares": 1391173,
            "book_valuer_per_share": 10.41,
            "book_valuer_per_share_4q_avg": 10.7,
            "equity": 1563359,
            "current_ratio": 160.37,
            "debt_ratio": 41.53,
            "inventory_turnover_ratio": 2.07,
            "account_receivable_turnover_ratio": 0.7,
            "reinvestment_rate": null,
            "research_to_sale_ratio": 0.21,
            "price_fair": 22.71,
            "eps_avg_yearly": 0.65,
            "eps_latest_yearly": 1,
            "eps_growth_yearly": 530.43
        },
        "20104": {
            "year_quarter": 20104,
            "year": 2010,
            "quarter": 4,
            "eps": 0.06,
            "eps_growth_year": 492.02,
            "eps_4q": 0.35,
            "eps_4q_growth_year": -53.43,
            "roe": 0.64,
            "roe_4q": 2.6900000000000004,
            "gross_profit": 80953,
            "gross_margin": 13.09,
            "gross_margin_4q_avg": 13.28,
            "net_income": 9919,
            "revenue": 618241,
            "common_shares": 1391173,
            "book_valuer_per_share": 10.22,
            "book_valuer_per_share_4q_avg": 10.54,
            "equity": 1533268,
            "current_ratio": 161.14,
            "debt_ratio": 41.19,
            "inventory_turnover_ratio": 1.99,
            "account_receivable_turnover_ratio": 0.75,
            "reinvestment_rate": null,
            "research_to_sale_ratio": 0.17,
            "price_fair": 22.71,
            "eps_avg_yearly": 0.65,
            "eps_latest_yearly": 1,
            "eps_growth_yearly": 530.43
        },
        "20111": {
            "year_quarter": 20111,
            "year": 2011,
            "quarter": 1,
            "eps": -0.07,
            "eps_growth_year": -153.85,
            "eps_4q": 0.15,
            "eps_4q_growth_year": -76.78,
            "roe": -0.65,
            "roe_4q": 0.8400000000000001,
            "gross_profit": 53205,
            "gross_margin": 9.33,
            "gross_margin_4q_avg": 11.91,
            "net_income": -9963,
            "revenue": 570310,
            "common_shares": 1391173,
            "book_valuer_per_share": 10.19,
            "book_valuer_per_share_4q_avg": 10.35,
            "equity": 1530691,
            "current_ratio": 160.24,
            "debt_ratio": 43.41,
            "inventory_turnover_ratio": 1.71,
            "account_receivable_turnover_ratio": 0.72,
            "reinvestment_rate": null,
            "research_to_sale_ratio": 0.17,
            "price_fair": 22.71,
            "eps_avg_yearly": 0.65,
            "eps_latest_yearly": 1,
            "eps_growth_yearly": 530.43
        },
        "20112": {
            "year_quarter": 20112,
            "year": 2011,
            "quarter": 2,
            "eps": 0.08,
            "eps_growth_year": -68.77,
            "eps_4q": -0.03,
            "eps_4q_growth_year": -104.01,
            "roe": 0.74,
            "roe_4q": -0.6400000000000001,
            "gross_profit": 80423,
            "gross_margin": 12.8,
            "gross_margin_4q_avg": 11.57,
            "net_income": 11381,
            "revenue": 628429,
            "common_shares": 1391173,
            "book_valuer_per_share": 10.21,
            "book_valuer_per_share_4q_avg": 10.26,
            "equity": 1532023,
            "current_ratio": 162.07,
            "debt_ratio": 42.3,
            "inventory_turnover_ratio": 1.74,
            "account_receivable_turnover_ratio": 0.76,
            "reinvestment_rate": null,
            "research_to_sale_ratio": 0.19,
            "price_fair": 21.7,
            "eps_avg_yearly": 0.62,
            "eps_latest_yearly": 1,
            "eps_growth_yearly": 562.12
        },
        "20113": {
            "year_quarter": 20113,
            "year": 2011,
            "quarter": 3,
            "eps": -0.16,
            "eps_growth_year": null,
            "eps_4q": -0.1,
            "eps_4q_growth_year": -131.39,
            "roe": -3.24,
            "roe_4q": -2.51,
            "gross_profit": -5573,
            "gross_margin": -0.89,
            "gross_margin_4q_avg": 8.58,
            "net_income": -49418,
            "revenue": 622746,
            "common_shares": 1391173,
            "book_valuer_per_share": 10.27,
            "book_valuer_per_share_4q_avg": 10.22,
            "equity": 1520075,
            "current_ratio": 158.07,
            "debt_ratio": 42.22,
            "inventory_turnover_ratio": 2.2,
            "account_receivable_turnover_ratio": 0.72,
            "reinvestment_rate": null,
            "research_to_sale_ratio": 0.23,
            "price_fair": 20.4,
            "eps_avg_yearly": 0.58,
            "eps_latest_yearly": 1,
            "eps_growth_yearly": 642.43
        },
        "20114": {
            "year_quarter": 20114,
            "year": 2011,
            "quarter": 4,
            "eps": -0.51,
            "eps_growth_year": -953.4,
            "eps_4q": -0.66,
            "eps_4q_growth_year": -288.08,
            "roe": -5.65,
            "roe_4q": -8.8,
            "gross_profit": 11869,
            "gross_margin": 2.15,
            "gross_margin_4q_avg": 5.85,
            "net_income": -83600,
            "revenue": 552003,
            "common_shares": 1391173,
            "book_valuer_per_share": 9.79,
            "book_valuer_per_share_4q_avg": 10.12,
            "equity": 1439227,
            "current_ratio": 144.93,
            "debt_ratio": 44.03,
            "inventory_turnover_ratio": 2.23,
            "account_receivable_turnover_ratio": 0.63,
            "reinvestment_rate": null,
            "research_to_sale_ratio": 0.17,
            "price_fair": 22.87,
            "eps_avg_yearly": 0.65,
            "eps_latest_yearly": 1,
            "eps_growth_yearly": 804.04
        },
        "20121": {
            "year_quarter": 20121,
            "year": 2012,
            "quarter": 1,
            "eps": -0.23,
            "eps_growth_year": null,
            "eps_4q": -0.81,
            "eps_4q_growth_year": -654.89,
            "roe": -1.98,
            "roe_4q": -10.13,
            "gross_profit": 28668,
            "gross_margin": 5.84,
            "gross_margin_4q_avg": 4.98,
            "net_income": -28016,
            "revenue": 491019,
            "common_shares": 1391173,
            "book_valuer_per_share": 9.47,
            "book_valuer_per_share_4q_avg": 9.94,
            "equity": 1395580,
            "current_ratio": 144.23,
            "debt_ratio": 43.91,
            "inventory_turnover_ratio": 1.94,
            "account_receivable_turnover_ratio": 0.6,
            "reinvestment_rate": null,
            "research_to_sale_ratio": 0.1,
            "price_fair": 22.87,
            "eps_avg_yearly": 0.65,
            "eps_latest_yearly": 1,
            "eps_growth_yearly": 804.04
        },
        "20122": {
            "year_quarter": 20122,
            "year": 2012,
            "quarter": 2,
            "eps": -0.31,
            "eps_growth_year": -495.34,
            "eps_4q": -1.2,
            "eps_4q_growth_year": null,
            "roe": -3.09,
            "roe_4q": -13.96,
            "gross_profit": -2332,
            "gross_margin": -0.42,
            "gross_margin_4q_avg": 1.67,
            "net_income": -42592,
            "revenue": 553231,
            "common_shares": 1391173,
            "book_valuer_per_share": 9.18,
            "book_valuer_per_share_4q_avg": 9.68,
            "equity": 1357596,
            "current_ratio": 138.45,
            "debt_ratio": 43.69,
            "inventory_turnover_ratio": 2.42,
            "account_receivable_turnover_ratio": 0.72,
            "reinvestment_rate": null,
            "research_to_sale_ratio": 1,
            "price_fair": 22.87,
            "eps_avg_yearly": 0.65,
            "eps_latest_yearly": 1,
            "eps_growth_yearly": 804.04
        },
        "20123": {
            "year_quarter": 20123,
            "year": 2012,
            "quarter": 3,
            "eps": -0.25,
            "eps_growth_year": null,
            "eps_4q": -1.29,
            "eps_4q_growth_year": null,
            "roe": -2.68,
            "roe_4q": -13.4,
            "gross_profit": 26667,
            "gross_margin": 4.68,
            "gross_margin_4q_avg": 3.06,
            "net_income": -35797,
            "revenue": 570028,
            "common_shares": 1391173,
            "book_valuer_per_share": 8.88,
            "book_valuer_per_share_4q_avg": 9.33,
            "equity": 1314684,
            "current_ratio": 152.69,
            "debt_ratio": 45.47,
            "inventory_turnover_ratio": 2.42,
            "account_receivable_turnover_ratio": 0.73,
            "reinvestment_rate": null,
            "research_to_sale_ratio": 0.55,
            "price_fair": 21.56,
            "eps_avg_yearly": 0.62,
            "eps_latest_yearly": 1,
            "eps_growth_yearly": 974.85
        },
        "20124": {
            "year_quarter": 20124,
            "year": 2012,
            "quarter": 4,
            "eps": -0.57,
            "eps_growth_year": null,
            "eps_4q": -1.36,
            "eps_4q_growth_year": null,
            "roe": -6.24,
            "roe_4q": -13.99,
            "gross_profit": 20625,
            "gross_margin": 3.7,
            "gross_margin_4q_avg": 3.45,
            "net_income": -79314,
            "revenue": 557304,
            "common_shares": 1391173,
            "book_valuer_per_share": 8.26,
            "book_valuer_per_share_4q_avg": 8.95,
            "equity": 1228376,
            "current_ratio": 143.41,
            "debt_ratio": 47.32,
            "inventory_turnover_ratio": 2.25,
            "account_receivable_turnover_ratio": 0.73,
            "reinvestment_rate": null,
            "research_to_sale_ratio": -0.89,
            "price_fair": 21.56,
            "eps_avg_yearly": 0.62,
            "eps_latest_yearly": 1,
            "eps_growth_yearly": 974.85
        },
        "20131": {
            "year_quarter": 20131,
            "year": 2013,
            "quarter": 1,
            "eps": -0.31,
            "eps_growth_year": null,
            "eps_4q": -1.44,
            "eps_4q_growth_year": null,
            "roe": -3.91,
            "roe_4q": -15.92,
            "gross_profit": -41142,
            "gross_margin": -10.01,
            "gross_margin_4q_avg": -0.51,
            "net_income": -48764,
            "revenue": 410995,
            "common_shares": 1391173,
            "book_valuer_per_share": 8.54,
            "book_valuer_per_share_4q_avg": 8.72,
            "equity": 1264124,
            "current_ratio": 138.95,
            "debt_ratio": 45.23,
            "inventory_turnover_ratio": 1.92,
            "account_receivable_turnover_ratio": 0.59,
            "reinvestment_rate": null,
            "research_to_sale_ratio": 0.84,
            "price_fair": 21.56,
            "eps_avg_yearly": 0.62,
            "eps_latest_yearly": 1,
            "eps_growth_yearly": 974.85
        },
        "20132": {
            "year_quarter": 20132,
            "year": 2013,
            "quarter": 2,
            "eps": -0.17,
            "eps_growth_year": null,
            "eps_4q": -1.3,
            "eps_4q_growth_year": null,
            "roe": -2.08,
            "roe_4q": -14.91,
            "gross_profit": 83240,
            "gross_margin": 13.95,
            "gross_margin_4q_avg": 3.08,
            "net_income": -25713,
            "revenue": 596585,
            "common_shares": 1391173,
            "book_valuer_per_share": 8.16,
            "book_valuer_per_share_4q_avg": 8.46,
            "equity": 1209847,
            "current_ratio": 150.09,
            "debt_ratio": 45.7,
            "inventory_turnover_ratio": 2.36,
            "account_receivable_turnover_ratio": 0.87,
            "reinvestment_rate": null,
            "research_to_sale_ratio": 0.82,
            "price_fair": 21.35,
            "eps_avg_yearly": 0.61,
            "eps_latest_yearly": 1,
            "eps_growth_yearly": 1234.35
        },
        "20133": {
            "year_quarter": 20133,
            "year": 2013,
            "quarter": 3,
            "eps": -0.15,
            "eps_growth_year": null,
            "eps_4q": -1.2,
            "eps_4q_growth_year": null,
            "roe": -1.77,
            "roe_4q": -14,
            "gross_profit": 34939,
            "gross_margin": 6,
            "gross_margin_4q_avg": 3.41,
            "net_income": -21177,
            "revenue": 582569,
            "common_shares": 1391173,
            "book_valuer_per_share": 7.99,
            "book_valuer_per_share_4q_avg": 8.24,
            "equity": 1185773,
            "current_ratio": 147.1,
            "debt_ratio": 46.8,
            "inventory_turnover_ratio": 2.56,
            "account_receivable_turnover_ratio": 0.82,
            "reinvestment_rate": null,
            "research_to_sale_ratio": 1.37,
            "price_fair": 18.2,
            "eps_avg_yearly": 0.52,
            "eps_latest_yearly": 1,
            "eps_growth_yearly": 1595.8
        },
        "20134": {
            "year_quarter": 20134,
            "year": 2013,
            "quarter": 4,
            "eps": 0.08,
            "eps_growth_year": null,
            "eps_4q": -0.55,
            "eps_4q_growth_year": null,
            "roe": 0.96,
            "roe_4q": -6.800000000000001,
            "gross_profit": 61330,
            "gross_margin": 10.55,
            "gross_margin_4q_avg": 5.12,
            "net_income": 11325,
            "revenue": 581353,
            "common_shares": 1391173,
            "book_valuer_per_share": 8.41,
            "book_valuer_per_share_4q_avg": 8.28,
            "equity": 1169571,
            "current_ratio": 138.54,
            "debt_ratio": 47.11,
            "inventory_turnover_ratio": 2.47,
            "account_receivable_turnover_ratio": 0.87,
            "reinvestment_rate": null,
            "research_to_sale_ratio": 0.8,
            "price_fair": 26.6,
            "eps_avg_yearly": 0.76,
            "eps_latest_yearly": 1,
            "eps_growth_yearly": 2584.62
        },
        "20141": {
            "year_quarter": 20141,
            "year": 2014,
            "quarter": 1,
            "eps": -0.11,
            "eps_growth_year": null,
            "eps_4q": -0.35,
            "eps_4q_growth_year": null,
            "roe": -1.34,
            "roe_4q": -4.23,
            "gross_profit": 47147,
            "gross_margin": 7.46,
            "gross_margin_4q_avg": 9.49,
            "net_income": -15595,
            "revenue": 631612,
            "common_shares": 1391173,
            "book_valuer_per_share": 8.26,
            "book_valuer_per_share_4q_avg": 8.21,
            "equity": 1149779,
            "current_ratio": 133.08,
            "debt_ratio": 49.79,
            "inventory_turnover_ratio": 3.31,
            "account_receivable_turnover_ratio": 0.91,
            "reinvestment_rate": null,
            "research_to_sale_ratio": 0.46,
            "price_fair": 35,
            "eps_avg_yearly": 1,
            "eps_latest_yearly": 1,
            "eps_growth_yearly": 369.23
        },
        "20142": {
            "year_quarter": 20142,
            "year": 2014,
            "quarter": 2,
            "eps": -0.05,
            "eps_growth_year": null,
            "eps_4q": -0.23,
            "eps_4q_growth_year": null,
            "roe": -0.65,
            "roe_4q": -2.8000000000000003,
            "gross_profit": 44192,
            "gross_margin": 7,
            "gross_margin_4q_avg": 7.75,
            "net_income": -7388,
            "revenue": 631232,
            "common_shares": 1391173,
            "book_valuer_per_share": 8.07,
            "book_valuer_per_share_4q_avg": 8.18,
            "equity": 1122830,
            "current_ratio": 131.73,
            "debt_ratio": 50.25,
            "inventory_turnover_ratio": 3.78,
            "account_receivable_turnover_ratio": 0.85,
            "reinvestment_rate": null,
            "research_to_sale_ratio": 0.66,
            "price_fair": 0,
            "eps_avg_yearly": 0,
            "eps_latest_yearly": 0,
            "eps_growth_yearly": 0
        },
        "20143": {
            "year_quarter": 20143,
            "year": 2014,
            "quarter": 3,
            "eps": -0.02,
            "eps_growth_year": null,
            "eps_4q": -0.11,
            "eps_4q_growth_year": null,
            "roe": -0.29,
            "roe_4q": -1.3200000000000003,
            "gross_profit": 41094,
            "gross_margin": 6.74,
            "gross_margin_4q_avg": 7.94,
            "net_income": -3211,
            "revenue": 610057,
            "common_shares": 1391173,
            "book_valuer_per_share": 8.1,
            "book_valuer_per_share_4q_avg": 8.21,
            "equity": 1127302,
            "current_ratio": 131.88,
            "debt_ratio": 49.59,
            "inventory_turnover_ratio": 3.69,
            "account_receivable_turnover_ratio": 0.8,
            "reinvestment_rate": null,
            "research_to_sale_ratio": 0.69,
            "price_fair": 0,
            "eps_avg_yearly": 0,
            "eps_latest_yearly": 0,
            "eps_growth_yearly": 0
        },
        "20144": {
            "year_quarter": 20144,
            "year": 2014,
            "quarter": 4,
            "eps": 0.11,
            "eps_growth_year": 32.79,
            "eps_4q": -0.08,
            "eps_4q_growth_year": null,
            "roe": 1.29,
            "roe_4q": -0.9900000000000001,
            "gross_profit": 59274,
            "gross_margin": 8.94,
            "gross_margin_4q_avg": 7.54,
            "net_income": 14977,
            "revenue": 662911,
            "common_shares": 1391173,
            "book_valuer_per_share": 8.56,
            "book_valuer_per_share_4q_avg": 8.25,
            "equity": 1191132,
            "current_ratio": 131.45,
            "debt_ratio": 50.5,
            "inventory_turnover_ratio": 3.62,
            "account_receivable_turnover_ratio": 0.83,
            "reinvestment_rate": null,
            "research_to_sale_ratio": 0.59,
            "price_fair": 0,
            "eps_avg_yearly": 0,
            "eps_latest_yearly": 0,
            "eps_growth_yearly": 0
        },
        "20151": {
            "year_quarter": 20151,
            "year": 2015,
            "quarter": 1,
            "eps": -0.09,
            "eps_growth_year": null,
            "eps_4q": -0.05,
            "eps_4q_growth_year": null,
            "roe": -1.02,
            "roe_4q": -0.6699999999999999,
            "gross_profit": 52381,
            "gross_margin": 9.08,
            "gross_margin_4q_avg": 7.94,
            "net_income": -11886,
            "revenue": 577148,
            "common_shares": 1391173,
            "book_valuer_per_share": 8.18,
            "book_valuer_per_share_4q_avg": 8.23,
            "equity": 1137815,
            "current_ratio": 130.23,
            "debt_ratio": 51.26,
            "inventory_turnover_ratio": 2.8,
            "account_receivable_turnover_ratio": 0.75,
            "reinvestment_rate": null,
            "research_to_sale_ratio": 0.81,
            "price_fair": 0,
            "eps_avg_yearly": 0,
            "eps_latest_yearly": 0,
            "eps_growth_yearly": 0
        },
        "20152": {
            "year_quarter": 20152,
            "year": 2015,
            "quarter": 2,
            "eps": 0.13,
            "eps_growth_year": null,
            "eps_4q": 0.13,
            "eps_4q_growth_year": null,
            "roe": 1.54,
            "roe_4q": 1.52,
            "gross_profit": 67555,
            "gross_margin": 10.56,
            "gross_margin_4q_avg": 8.83,
            "net_income": 17707,
            "revenue": 639728,
            "common_shares": 1391173,
            "book_valuer_per_share": 8.36,
            "book_valuer_per_share_4q_avg": 8.3,
            "equity": 1163100,
            "current_ratio": 132.09,
            "debt_ratio": 49.95,
            "inventory_turnover_ratio": 2.93,
            "account_receivable_turnover_ratio": 0.88,
            "reinvestment_rate": null,
            "research_to_sale_ratio": 0.73,
            "price_fair": 0,
            "eps_avg_yearly": 0,
            "eps_latest_yearly": 0,
            "eps_growth_yearly": 0
        },
        "20153": {
            "year_quarter": 20153,
            "year": 2015,
            "quarter": 3,
            "eps": -0.11,
            "eps_growth_year": null,
            "eps_4q": 0.04,
            "eps_4q_growth_year": null,
            "roe": -1.31,
            "roe_4q": 0.5,
            "gross_profit": 45144,
            "gross_margin": 7.31,
            "gross_margin_4q_avg": 8.97,
            "net_income": -15188,
            "revenue": 617272,
            "common_shares": 1391173,
            "book_valuer_per_share": 8.26,
            "book_valuer_per_share_4q_avg": 8.34,
            "equity": 1149439,
            "current_ratio": 130.85,
            "debt_ratio": 50.59,
            "inventory_turnover_ratio": 2.48,
            "account_receivable_turnover_ratio": 0.82,
            "reinvestment_rate": null,
            "research_to_sale_ratio": 0.9,
            "price_fair": 0,
            "eps_avg_yearly": 0,
            "eps_latest_yearly": 0,
            "eps_growth_yearly": 0
        },
        "20154": {
            "year_quarter": 20154,
            "year": 2015,
            "quarter": 4,
            "eps": -0.11,
            "eps_growth_year": -201.89,
            "eps_4q": -0.18,
            "eps_4q_growth_year": null,
            "roe": -1.33,
            "roe_4q": -2.12,
            "gross_profit": 38326,
            "gross_margin": 6.32,
            "gross_margin_4q_avg": 8.32,
            "net_income": -15260,
            "revenue": 606397,
            "common_shares": 1391173,
            "book_valuer_per_share": 8.26,
            "book_valuer_per_share_4q_avg": 8.27,
            "equity": 1149717,
            "current_ratio": 132.29,
            "debt_ratio": 48.22,
            "inventory_turnover_ratio": 2.3,
            "account_receivable_turnover_ratio": 0.88,
            "reinvestment_rate": null,
            "research_to_sale_ratio": 0.79,
            "price_fair": 0,
            "eps_avg_yearly": 0,
            "eps_latest_yearly": 0,
            "eps_growth_yearly": 0
        },
        "20161": {
            "year_quarter": 20161,
            "year": 2016,
            "quarter": 1,
            "eps": -0.12,
            "eps_growth_year": null,
            "eps_4q": -0.21,
            "eps_4q_growth_year": null,
            "roe": -1.5,
            "roe_4q": -2.6000000000000005,
            "gross_profit": 26406,
            "gross_margin": 5.54,
            "gross_margin_4q_avg": 7.43,
            "net_income": -17101,
            "revenue": 476936,
            "common_shares": 1391173,
            "book_valuer_per_share": 8.13,
            "book_valuer_per_share_4q_avg": 8.25,
            "equity": 1131234,
            "current_ratio": 126.66,
            "debt_ratio": 49.72,
            "inventory_turnover_ratio": 2.15,
            "account_receivable_turnover_ratio": 0.81,
            "reinvestment_rate": null,
            "research_to_sale_ratio": 0.56,
            "price_fair": 0,
            "eps_avg_yearly": 0,
            "eps_latest_yearly": 0,
            "eps_growth_yearly": 0
        },
        "20162": {
            "year_quarter": 20162,
            "year": 2016,
            "quarter": 2,
            "eps": 0,
            "eps_growth_year": -100,
            "eps_4q": -0.34,
            "eps_4q_growth_year": -366.58,
            "roe": 0.06,
            "roe_4q": -4.08,
            "gross_profit": 53934,
            "gross_margin": 9.55,
            "gross_margin_4q_avg": 7.18,
            "net_income": 666,
            "revenue": 564802,
            "common_shares": 1391173,
            "book_valuer_per_share": 8.1,
            "book_valuer_per_share_4q_avg": 8.19,
            "equity": 1126724,
            "current_ratio": 126.86,
            "debt_ratio": 47.65,
            "inventory_turnover_ratio": 2.59,
            "account_receivable_turnover_ratio": 0.99,
            "reinvestment_rate": null,
            "research_to_sale_ratio": 0.45,
            "price_fair": 0,
            "eps_avg_yearly": 0,
            "eps_latest_yearly": 0,
            "eps_growth_yearly": 0
        },
        "20163": {
            "year_quarter": 20163,
            "year": 2016,
            "quarter": 3,
            "eps": 0.09,
            "eps_growth_year": null,
            "eps_4q": -0.14,
            "eps_4q_growth_year": -450.41,
            "roe": 1.07,
            "roe_4q": -1.7,
            "gross_profit": 68759,
            "gross_margin": 11.34,
            "gross_margin_4q_avg": 8.19,
            "net_income": 12037,
            "revenue": 606608,
            "common_shares": 1391173,
            "book_valuer_per_share": 8.11,
            "book_valuer_per_share_4q_avg": 8.15,
            "equity": 1128330,
            "current_ratio": 122.36,
            "debt_ratio": 49.59,
            "inventory_turnover_ratio": 2.81,
            "account_receivable_turnover_ratio": 0.97,
            "reinvestment_rate": null,
            "research_to_sale_ratio": 0.38,
            "price_fair": 0,
            "eps_avg_yearly": 0,
            "eps_latest_yearly": 0,
            "eps_growth_yearly": 0
        },
        "20164": {
            "year_quarter": 20164,
            "year": 2016,
            "quarter": 4,
            "eps": 0.1,
            "eps_growth_year": null,
            "eps_4q": 0.07,
            "eps_4q_growth_year": null,
            "roe": 1.2,
            "roe_4q": 0.8300000000000001,
            "gross_profit": 80940,
            "gross_margin": 12.15,
            "gross_margin_4q_avg": 9.65,
            "net_income": 13591,
            "revenue": 666310,
            "common_shares": 1391173,
            "book_valuer_per_share": 8.15,
            "book_valuer_per_share_4q_avg": 8.12,
            "equity": 1133396,
            "current_ratio": 124.08,
            "debt_ratio": 48.93,
            "inventory_turnover_ratio": 3.21,
            "account_receivable_turnover_ratio": 0.96,
            "reinvestment_rate": null,
            "research_to_sale_ratio": 0.42,
            "price_fair": 14,
            "eps_avg_yearly": 0.4,
            "eps_latest_yearly": 0.4,
            "eps_growth_yearly": 44.44
        },
        "20171": {
            "year_quarter": 20171,
            "year": 2017,
            "quarter": 1,
            "eps": 0.08,
            "eps_growth_year": null,
            "eps_4q": 0.27,
            "eps_4q_growth_year": null,
            "roe": 0.96,
            "roe_4q": 3.2900000000000005,
            "gross_profit": 63702,
            "gross_margin": 9.71,
            "gross_margin_4q_avg": 10.69,
            "net_income": 10602,
            "revenue": 655916,
            "common_shares": 1391173,
            "book_valuer_per_share": 7.77,
            "book_valuer_per_share_4q_avg": 8.03,
            "equity": 1080603,
            "current_ratio": 122.93,
            "debt_ratio": 50.2,
            "inventory_turnover_ratio": 2.82,
            "account_receivable_turnover_ratio": 0.88,
            "reinvestment_rate": null,
            "research_to_sale_ratio": 0.48,
            "price_fair": 1.08,
            "eps_avg_yearly": 0.36,
            "eps_latest_yearly": 0.32,
            "eps_growth_yearly": -17.78
        },
        "20172": {
            "year_quarter": 20172,
            "year": 2017,
            "quarter": 2,
            "eps": 0.1,
            "eps_growth_year": null,
            "eps_4q": 0.36,
            "eps_4q_growth_year": null,
            "roe": 1.21,
            "roe_4q": 4.44,
            "gross_profit": 48090,
            "gross_margin": 6.56,
            "gross_margin_4q_avg": 9.94,
            "net_income": 13280,
            "revenue": 733635,
            "common_shares": 1391173,
            "book_valuer_per_share": 7.98,
            "book_valuer_per_share_4q_avg": 8,
            "equity": 1110683,
            "current_ratio": 119.97,
            "debt_ratio": 54.64,
            "inventory_turnover_ratio": 2.55,
            "account_receivable_turnover_ratio": 0.89,
            "reinvestment_rate": null,
            "research_to_sale_ratio": 0.47,
            "price_fair": 11.75,
            "eps_avg_yearly": 0.37,
            "eps_latest_yearly": 0.4,
            "eps_growth_yearly": 21.48
        },
        "20173": {
            "year_quarter": 20173,
            "year": 2017,
            "quarter": 3,
            "eps": 0.34,
            "eps_growth_year": 277.78,
            "eps_4q": 0.61,
            "eps_4q_growth_year": null,
            "roe": 4.14,
            "roe_4q": 7.51,
            "gross_profit": 80504,
            "gross_margin": 9.47,
            "gross_margin_4q_avg": 9.47,
            "net_income": 47195,
            "revenue": 850485,
            "common_shares": 1391173,
            "book_valuer_per_share": 8.39,
            "book_valuer_per_share_4q_avg": 8.07,
            "equity": 1166909,
            "current_ratio": 122.53,
            "debt_ratio": 54.83,
            "inventory_turnover_ratio": 2.66,
            "account_receivable_turnover_ratio": 0.89,
            "reinvestment_rate": 19.19,
            "research_to_sale_ratio": 0.5,
            "price_fair": 21.7,
            "eps_avg_yearly": 0.62,
            "eps_latest_yearly": 1.36,
            "eps_growth_yearly": 256.11
        },
        "20174": {
            "year_quarter": 20174,
            "year": 2017,
            "quarter": 4,
            "eps": 0.33,
            "eps_growth_year": 240.27,
            "eps_4q": 0.84,
            "eps_4q_growth_year": 1176.22,
            "roe": 3.91,
            "roe_4q": 10.220000000000002,
            "gross_profit": 87718,
            "gross_margin": 10.18,
            "gross_margin_4q_avg": 8.98,
            "net_income": 46246,
            "revenue": 861748,
            "common_shares": 1391173,
            "book_valuer_per_share": 8.61,
            "book_valuer_per_share_4q_avg": 8.19,
            "equity": 1197562,
            "current_ratio": 126.28,
            "debt_ratio": 53.52,
            "inventory_turnover_ratio": 2.51,
            "account_receivable_turnover_ratio": 0.85,
            "reinvestment_rate": -55.84,
            "research_to_sale_ratio": 0.42,
            "price_fair": 26.6,
            "eps_avg_yearly": 0.76,
            "eps_latest_yearly": 1.32,
            "eps_growth_yearly": 202.54
        },
        "20181": {
            "year_quarter": 20181,
            "year": 2018,
            "quarter": 1,
            "eps": 0.16,
            "eps_growth_year": 100,
            "eps_4q": 0.93,
            "eps_4q_growth_year": 251,
            "roe": 1.87,
            "roe_4q": 11.129999999999999,
            "gross_profit": 52411,
            "gross_margin": 6.3,
            "gross_margin_4q_avg": 8.13,
            "net_income": 22785,
            "revenue": 832268,
            "common_shares": 1391173,
            "book_valuer_per_share": 8.91,
            "book_valuer_per_share_4q_avg": 8.47,
            "equity": 1239852,
            "current_ratio": 129.84,
            "debt_ratio": 50.83,
            "inventory_turnover_ratio": 2.73,
            "account_receivable_turnover_ratio": 0.86,
            "reinvestment_rate": -117.93,
            "research_to_sale_ratio": 0.43,
            "price_fair": 25.9,
            "eps_avg_yearly": 0.74,
            "eps_latest_yearly": 0.64,
            "eps_growth_yearly": 134.44
        },
        "20182": {
            "year_quarter": 20182,
            "year": 2018,
            "quarter": 2,
            "eps": -0.26,
            "eps_growth_year": -360,
            "eps_4q": 0.57,
            "eps_4q_growth_year": 60.62,
            "roe": -2.99,
            "roe_4q": 6.93,
            "gross_profit": 48680,
            "gross_margin": 5.48,
            "gross_margin_4q_avg": 7.86,
            "net_income": -36702,
            "revenue": 888780,
            "common_shares": 1391173,
            "book_valuer_per_share": 8.73,
            "book_valuer_per_share_4q_avg": 8.66,
            "equity": 1214982,
            "current_ratio": 124.37,
            "debt_ratio": 54.29,
            "inventory_turnover_ratio": 3.13,
            "account_receivable_turnover_ratio": 0.91,
            "reinvestment_rate": -111.28,
            "research_to_sale_ratio": 0.44,
            "price_fair": 25.9,
            "eps_avg_yearly": 0.74,
            "eps_latest_yearly": 0.64,
            "eps_growth_yearly": 134.44
        },
        "20183": {
            "year_quarter": 20183,
            "year": 2018,
            "quarter": 3,
            "eps": -0.27,
            "eps_growth_year": -179.41,
            "eps_4q": -0.03,
            "eps_4q_growth_year": -105.61,
            "roe": -3.09,
            "roe_4q": -0.2999999999999998,
            "gross_profit": 41712,
            "gross_margin": 4.98,
            "gross_margin_4q_avg": 6.74,
            "net_income": -37080,
            "revenue": 837884,
            "common_shares": 1391173,
            "book_valuer_per_share": 8.53,
            "book_valuer_per_share_4q_avg": 8.7,
            "equity": 1186244,
            "current_ratio": 119,
            "debt_ratio": 57.35,
            "inventory_turnover_ratio": 2.26,
            "account_receivable_turnover_ratio": 0.84,
            "reinvestment_rate": -176.03,
            "research_to_sale_ratio": 0.42,
            "price_fair": 25.9,
            "eps_avg_yearly": 0.74,
            "eps_latest_yearly": 0.64,
            "eps_growth_yearly": 134.44
        },
        "20184": {
            "year_quarter": 20184,
            "year": 2018,
            "quarter": 4,
            "eps": -0.05,
            "eps_growth_year": -115.05,
            "eps_4q": -0.42,
            "eps_4q_growth_year": -149.4,
            "roe": -0.59,
            "roe_4q": -4.8,
            "gross_profit": 46298,
            "gross_margin": 5.6,
            "gross_margin_4q_avg": 5.59,
            "net_income": -6961,
            "revenue": 826959,
            "common_shares": 1391173,
            "book_valuer_per_share": 8.46,
            "book_valuer_per_share_4q_avg": 8.66,
            "equity": 1176357,
            "current_ratio": 120.79,
            "debt_ratio": 55.66,
            "inventory_turnover_ratio": 2.01,
            "account_receivable_turnover_ratio": 0.84,
            "reinvestment_rate": -0.1,
            "research_to_sale_ratio": 0.42,
            "price_fair": 25.9,
            "eps_avg_yearly": 0.74,
            "eps_latest_yearly": 0.64,
            "eps_growth_yearly": 134.44
        },
        "20191": {
            "year_quarter": 20191,
            "year": 2019,
            "quarter": 1,
            "eps": 0,
            "eps_growth_year": -100,
            "eps_4q": -0.58,
            "eps_4q_growth_year": -161.87,
            "roe": 0.05,
            "roe_4q": -6.62,
            "gross_profit": 32369,
            "gross_margin": 5.48,
            "gross_margin_4q_avg": 5.39,
            "net_income": 620,
            "revenue": 590565,
            "common_shares": 1391173,
            "book_valuer_per_share": 8.39,
            "book_valuer_per_share_4q_avg": 8.53,
            "equity": 1166602,
            "current_ratio": 119.76,
            "debt_ratio": 57.8,
            "inventory_turnover_ratio": 1.52,
            "account_receivable_turnover_ratio": 0.67,
            "reinvestment_rate": -199.25,
            "research_to_sale_ratio": 0.65,
            "price_fair": 25.9,
            "eps_avg_yearly": 0.74,
            "eps_latest_yearly": 0.64,
            "eps_growth_yearly": 134.44
        },
        "20192": {
            "year_quarter": 20192,
            "year": 2019,
            "quarter": 2,
            "eps": -0.27,
            "eps_growth_year": null,
            "eps_4q": -0.58,
            "eps_4q_growth_year": -201.73,
            "roe": -3.3,
            "roe_4q": -6.93,
            "gross_profit": 32384,
            "gross_margin": 4.76,
            "gross_margin_4q_avg": 5.21,
            "net_income": -37482,
            "revenue": 679865,
            "common_shares": 1391173,
            "book_valuer_per_share": 7.92,
            "book_valuer_per_share_4q_avg": 8.33,
            "equity": 1102280,
            "current_ratio": 119.53,
            "debt_ratio": 56.26,
            "inventory_turnover_ratio": 1.79,
            "account_receivable_turnover_ratio": 0.87,
            "reinvestment_rate": -9837.74,
            "research_to_sale_ratio": 0.62,
            "price_fair": 25.9,
            "eps_avg_yearly": 0.74,
            "eps_latest_yearly": 0.64,
            "eps_growth_yearly": 134.44
        },
        "20193": {
            "year_quarter": 20193,
            "year": 2019,
            "quarter": 3,
            "eps": -0.16,
            "eps_growth_year": null,
            "eps_4q": -0.47,
            "eps_4q_growth_year": null,
            "roe": -2.02,
            "roe_4q": -5.86,
            "gross_profit": 43316,
            "gross_margin": 6.09,
            "gross_margin_4q_avg": 5.48,
            "net_income": -21830,
            "revenue": 710977,
            "common_shares": 1391173,
            "book_valuer_per_share": 7.63,
            "book_valuer_per_share_4q_avg": 8.1,
            "equity": 1061548,
            "current_ratio": 118.58,
            "debt_ratio": 55.34,
            "inventory_turnover_ratio": 2.04,
            "account_receivable_turnover_ratio": 0.89,
            "reinvestment_rate": null,
            "research_to_sale_ratio": 0.44,
            "price_fair": 25.9,
            "eps_avg_yearly": 0.74,
            "eps_latest_yearly": 0.64,
            "eps_growth_yearly": 134.44
        },
        "20194": {
            "year_quarter": 20194,
            "year": 2019,
            "quarter": 4,
            "eps": 0.16,
            "eps_growth_year": null,
            "eps_4q": -0.27,
            "eps_4q_growth_year": null,
            "roe": 2.07,
            "roe_4q": -3.2,
            "gross_profit": 62659,
            "gross_margin": 7.98,
            "gross_margin_4q_avg": 6.08,
            "net_income": 21815,
            "revenue": 785114,
            "common_shares": 1391173,
            "book_valuer_per_share": 7.52,
            "book_valuer_per_share_4q_avg": 7.87,
            "equity": 1046415,
            "current_ratio": 119.69,
            "debt_ratio": 55.31,
            "inventory_turnover_ratio": 2.96,
            "account_receivable_turnover_ratio": 0.93,
            "reinvestment_rate": -178.16,
            "research_to_sale_ratio": 0.33,
            "price_fair": 25.9,
            "eps_avg_yearly": 0.74,
            "eps_latest_yearly": 0.64,
            "eps_growth_yearly": 134.44
        },
        "20201": {
            "year_quarter": 20201,
            "year": 2020,
            "quarter": 1,
            "eps": -0.31,
            "eps_growth_year": null,
            "eps_4q": -0.58,
            "eps_4q_growth_year": null,
            "roe": -4.25,
            "roe_4q": -7.5,
            "gross_profit": 1737,
            "gross_margin": 0.34,
            "gross_margin_4q_avg": 4.79,
            "net_income": -43028,
            "revenue": 508410,
            "common_shares": 1391173,
            "book_valuer_per_share": 7.02,
            "book_valuer_per_share_4q_avg": 7.52,
            "equity": 977178,
            "current_ratio": 153.12,
            "debt_ratio": 59.87,
            "inventory_turnover_ratio": 2.45,
            "account_receivable_turnover_ratio": 0.66,
            "reinvestment_rate": -5482.41,
            "research_to_sale_ratio": 0.38,
            "price_fair": 25.9,
            "eps_avg_yearly": 0.74,
            "eps_latest_yearly": 0.64,
            "eps_growth_yearly": 134.44
        },
        "20202": {
            "year_quarter": 20202,
            "year": 2020,
            "quarter": 2,
            "eps": 0.96,
            "eps_growth_year": null,
            "eps_4q": 0.65,
            "eps_4q_growth_year": null,
            "roe": 12.85,
            "roe_4q": 8.65,
            "gross_profit": 82187,
            "gross_margin": 12.35,
            "gross_margin_4q_avg": 6.69,
            "net_income": 133382,
            "revenue": 665692,
            "common_shares": 1391173,
            "book_valuer_per_share": 7.9,
            "book_valuer_per_share_4q_avg": 7.52,
            "equity": 1099595,
            "current_ratio": 199.15,
            "debt_ratio": 43.04,
            "inventory_turnover_ratio": 2.51,
            "account_receivable_turnover_ratio": 0.95,
            "reinvestment_rate": -236.11,
            "research_to_sale_ratio": 0.3,
            "price_fair": 25.9,
            "eps_avg_yearly": 0.74,
            "eps_latest_yearly": 0.64,
            "eps_growth_yearly": 134.44
        },
        "20203": {
            "year_quarter": 20203,
            "year": 2020,
            "quarter": 3,
            "eps": 0.48,
            "eps_growth_year": null,
            "eps_4q": 1.29,
            "eps_4q_growth_year": null,
            "roe": 5.85,
            "roe_4q": 16.52,
            "gross_profit": 92666,
            "gross_margin": 11.18,
            "gross_margin_4q_avg": 7.96,
            "net_income": 67095,
            "revenue": 828950,
            "common_shares": 1391173,
            "book_valuer_per_share": 8.57,
            "book_valuer_per_share_4q_avg": 7.75,
            "equity": 1192396,
            "current_ratio": 207.05,
            "debt_ratio": 41.11,
            "inventory_turnover_ratio": 2.64,
            "account_receivable_turnover_ratio": 1.03,
            "reinvestment_rate": -129.93,
            "research_to_sale_ratio": 0.24,
            "price_fair": 31.8,
            "eps_avg_yearly": 0.91,
            "eps_latest_yearly": 1.92,
            "eps_growth_yearly": 86.66
        },
        "20204": {
            "year_quarter": 20204,
            "year": 2020,
            "quarter": 4,
            "eps": 0.45,
            "eps_growth_year": 185.51,
            "eps_4q": 1.58,
            "eps_4q_growth_year": null,
            "roe": 5.08,
            "roe_4q": 19.53,
            "gross_profit": 92272,
            "gross_margin": 9.35,
            "gross_margin_4q_avg": 8.31,
            "net_income": 62283,
            "revenue": 987025,
            "common_shares": 1391173,
            "book_valuer_per_share": 9.04,
            "book_valuer_per_share_4q_avg": 8.13,
            "equity": 1257787,
            "current_ratio": 202.41,
            "debt_ratio": 42.42,
            "inventory_turnover_ratio": 3.38,
            "account_receivable_turnover_ratio": 1.01,
            "reinvestment_rate": -101.18,
            "research_to_sale_ratio": 0.2,
            "price_fair": 38.8,
            "eps_avg_yearly": 1.11,
            "eps_latest_yearly": 1.8,
            "eps_growth_yearly": 76.74
        },
        "20211": {
            "year_quarter": 20211,
            "year": 2021,
            "quarter": 1,
            "eps": 0.17,
            "eps_growth_year": null,
            "eps_4q": 2.06,
            "eps_4q_growth_year": null,
            "roe": 1.84,
            "roe_4q": 25.619999999999997,
            "gross_profit": 72366,
            "gross_margin": 7.09,
            "gross_margin_4q_avg": 9.99,
            "net_income": 23668,
            "revenue": 1021000,
            "common_shares": 1391173,
            "book_valuer_per_share": 9.45,
            "book_valuer_per_share_4q_avg": 8.74,
            "equity": 1314944,
            "current_ratio": 189.67,
            "debt_ratio": 44.77,
            "inventory_turnover_ratio": 3.52,
            "account_receivable_turnover_ratio": 0.91,
            "reinvestment_rate": -77.26,
            "research_to_sale_ratio": 0.18,
            "price_fair": 40.6,
            "eps_avg_yearly": 1.16,
            "eps_latest_yearly": 0.68,
            "eps_growth_yearly": 52.61
        },
        "20212": {
            "year_quarter": 20212,
            "year": 2021,
            "quarter": 2,
            "eps": 0.27,
            "eps_growth_year": -71.88,
            "eps_4q": 1.37,
            "eps_4q_growth_year": 110.95,
            "roe": 2.81,
            "roe_4q": 15.58,
            "gross_profit": 86162,
            "gross_margin": 7.03,
            "gross_margin_4q_avg": 8.66,
            "net_income": 37525,
            "revenue": 1226165,
            "common_shares": 1391173,
            "book_valuer_per_share": 9.74,
            "book_valuer_per_share_4q_avg": 9.2,
            "equity": 1355238,
            "current_ratio": 175.96,
            "debt_ratio": 48.78,
            "inventory_turnover_ratio": 3.24,
            "account_receivable_turnover_ratio": 0.95,
            "reinvestment_rate": -74.74,
            "research_to_sale_ratio": 0.16,
            "price_fair": 44,
            "eps_avg_yearly": 1.26,
            "eps_latest_yearly": 1.08,
            "eps_growth_yearly": 71.94
        },
        "20213": {
            "year_quarter": 20213,
            "year": 2021,
            "quarter": 3,
            "eps": 0.16,
            "eps_growth_year": -66.67,
            "eps_4q": 1.05,
            "eps_4q_growth_year": -18.7,
            "roe": 1.63,
            "roe_4q": 11.36,
            "gross_profit": 82809,
            "gross_margin": 8.65,
            "gross_margin_4q_avg": 8.03,
            "net_income": 22266,
            "revenue": 956820,
            "common_shares": 1391173,
            "book_valuer_per_share": 9.87,
            "book_valuer_per_share_4q_avg": 9.53,
            "equity": 1372696,
            "current_ratio": 192.67,
            "debt_ratio": 44.03,
            "inventory_turnover_ratio": 2.47,
            "account_receivable_turnover_ratio": 0.72,
            "reinvestment_rate": -85.69,
            "research_to_sale_ratio": 0.19,
            "price_fair": 3.46,
            "eps_avg_yearly": 1.15,
            "eps_latest_yearly": 0.64,
            "eps_growth_yearly": -88.48
        },
        "20214": {
            "year_quarter": 20214,
            "year": 2021,
            "quarter": 4,
            "eps": 0.15,
            "eps_growth_year": -65.91,
            "eps_4q": 0.75,
            "eps_4q_growth_year": -52.35,
            "roe": 1.53,
            "roe_4q": 7.8100000000000005,
            "gross_profit": 67376,
            "gross_margin": 6.74,
            "gross_margin_4q_avg": 7.38,
            "net_income": 21233,
            "revenue": 998975,
            "common_shares": 1391173,
            "book_valuer_per_share": 10.11,
            "book_valuer_per_share_4q_avg": 9.79,
            "equity": 1406247,
            "current_ratio": 192.75,
            "debt_ratio": 43.95,
            "inventory_turnover_ratio": 2.77,
            "account_receivable_turnover_ratio": 0.81,
            "reinvestment_rate": -88.96,
            "research_to_sale_ratio": 0.2,
            "price_fair": 3.15,
            "eps_avg_yearly": 1.05,
            "eps_latest_yearly": 0.6,
            "eps_growth_yearly": -90.37
        },
        "20221": {
            "year_quarter": 20221,
            "year": 2022,
            "quarter": 1,
            "eps": 0,
            "eps_growth_year": -100,
            "eps_4q": 0.58,
            "eps_4q_growth_year": -71.77,
            "roe": -0.01,
            "roe_4q": 5.96,
            "gross_profit": 48214,
            "gross_margin": 5.88,
            "gross_margin_4q_avg": 7.08,
            "net_income": -177,
            "revenue": 819591,
            "common_shares": 1391173,
            "book_valuer_per_share": 10.42,
            "book_valuer_per_share_4q_avg": 10.04,
            "equity": 1449292,
            "current_ratio": 190.74,
            "debt_ratio": 44.43,
            "inventory_turnover_ratio": 2.13,
            "account_receivable_turnover_ratio": 0.7,
            "reinvestment_rate": -40.78,
            "research_to_sale_ratio": 0.25,
            "price_fair": 3.36,
            "eps_avg_yearly": 1.12,
            "eps_latest_yearly": 0.6,
            "eps_growth_yearly": -71.09
        },
        "20222": {
            "year_quarter": 20222,
            "year": 2022,
            "quarter": 2,
            "eps": -0.2,
            "eps_growth_year": -174.07,
            "eps_4q": 0.11,
            "eps_4q_growth_year": -91.84,
            "roe": -1.94,
            "roe_4q": 1.21,
            "gross_profit": 37598,
            "gross_margin": 4.11,
            "gross_margin_4q_avg": 6.35,
            "net_income": -27771,
            "revenue": 914564,
            "common_shares": 1391173,
            "book_valuer_per_share": 10.15,
            "book_valuer_per_share_4q_avg": 10.14,
            "equity": 1412500,
            "current_ratio": 200.29,
            "debt_ratio": 41.8,
            "inventory_turnover_ratio": 2.25,
            "account_receivable_turnover_ratio": 0.83,
            "reinvestment_rate": -45.18,
            "research_to_sale_ratio": 0.24,
            "price_fair": 3.36,
            "eps_avg_yearly": 1.12,
            "eps_latest_yearly": 0.6,
            "eps_growth_yearly": -71.09
        },
        "20223": {
            "year_quarter": 20223,
            "year": 2022,
            "quarter": 3,
            "eps": 0.03,
            "eps_growth_year": -81.25,
            "eps_4q": -0.01,
            "eps_4q_growth_year": -101.33,
            "roe": 0.34,
            "roe_4q": -0.07999999999999985,
            "gross_profit": 49472,
            "gross_margin": 7.18,
            "gross_margin_4q_avg": 5.98,
            "net_income": 4782,
            "revenue": 688854,
            "common_shares": 1391173,
            "book_valuer_per_share": 10.08,
            "book_valuer_per_share_4q_avg": 10.19,
            "equity": 1402307,
            "current_ratio": 236.63,
            "debt_ratio": 35.19,
            "inventory_turnover_ratio": 1.92,
            "account_receivable_turnover_ratio": 0.73,
            "reinvestment_rate": -33.72,
            "research_to_sale_ratio": 0.35,
            "price_fair": 3.36,
            "eps_avg_yearly": 1.12,
            "eps_latest_yearly": 0.6,
            "eps_growth_yearly": -71.09
        },
        "20224": {
            "year_quarter": 20224,
            "year": 2022,
            "quarter": 4,
            "eps": -0,
            "eps_growth_year": -100.93,
            "eps_4q": -0.17,
            "eps_4q_growth_year": -122.32,
            "roe": -0.01,
            "roe_4q": -1.6199999999999999,
            "gross_profit": 52030,
            "gross_margin": 7.3,
            "gross_margin_4q_avg": 6.12,
            "net_income": -198,
            "revenue": 712684,
            "common_shares": 1391173,
            "book_valuer_per_share": 10.03,
            "book_valuer_per_share_4q_avg": 10.17,
            "equity": 1395295,
            "current_ratio": 268.45,
            "debt_ratio": 34.23,
            "inventory_turnover_ratio": 2.57,
            "account_receivable_turnover_ratio": 0.86,
            "reinvestment_rate": -88.57,
            "research_to_sale_ratio": 0.25,
            "price_fair": 3.36,
            "eps_avg_yearly": 1.12,
            "eps_latest_yearly": 0.6,
            "eps_growth_yearly": -71.09
        },
        "20231": {
            "year_quarter": 20231,
            "year": 2023,
            "quarter": 1,
            "eps": -0.16,
            "eps_growth_year": null,
            "eps_4q": -0.33,
            "eps_4q_growth_year": -156.34,
            "roe": -1.62,
            "roe_4q": -3.23,
            "gross_profit": 16263,
            "gross_margin": 2.58,
            "gross_margin_4q_avg": 5.29,
            "net_income": -22359,
            "revenue": 630829,
            "common_shares": 1391173,
            "book_valuer_per_share": 9.82,
            "book_valuer_per_share_4q_avg": 10.02,
            "equity": 1366117,
            "current_ratio": 264.2,
            "debt_ratio": 34.83,
            "inventory_turnover_ratio": 2.41,
            "account_receivable_turnover_ratio": 0.81,
            "reinvestment_rate": -34.62,
            "research_to_sale_ratio": 0.25,
            "price_fair": 3.36,
            "eps_avg_yearly": 1.12,
            "eps_latest_yearly": 0.6,
            "eps_growth_yearly": -71.09
        }
    },
    "months": {
        "2001-06": {
            "month": "2001-06",
            "price": "20.22",
            "revenue": 169543
        },
        "2001-07": {
            "month": "2001-07",
            "price": "16.17",
            "revenue": 250755
        },
        "2001-08": {
            "month": "2001-08",
            "price": "16.30",
            "revenue": 265769
        },
        "2001-09": {
            "month": "2001-09",
            "price": "11.14",
            "revenue": 277425
        },
        "2001-10": {
            "month": "2001-10",
            "price": "9.83",
            "revenue": 234690
        },
        "2001-11": {
            "month": "2001-11",
            "price": "10.59",
            "revenue": 154489
        },
        "2001-12": {
            "month": "2001-12",
            "price": "12.33",
            "revenue": 146820
        },
        "2002-01": {
            "month": "2002-01",
            "price": "15.37",
            "revenue": 215074
        },
        "2002-02": {
            "month": "2002-02",
            "price": "18.86",
            "revenue": 177454
        },
        "2002-03": {
            "month": "2002-03",
            "price": "24.45",
            "revenue": 301034
        },
        "2002-04": {
            "month": "2002-04",
            "price": "25.92",
            "revenue": 234329
        },
        "2002-05": {
            "month": "2002-05",
            "price": "20.45",
            "revenue": 206297
        },
        "2002-06": {
            "month": "2002-06",
            "price": "17.95",
            "revenue": 200785
        },
        "2002-07": {
            "month": "2002-07",
            "price": "15.31",
            "revenue": 180431
        },
        "2002-08": {
            "month": "2002-08",
            "price": "14.20",
            "revenue": 232515
        },
        "2002-09": {
            "month": "2002-09",
            "price": "12.51",
            "revenue": 240839
        },
        "2002-10": {
            "month": "2002-10",
            "price": "10.63",
            "revenue": 254968
        },
        "2002-11": {
            "month": "2002-11",
            "price": "11.76",
            "revenue": 278576
        },
        "2002-12": {
            "month": "2002-12",
            "price": "10.76",
            "revenue": 218616
        },
        "2003-01": {
            "month": "2003-01",
            "price": "10.27",
            "revenue": 192677
        },
        "2003-02": {
            "month": "2003-02",
            "price": "9.79",
            "revenue": 205103
        },
        "2003-03": {
            "month": "2003-03",
            "price": "9.77",
            "revenue": 260063
        },
        "2003-04": {
            "month": "2003-04",
            "price": "10.55",
            "revenue": 223668
        },
        "2003-05": {
            "month": "2003-05",
            "price": "10.50",
            "revenue": 195200
        },
        "2003-06": {
            "month": "2003-06",
            "price": "12.29",
            "revenue": 191405
        },
        "2003-07": {
            "month": "2003-07",
            "price": "11.80",
            "revenue": 213504
        },
        "2003-08": {
            "month": "2003-08",
            "price": "10.90",
            "revenue": 250962
        },
        "2003-09": {
            "month": "2003-09",
            "price": "10.11",
            "revenue": 239079
        },
        "2003-10": {
            "month": "2003-10",
            "price": "9.39",
            "revenue": 272730
        },
        "2003-11": {
            "month": "2003-11",
            "price": "8.86",
            "revenue": 267998
        },
        "2003-12": {
            "month": "2003-12",
            "price": "8.88",
            "revenue": 277982
        },
        "2004-01": {
            "month": "2004-01",
            "price": "9.29",
            "revenue": 145227
        },
        "2004-02": {
            "month": "2004-02",
            "price": "11.79",
            "revenue": 210056
        },
        "2004-03": {
            "month": "2004-03",
            "price": "10.62",
            "revenue": 261379
        },
        "2004-04": {
            "month": "2004-04",
            "price": "9.44",
            "revenue": 236481
        },
        "2004-05": {
            "month": "2004-05",
            "price": "7.04",
            "revenue": 219690
        },
        "2004-06": {
            "month": "2004-06",
            "price": "6.12",
            "revenue": 190562
        },
        "2004-07": {
            "month": "2004-07",
            "price": "5.08",
            "revenue": 188894
        },
        "2004-08": {
            "month": "2004-08",
            "price": "4.34",
            "revenue": 197861
        },
        "2004-09": {
            "month": "2004-09",
            "price": "4.43",
            "revenue": 209866
        },
        "2004-10": {
            "month": "2004-10",
            "price": "4.34",
            "revenue": 241329
        },
        "2004-11": {
            "month": "2004-11",
            "price": "4.32",
            "revenue": 245638
        },
        "2004-12": {
            "month": "2004-12",
            "price": "3.96",
            "revenue": 234912
        },
        "2005-01": {
            "month": "2005-01",
            "price": "3.69",
            "revenue": 219340
        },
        "2005-02": {
            "month": "2005-02",
            "price": "3.80",
            "revenue": 174406
        },
        "2005-03": {
            "month": "2005-03",
            "price": "4.34",
            "revenue": 200902
        },
        "2005-04": {
            "month": "2005-04",
            "price": "3.68",
            "revenue": 186435
        },
        "2005-05": {
            "month": "2005-05",
            "price": "3.74",
            "revenue": 153653
        },
        "2005-06": {
            "month": "2005-06",
            "price": "3.60",
            "revenue": 143769
        },
        "2005-07": {
            "month": "2005-07",
            "price": "3.76",
            "revenue": 197444
        },
        "2005-08": {
            "month": "2005-08",
            "price": "3.26",
            "revenue": 219684
        },
        "2005-09": {
            "month": "2005-09",
            "price": "2.88",
            "revenue": 235472
        },
        "2005-10": {
            "month": "2005-10",
            "price": "2.72",
            "revenue": 249789
        },
        "2005-11": {
            "month": "2005-11",
            "price": "2.72",
            "revenue": 270046
        },
        "2005-12": {
            "month": "2005-12",
            "price": "3.57",
            "revenue": 256281
        },
        "2006-01": {
            "month": "2006-01",
            "price": "3.64",
            "revenue": 229741
        },
        "2006-02": {
            "month": "2006-02",
            "price": "3.15",
            "revenue": 227857
        },
        "2006-03": {
            "month": "2006-03",
            "price": "2.94",
            "revenue": 239349
        },
        "2006-04": {
            "month": "2006-04",
            "price": "3.12",
            "revenue": 240956
        },
        "2006-05": {
            "month": "2006-05",
            "price": "3.19",
            "revenue": 268407
        },
        "2006-06": {
            "month": "2006-06",
            "price": "3.58",
            "revenue": 286373
        },
        "2006-07": {
            "month": "2006-07",
            "price": "3.07",
            "revenue": 292518
        },
        "2006-08": {
            "month": "2006-08",
            "price": "3.03",
            "revenue": 292158
        },
        "2006-09": {
            "month": "2006-09",
            "price": "2.82",
            "revenue": 331137
        },
        "2006-10": {
            "month": "2006-10",
            "price": "3.49",
            "revenue": 327121
        },
        "2006-11": {
            "month": "2006-11",
            "price": "6.06",
            "revenue": 312638
        },
        "2006-12": {
            "month": "2006-12",
            "price": "6.85",
            "revenue": 288318
        },
        "2007-01": {
            "month": "2007-01",
            "price": "6.23",
            "revenue": 309480
        },
        "2007-02": {
            "month": "2007-02",
            "price": "6.14",
            "revenue": 231972
        },
        "2007-03": {
            "month": "2007-03",
            "price": "6.18",
            "revenue": 352569
        },
        "2007-04": {
            "month": "2007-04",
            "price": "7.46",
            "revenue": 405240
        },
        "2007-05": {
            "month": "2007-05",
            "price": "8.92",
            "revenue": 377751
        },
        "2007-06": {
            "month": "2007-06",
            "price": "13.53",
            "revenue": 288068
        },
        "2007-07": {
            "month": "2007-07",
            "price": "13.11",
            "revenue": 376567
        },
        "2007-08": {
            "month": "2007-08",
            "price": "12.10",
            "revenue": 387649
        },
        "2007-09": {
            "month": "2007-09",
            "price": "11.26",
            "revenue": 361970
        },
        "2007-10": {
            "month": "2007-10",
            "price": "11.02",
            "revenue": 380311
        },
        "2007-11": {
            "month": "2007-11",
            "price": "13.48",
            "revenue": 337096
        },
        "2007-12": {
            "month": "2007-12",
            "price": "10.96",
            "revenue": 263543
        },
        "2008-01": {
            "month": "2008-01",
            "price": "8.48",
            "revenue": 304721
        },
        "2008-02": {
            "month": "2008-02",
            "price": "7.96",
            "revenue": 209301
        },
        "2008-03": {
            "month": "2008-03",
            "price": "9.03",
            "revenue": 350740
        },
        "2008-04": {
            "month": "2008-04",
            "price": "10.87",
            "revenue": 344070
        },
        "2008-05": {
            "month": "2008-05",
            "price": "10.77",
            "revenue": 342191
        },
        "2008-06": {
            "month": "2008-06",
            "price": "10.25",
            "revenue": 290195
        },
        "2008-07": {
            "month": "2008-07",
            "price": "8.04",
            "revenue": 287167
        },
        "2008-08": {
            "month": "2008-08",
            "price": "7.39",
            "revenue": 274943
        },
        "2008-09": {
            "month": "2008-09",
            "price": "5.84",
            "revenue": 235970
        },
        "2008-10": {
            "month": "2008-10",
            "price": "5.09",
            "revenue": 248288
        },
        "2008-11": {
            "month": "2008-11",
            "price": "5.45",
            "revenue": 183923
        },
        "2008-12": {
            "month": "2008-12",
            "price": "5.03",
            "revenue": 140303
        },
        "2009-01": {
            "month": "2009-01",
            "price": "4.44",
            "revenue": 117064
        },
        "2009-02": {
            "month": "2009-02",
            "price": "3.84",
            "revenue": 144956
        },
        "2009-03": {
            "month": "2009-03",
            "price": "4.90",
            "revenue": 174229
        },
        "2009-04": {
            "month": "2009-04",
            "price": "6.07",
            "revenue": 190127
        },
        "2009-05": {
            "month": "2009-05",
            "price": "6.03",
            "revenue": 171378
        },
        "2009-06": {
            "month": "2009-06",
            "price": "4.91",
            "revenue": 174100
        },
        "2009-07": {
            "month": "2009-07",
            "price": "4.99",
            "revenue": 187101
        },
        "2009-08": {
            "month": "2009-08",
            "price": "5.53",
            "revenue": 191903
        },
        "2009-09": {
            "month": "2009-09",
            "price": "6.48",
            "revenue": 189976
        },
        "2009-10": {
            "month": "2009-10",
            "price": "9.44",
            "revenue": 168912
        },
        "2009-11": {
            "month": "2009-11",
            "price": "9.67",
            "revenue": 166928
        },
        "2009-12": {
            "month": "2009-12",
            "price": "11.93",
            "revenue": 198069
        },
        "2010-01": {
            "month": "2010-01",
            "price": "12.56",
            "revenue": 223909
        },
        "2010-02": {
            "month": "2010-02",
            "price": "10.91",
            "revenue": 140523
        },
        "2010-03": {
            "month": "2010-03",
            "price": "11.84",
            "revenue": 220943
        },
        "2010-04": {
            "month": "2010-04",
            "price": "12.32",
            "revenue": 242054
        },
        "2010-05": {
            "month": "2010-05",
            "price": "11.19",
            "revenue": 273156
        },
        "2010-06": {
            "month": "2010-06",
            "price": "11.07",
            "revenue": 228391
        },
        "2010-07": {
            "month": "2010-07",
            "price": "11.56",
            "revenue": 238952
        },
        "2010-08": {
            "month": "2010-08",
            "price": "11.82",
            "revenue": 213958
        },
        "2010-09": {
            "month": "2010-09",
            "price": "10.47",
            "revenue": 187296
        },
        "2010-10": {
            "month": "2010-10",
            "price": "10.01",
            "revenue": 188507
        },
        "2010-11": {
            "month": "2010-11",
            "price": "8.42",
            "revenue": 202002
        },
        "2010-12": {
            "month": "2010-12",
            "price": "9.09",
            "revenue": 226944
        },
        "2011-01": {
            "month": "2011-01",
            "price": "9.00",
            "revenue": 201672
        },
        "2011-02": {
            "month": "2011-02",
            "price": "8.45",
            "revenue": 152770
        },
        "2011-03": {
            "month": "2011-03",
            "price": "7.87",
            "revenue": 215773
        },
        "2011-04": {
            "month": "2011-04",
            "price": "7.63",
            "revenue": 228166
        },
        "2011-05": {
            "month": "2011-05",
            "price": "7.25",
            "revenue": 221988
        },
        "2011-06": {
            "month": "2011-06",
            "price": "7.38",
            "revenue": 177280
        },
        "2011-07": {
            "month": "2011-07",
            "price": "7.08",
            "revenue": 220767
        },
        "2011-08": {
            "month": "2011-08",
            "price": "6.87",
            "revenue": 226365
        },
        "2011-09": {
            "month": "2011-09",
            "price": "6.64",
            "revenue": 172924
        },
        "2011-10": {
            "month": "2011-10",
            "price": "6.14",
            "revenue": 162218
        },
        "2011-11": {
            "month": "2011-11",
            "price": "6.22",
            "revenue": 193233
        },
        "2011-12": {
            "month": "2011-12",
            "price": "6.02",
            "revenue": 196521
        },
        "2012-01": {
            "month": "2012-01",
            "price": "5.71",
            "revenue": 125813
        },
        "2012-02": {
            "month": "2012-02",
            "price": "6.89",
            "revenue": 174315
        },
        "2012-03": {
            "month": "2012-03",
            "price": "6.57",
            "revenue": 189579
        },
        "2012-04": {
            "month": "2012-04",
            "price": "5.61",
            "revenue": 198318
        },
        "2012-05": {
            "month": "2012-05",
            "price": "4.93",
            "revenue": 194238
        },
        "2012-06": {
            "month": "2012-06",
            "price": "4.61",
            "revenue": 160158
        },
        "2012-07": {
            "month": "2012-07",
            "price": "4.41",
            "revenue": 195696
        },
        "2012-08": {
            "month": "2012-08",
            "price": "4.54",
            "revenue": 192525
        },
        "2012-09": {
            "month": "2012-09",
            "price": "6.19",
            "revenue": 182117
        },
        "2012-10": {
            "month": "2012-10",
            "price": "5.89",
            "revenue": 151533
        },
        "2012-11": {
            "month": "2012-11",
            "price": "5.57",
            "revenue": 161446
        },
        "2012-12": {
            "month": "2012-12",
            "price": "6.94",
            "revenue": 173699
        },
        "2013-01": {
            "month": "2013-01",
            "price": "7.01",
            "revenue": 159605
        },
        "2013-02": {
            "month": "2013-02",
            "price": "6.64",
            "revenue": 104291
        },
        "2013-03": {
            "month": "2013-03",
            "price": "6.61",
            "revenue": 151572
        },
        "2013-04": {
            "month": "2013-04",
            "price": "6.95",
            "revenue": 207261
        },
        "2013-05": {
            "month": "2013-05",
            "price": "7.00",
            "revenue": 197137
        },
        "2013-06": {
            "month": "2013-06",
            "price": "7.27",
            "revenue": 192099
        },
        "2013-07": {
            "month": "2013-07",
            "price": "7.68",
            "revenue": 176840
        },
        "2013-08": {
            "month": "2013-08",
            "price": "7.71",
            "revenue": 197446
        },
        "2013-09": {
            "month": "2013-09",
            "price": "8.04",
            "revenue": 208366
        },
        "2013-10": {
            "month": "2013-10",
            "price": "8.03",
            "revenue": 184561
        },
        "2013-11": {
            "month": "2013-11",
            "price": "9.66",
            "revenue": 247056
        },
        "2013-12": {
            "month": "2013-12",
            "price": "10.44",
            "revenue": 190919
        },
        "2014-01": {
            "month": "2014-01",
            "price": "10.83",
            "revenue": 197240
        },
        "2014-02": {
            "month": "2014-02",
            "price": "10.58",
            "revenue": 169949
        },
        "2014-03": {
            "month": "2014-03",
            "price": "10.98",
            "revenue": 262465
        },
        "2014-04": {
            "month": "2014-04",
            "price": "11.97",
            "revenue": 207129
        },
        "2014-05": {
            "month": "2014-05",
            "price": "11.78",
            "revenue": 232875
        },
        "2014-06": {
            "month": "2014-06",
            "price": "11.42",
            "revenue": 192319
        },
        "2014-07": {
            "month": "2014-07",
            "price": "11.09",
            "revenue": 199253
        },
        "2014-08": {
            "month": "2014-08",
            "price": "10.23",
            "revenue": 215568
        },
        "2014-09": {
            "month": "2014-09",
            "price": "10.45",
            "revenue": 192628
        },
        "2014-10": {
            "month": "2014-10",
            "price": "9.64",
            "revenue": 205270
        },
        "2014-11": {
            "month": "2014-11",
            "price": "10.22",
            "revenue": 225496
        },
        "2014-12": {
            "month": "2014-12",
            "price": "10.39",
            "revenue": 228176
        },
        "2015-01": {
            "month": "2015-01",
            "price": "10.36",
            "revenue": 229519
        },
        "2015-02": {
            "month": "2015-02",
            "price": "10.32",
            "revenue": 121908
        },
        "2015-03": {
            "month": "2015-03",
            "price": "10.04",
            "revenue": 225968
        },
        "2015-04": {
            "month": "2015-04",
            "price": "9.67",
            "revenue": 225062
        },
        "2015-05": {
            "month": "2015-05",
            "price": "9.52",
            "revenue": 209970
        },
        "2015-06": {
            "month": "2015-06",
            "price": "7.51",
            "revenue": 204333
        },
        "2015-07": {
            "month": "2015-07",
            "price": "8.96",
            "revenue": 206576
        },
        "2015-08": {
            "month": "2015-08",
            "price": "9.06",
            "revenue": 211961
        },
        "2015-09": {
            "month": "2015-09",
            "price": "8.69",
            "revenue": 197795
        },
        "2015-10": {
            "month": "2015-10",
            "price": "8.27",
            "revenue": 194285
        },
        "2015-11": {
            "month": "2015-11",
            "price": "7.98",
            "revenue": 228375
        },
        "2015-12": {
            "month": "2015-12",
            "price": "7.71",
            "revenue": 185460
        },
        "2016-01": {
            "month": "2016-01",
            "price": "7.55",
            "revenue": 167575
        },
        "2016-02": {
            "month": "2016-02",
            "price": "8.06",
            "revenue": 96507
        },
        "2016-03": {
            "month": "2016-03",
            "price": "8.27",
            "revenue": 212720
        },
        "2016-04": {
            "month": "2016-04",
            "price": "8.65",
            "revenue": 185795
        },
        "2016-05": {
            "month": "2016-05",
            "price": "8.76",
            "revenue": 190421
        },
        "2016-06": {
            "month": "2016-06",
            "price": "8.83",
            "revenue": 188821
        },
        "2016-07": {
            "month": "2016-07",
            "price": "8.26",
            "revenue": 204667
        },
        "2016-08": {
            "month": "2016-08",
            "price": "8.20",
            "revenue": 205493
        },
        "2016-09": {
            "month": "2016-09",
            "price": "8.85",
            "revenue": 196842
        },
        "2016-10": {
            "month": "2016-10",
            "price": "8.32",
            "revenue": 191511
        },
        "2016-11": {
            "month": "2016-11",
            "price": "8.76",
            "revenue": 229086
        },
        "2016-12": {
            "month": "2016-12",
            "price": "8.74",
            "revenue": 251397
        },
        "2017-01": {
            "month": "2017-01",
            "price": "9.47",
            "revenue": 164373
        },
        "2017-02": {
            "month": "2017-02",
            "price": "9.78",
            "revenue": 214946
        },
        "2017-03": {
            "month": "2017-03",
            "price": "10.17",
            "revenue": 279509
        },
        "2017-04": {
            "month": "2017-04",
            "price": "10.39",
            "revenue": 238392
        },
        "2017-05": {
            "month": "2017-05",
            "price": "10.52",
            "revenue": 235042
        },
        "2017-06": {
            "month": "2017-06",
            "price": "10.49",
            "revenue": 255270
        },
        "2017-07": {
            "month": "2017-07",
            "price": "10.97",
            "revenue": 258305
        },
        "2017-08": {
            "month": "2017-08",
            "price": "10.24",
            "revenue": 288543
        },
        "2017-09": {
            "month": "2017-09",
            "price": "10.32",
            "revenue": 301536
        },
        "2017-10": {
            "month": "2017-10",
            "price": "10.48",
            "revenue": 259951
        },
        "2017-11": {
            "month": "2017-11",
            "price": "10.59",
            "revenue": 316424
        },
        "2017-12": {
            "month": "2017-12",
            "price": "10.27",
            "revenue": 285279
        },
        "2018-01": {
            "month": "2018-01",
            "price": "10.45",
            "revenue": 334465
        },
        "2018-02": {
            "month": "2018-02",
            "price": "10.25",
            "revenue": 153397
        },
        "2018-03": {
            "month": "2018-03",
            "price": "13.66",
            "revenue": 340449
        },
        "2018-04": {
            "month": "2018-04",
            "price": "11.98",
            "revenue": 277549
        },
        "2018-05": {
            "month": "2018-05",
            "price": "11.21",
            "revenue": 333241
        },
        "2018-06": {
            "month": "2018-06",
            "price": "12.61",
            "revenue": 274744
        },
        "2018-07": {
            "month": "2018-07",
            "price": "10.99",
            "revenue": 318274
        },
        "2018-08": {
            "month": "2018-08",
            "price": "9.88",
            "revenue": 271094
        },
        "2018-09": {
            "month": "2018-09",
            "price": "8.99",
            "revenue": 254338
        },
        "2018-10": {
            "month": "2018-10",
            "price": "7.69",
            "revenue": 275316
        },
        "2018-11": {
            "month": "2018-11",
            "price": "7.83",
            "revenue": 292876
        },
        "2018-12": {
            "month": "2018-12",
            "price": "9.19",
            "revenue": 255743
        },
        "2019-01": {
            "month": "2019-01",
            "price": "9.46",
            "revenue": 220309
        },
        "2019-02": {
            "month": "2019-02",
            "price": "10.05",
            "revenue": 124951
        },
        "2019-03": {
            "month": "2019-03",
            "price": "9.98",
            "revenue": 242550
        },
        "2019-04": {
            "month": "2019-04",
            "price": "9.74",
            "revenue": 250751
        },
        "2019-05": {
            "month": "2019-05",
            "price": "8.79",
            "revenue": 228531
        },
        "2019-06": {
            "month": "2019-06",
            "price": "8.42",
            "revenue": 202869
        },
        "2019-07": {
            "month": "2019-07",
            "price": "8.41",
            "revenue": 241056
        },
        "2019-08": {
            "month": "2019-08",
            "price": "7.98",
            "revenue": 237789
        },
        "2019-09": {
            "month": "2019-09",
            "price": "8.04",
            "revenue": 233562
        },
        "2019-10": {
            "month": "2019-10",
            "price": "7.97",
            "revenue": 236208
        },
        "2019-11": {
            "month": "2019-11",
            "price": "8.83",
            "revenue": 283412
        },
        "2019-12": {
            "month": "2019-12",
            "price": "9.33",
            "revenue": 261927
        },
        "2020-01": {
            "month": "2020-01",
            "price": "9.51",
            "revenue": 134953
        },
        "2020-02": {
            "month": "2020-02",
            "price": "8.98",
            "revenue": 120054
        },
        "2020-03": {
            "month": "2020-03",
            "price": "7.46",
            "revenue": 254508
        },
        "2020-04": {
            "month": "2020-04",
            "price": "8.91",
            "revenue": 247933
        },
        "2020-05": {
            "month": "2020-05",
            "price": "8.85",
            "revenue": 220803
        },
        "2020-06": {
            "month": "2020-06",
            "price": "8.41",
            "revenue": 196649
        },
        "2020-07": {
            "month": "2020-07",
            "price": "8.39",
            "revenue": 282077
        },
        "2020-08": {
            "month": "2020-08",
            "price": "10.35",
            "revenue": 273200
        },
        "2020-09": {
            "month": "2020-09",
            "price": "11.96",
            "revenue": 269219
        },
        "2020-10": {
            "month": "2020-10",
            "price": "11.47",
            "revenue": 285828
        },
        "2020-11": {
            "month": "2020-11",
            "price": "11.61",
            "revenue": 320553
        },
        "2020-12": {
            "month": "2020-12",
            "price": "13.44",
            "revenue": 380545
        },
        "2021-01": {
            "month": "2021-01",
            "price": "13.32",
            "revenue": 370296
        },
        "2021-02": {
            "month": "2021-02",
            "price": "12.88",
            "revenue": 212378
        },
        "2021-03": {
            "month": "2021-03",
            "price": "14.16",
            "revenue": 437178
        },
        "2021-04": {
            "month": "2021-04",
            "price": "21.47",
            "revenue": 410043
        },
        "2021-05": {
            "month": "2021-05",
            "price": "19.09",
            "revenue": 407547
        },
        "2021-06": {
            "month": "2021-06",
            "price": "19.25",
            "revenue": 408475
        },
        "2021-07": {
            "month": "2021-07",
            "price": "22.65",
            "revenue": 351151
        },
        "2021-08": {
            "month": "2021-08",
            "price": "17.61",
            "revenue": 324698
        },
        "2021-09": {
            "month": "2021-09",
            "price": "14.65",
            "revenue": 282851
        },
        "2021-10": {
            "month": "2021-10",
            "price": "13.92",
            "revenue": 300100
        },
        "2021-11": {
            "month": "2021-11",
            "price": "16.68",
            "revenue": 342243
        },
        "2021-12": {
            "month": "2021-12",
            "price": "17.59",
            "revenue": 352743
        },
        "2022-01": {
            "month": "2022-01",
            "price": "17.92",
            "revenue": 256585
        },
        "2022-02": {
            "month": "2022-02",
            "price": "16.83",
            "revenue": 244133
        },
        "2022-03": {
            "month": "2022-03",
            "price": "15.15",
            "revenue": 315391
        },
        "2022-04": {
            "month": "2022-04",
            "price": "14.50",
            "revenue": 338032
        },
        "2022-05": {
            "month": "2022-05",
            "price": "13.45",
            "revenue": 333638
        },
        "2022-06": {
            "month": "2022-06",
            "price": "12.93",
            "revenue": 240824
        },
        "2022-07": {
            "month": "2022-07",
            "price": "12.05",
            "revenue": 207441
        },
        "2022-08": {
            "month": "2022-08",
            "price": "14.15",
            "revenue": 228254
        },
        "2022-09": {
            "month": "2022-09",
            "price": "12.63",
            "revenue": 249138
        },
        "2022-10": {
            "month": "2022-10",
            "price": "12.11",
            "revenue": 221415
        },
        "2022-11": {
            "month": "2022-11",
            "price": "12.61",
            "revenue": 254514
        },
        "2022-12": {
            "month": "2022-12",
            "price": "12.38",
            "revenue": 234898
        },
        "2023-01": {
            "month": "2023-01",
            "price": "11.91",
            "revenue": 91513
        },
        "2023-02": {
            "month": "2023-02",
            "price": "11.92",
            "revenue": 264914
        },
        "2023-03": {
            "month": "2023-03",
            "price": "11.57",
            "revenue": 270073
        },
        "2023-04": {
            "month": "2023-04",
            "price": "11.53",
            "revenue": 231112
        }
    }
}
