{
    "summary": {
        "stock_name": "超豐",
        "stock_id": "2441",
        "category": "半導體",
        "main_business": "各種積體電路之封裝、測試及相關業務",
        "website_url": "http://www.greatek.com.tw",
        "ceo": "甯鑑超",
        "pe_ratio": 13,
        "report_year_from": 2001,
        "report_year_to": 2023,
        "age": 22,
        "eps_negative_percentage": 0,
        "eps_growth_avg": {
            "last_all": 12.1,
            "last_2y": 27.38,
            "last_4y": 11.32,
            "last_8y": 11.84,
            "last_12y": 10.25,
            "last_16y": 5.29,
            "last_20y": 12.1,
            "at_2006_last_3y": 18.92,
            "at_2007_last_3y": 10.64,
            "at_2008_last_3y": -6.74,
            "at_2009_last_3y": -10.85,
            "at_2010_last_3y": -13.07,
            "at_2011_last_3y": -23.35,
            "at_2012_last_3y": -4.51,
            "at_2013_last_3y": 6.69,
            "at_2014_last_3y": 15.37,
            "at_2015_last_3y": 22.82,
            "at_2016_last_3y": 16.93,
            "at_2017_last_3y": 12.47,
            "at_2018_last_3y": 1.92,
            "at_2019_last_3y": -0.01,
            "at_2020_last_3y": 6.81,
            "at_2021_last_3y": 22.03,
            "at_2022_last_3y": 15.4,
            "at_2023_last_3y": 15.4,
            "at_2006_last_all": 35.13,
            "at_2007_last_all": 29.03,
            "at_2008_last_all": 19.37,
            "at_2009_last_all": 15.11,
            "at_2010_last_all": 13.71,
            "at_2011_last_all": 8.08,
            "at_2012_last_all": 10.69,
            "at_2013_last_all": 12.3,
            "at_2014_last_all": 14.22,
            "at_2015_last_all": 12.29,
            "at_2016_last_all": 12.35,
            "at_2017_last_all": 12.35,
            "at_2018_last_all": 11.33,
            "at_2019_last_all": 9.56,
            "at_2020_last_all": 11.19,
            "at_2021_last_all": 14.28,
            "at_2022_last_all": 12.1,
            "at_2023_last_all": 12.1
        },
        "latest_eps": 4.13,
        "latest_price": 54.5,
        "latest_roe": 10.83,
        "latest_gross_margin": 17.78,
        "latest_equity": 21404155,
        "latest_revenue": 3016735,
        "latest_gross_profit": 536441,
        "latest_net_income": 355891,
        "latest_debt_ratio": 13.99,
        "latest_current_ratio": 308.06,
        "latest_account_receivable_turnover_ratio": 1.3,
        "latest_inventory_turnover_ratio": 1.85,
        "latest_reinvestment_rate": 33.33,
        "latest_research_to_sale_ratio": 1.8
    },
    "eps_dividends": {
        "2000": {
            "cash": 0,
            "stock": 2,
            "eps": 0
        },
        "2001": {
            "cash": 0,
            "stock": 2,
            "eps": 1.26
        },
        "2002": {
            "cash": 0,
            "stock": 1,
            "eps": 2.75
        },
        "2003": {
            "cash": 1,
            "stock": 1,
            "eps": 3.62
        },
        "2004": {
            "cash": 2,
            "stock": 1,
            "eps": 4.74
        },
        "2005": {
            "cash": 2,
            "stock": 1,
            "eps": 4.82
        },
        "2006": {
            "cash": 2,
            "stock": 1,
            "eps": 5.37
        },
        "2007": {
            "cash": 3,
            "stock": 1,
            "eps": 5.29
        },
        "2008": {
            "cash": 3,
            "stock": 1,
            "eps": 3.25
        },
        "2009": {
            "cash": 2,
            "stock": 0,
            "eps": 2.77
        },
        "2010": {
            "cash": 2,
            "stock": 0,
            "eps": 2.84
        },
        "2011": {
            "cash": 3,
            "stock": 0,
            "eps": 1.63
        },
        "2012": {
            "cash": 0,
            "stock": 0,
            "eps": 2.23
        },
        "2013": {
            "cash": 2,
            "stock": 0,
            "eps": 2.9
        },
        "2014": {
            "cash": 2,
            "stock": 0,
            "eps": 3.98
        },
        "2015": {
            "cash": 3,
            "stock": 0,
            "eps": 3.47
        },
        "2016": {
            "cash": 2,
            "stock": 0,
            "eps": 3.93
        },
        "2017": {
            "cash": 3,
            "stock": 0,
            "eps": 4.41
        },
        "2018": {
            "cash": 3,
            "stock": 0,
            "eps": 4.19
        },
        "2019": {
            "cash": 3,
            "stock": 0,
            "eps": 3.33
        },
        "2020": {
            "cash": 2,
            "stock": 0,
            "eps": 4.68
        },
        "2021": {
            "cash": 3,
            "stock": 0,
            "eps": 8.1
        },
        "2022": {
            "cash": 5,
            "stock": 0,
            "eps": 5.55
        },
        "2023": {
            "cash": 4,
            "stock": 0,
            "eps": 0.63
        }
    },
    "dividends": {
        "2000-04-18": {
            "cash": 0,
            "stock": 2
        },
        "2001-05-30": {
            "cash": 0,
            "stock": 1.8
        },
        "2002-06-03": {
            "cash": 0.3,
            "stock": 0.5
        },
        "2003-04-18": {
            "cash": 1,
            "stock": 1
        },
        "2004-04-08": {
            "cash": 1.75,
            "stock": 0.7
        },
        "2005-04-21": {
            "cash": 2.09,
            "stock": 0.89
        },
        "2006-04-20": {
            "cash": 2.2,
            "stock": 1
        },
        "2007-04-18": {
            "cash": 2.8,
            "stock": 0.8
        },
        "2008-04-09": {
            "cash": 3,
            "stock": 0.6
        },
        "2009-04-15": {
            "cash": 1.6,
            "stock": 0.4
        },
        "2010-03-23": {
            "cash": 1.8,
            "stock": 0.2
        },
        "2011-01-01": {
            "cash": 1.2,
            "stock": 0
        },
        "2011-04-27": {
            "cash": 2,
            "stock": 0
        },
        "2013-04-29": {
            "cash": 1.6,
            "stock": 0
        },
        "2014-10-09": {
            "cash": 2,
            "stock": 0
        },
        "2015-09-30": {
            "cash": 2.8,
            "stock": 0
        },
        "2016-09-30": {
            "cash": 2.4,
            "stock": 0
        },
        "2017-09-29": {
            "cash": 2.75,
            "stock": 0
        },
        "2018-09-27": {
            "cash": 3,
            "stock": 0
        },
        "2019-09-27": {
            "cash": 2.7,
            "stock": 0
        },
        "2020-09-26": {
            "cash": 2.3,
            "stock": 0
        },
        "2021-09-29": {
            "cash": 3.1,
            "stock": 0
        },
        "2022-09-28": {
            "cash": 5,
            "stock": 0
        },
        "2023-02-24": {
            "cash": 3.7,
            "stock": 0
        }
    },
    "prices": {
        "200101": "20.25",
        "200102": "26.61",
        "200103": "25.88",
        "200104": "27.70",
        "200105": "23.95",
        "200106": "21.47",
        "200107": "15.34",
        "200108": "13.67",
        "200109": "12.07",
        "200110": "11.09",
        "200111": "13.34",
        "200112": "17.24",
        "200201": "19.24",
        "200202": "21.84",
        "200203": "31.25",
        "200204": "44.44",
        "200205": "39.82",
        "200206": "33.00",
        "200207": "31.61",
        "200208": "35.76",
        "200209": "33.10",
        "200210": "29.03",
        "200211": "28.74",
        "200212": "26.77",
        "200301": "25.79",
        "200302": "27.09",
        "200303": "30.02",
        "200304": "30.55",
        "200305": "27.63",
        "200306": "30.12",
        "200307": "32.28",
        "200308": "32.23",
        "200309": "31.24",
        "200310": "32.71",
        "200311": "35.10",
        "200312": "35.11",
        "200401": "39.06",
        "200402": "42.24",
        "200403": "44.17",
        "200404": "45.63",
        "200405": "35.71",
        "200406": "33.98",
        "200407": "29.80",
        "200408": "30.17",
        "200409": "28.51",
        "200410": "26.98",
        "200411": "29.01",
        "200412": "28.56",
        "200501": "27.95",
        "200502": "30.70",
        "200503": "30.83",
        "200504": "32.00",
        "200505": "30.63",
        "200506": "32.40",
        "200507": "35.91",
        "200508": "35.85",
        "200509": "33.60",
        "200510": "33.16",
        "200511": "33.89",
        "200512": "40.41",
        "200601": "39.36",
        "200602": "38.33",
        "200603": "38.58",
        "200604": "41.81",
        "200605": "42.12",
        "200606": "36.62",
        "200607": "35.65",
        "200608": "36.99",
        "200609": "35.74",
        "200610": "36.53",
        "200611": "39.32",
        "200612": "42.98",
        "200701": "42.47",
        "200702": "43.22",
        "200703": "49.49",
        "200704": "52.35",
        "200705": "52.96",
        "200706": "56.25",
        "200707": "58.95",
        "200708": "51.79",
        "200709": "49.69",
        "200710": "49.39",
        "200711": "46.46",
        "200712": "40.23",
        "200801": "38.58",
        "200802": "37.63",
        "200803": "38.41",
        "200804": "41.92",
        "200805": "40.35",
        "200806": "37.89",
        "200807": "35.15",
        "200808": "36.35",
        "200809": "29.41",
        "200810": "21.55",
        "200811": "18.97",
        "200812": "17.67",
        "200901": "17.73",
        "200902": "19.54",
        "200903": "23.90",
        "200904": "26.80",
        "200905": "27.92",
        "200906": "26.63",
        "200907": "29.76",
        "200908": "32.01",
        "200909": "32.15",
        "200910": "32.02",
        "200911": "31.57",
        "200912": "31.74",
        "201001": "32.14",
        "201002": "30.64",
        "201003": "31.99",
        "201004": "34.59",
        "201005": "32.95",
        "201006": "31.83",
        "201007": "31.68",
        "201008": "31.89",
        "201009": "30.71",
        "201010": "29.68",
        "201011": "28.61",
        "201012": "29.28",
        "201101": "29.58",
        "201102": "29.14",
        "201103": "27.42",
        "201104": "26.09",
        "201105": "26.18",
        "201106": "26.55",
        "201107": "26.03",
        "201108": "21.72",
        "201109": "20.38",
        "201110": "20.59",
        "201111": "19.73",
        "201112": "21.12",
        "201201": "24.12",
        "201202": "25.07",
        "201203": "24.39",
        "201204": "23.84",
        "201205": "23.16",
        "201206": "21.59",
        "201207": "22.20",
        "201208": "23.93",
        "201209": "23.19",
        "201210": "22.56",
        "201211": "21.99",
        "201212": "23.34",
        "201301": "23.43",
        "201302": "23.68",
        "201303": "23.88",
        "201304": "23.81",
        "201305": "24.98",
        "201306": "25.46",
        "201307": "25.29",
        "201308": "25.73",
        "201309": "25.14",
        "201310": "25.26",
        "201311": "25.43",
        "201312": "26.47",
        "201401": "28.98",
        "201402": "29.78",
        "201403": "31.06",
        "201404": "35.19",
        "201405": "38.27",
        "201406": "40.29",
        "201407": "41.08",
        "201408": "41.02",
        "201409": "39.78",
        "201410": "37.88",
        "201411": "36.96",
        "201412": "37.67",
        "201501": "38.89",
        "201502": "37.72",
        "201503": "40.76",
        "201504": "40.73",
        "201505": "41.52",
        "201506": "37.88",
        "201507": "33.05",
        "201508": "28.80",
        "201509": "27.54",
        "201510": "30.06",
        "201511": "33.75",
        "201512": "34.95",
        "201601": "33.69",
        "201602": "35.44",
        "201603": "36.88",
        "201604": "35.88",
        "201605": "36.39",
        "201606": "37.75",
        "201607": "38.12",
        "201608": "40.37",
        "201609": "39.48",
        "201610": "39.66",
        "201611": "38.64",
        "201612": "38.58",
        "201701": "39.28",
        "201702": "40.61",
        "201703": "42.08",
        "201704": "41.79",
        "201705": "43.92",
        "201706": "48.67",
        "201707": "50.85",
        "201708": "50.27",
        "201709": "49.30",
        "201710": "53.31",
        "201711": "53.15",
        "201712": "51.80",
        "201801": "53.91",
        "201802": "55.32",
        "201803": "56.78",
        "201804": "55.86",
        "201805": "53.73",
        "201806": "54.14",
        "201807": "53.02",
        "201808": "53.02",
        "201809": "50.62",
        "201810": "43.54",
        "201811": "40.93",
        "201812": "39.91",
        "201901": "40.56",
        "201902": "41.61",
        "201903": "42.46",
        "201904": "42.62",
        "201905": "41.25",
        "201906": "41.76",
        "201907": "43.81",
        "201908": "43.24",
        "201909": "42.56",
        "201910": "42.55",
        "201911": "45.01",
        "201912": "46.97",
        "202001": "47.36",
        "202002": "47.56",
        "202003": "41.39",
        "202004": "42.29",
        "202005": "45.01",
        "202006": "45.79",
        "202007": "50.24",
        "202008": "51.96",
        "202009": "50.71",
        "202010": "50.29",
        "202011": "52.13",
        "202012": "55.34",
        "202101": "61.81",
        "202102": "70.59",
        "202103": "68.67",
        "202104": "71.52",
        "202105": "68.15",
        "202106": "75.78",
        "202107": "84.55",
        "202108": "90.90",
        "202109": "86.16",
        "202110": "77.55",
        "202111": "79.06",
        "202112": "76.93",
        "202201": "75.22",
        "202202": "73.15",
        "202203": "74.06",
        "202204": "70.62",
        "202205": "71.13",
        "202206": "68.18",
        "202207": "61.53",
        "202208": "62.55",
        "202209": "53.97",
        "202210": "47.33",
        "202211": "48.09",
        "202212": "48.57",
        "202301": "48.83",
        "202302": "52.57",
        "202303": "53.96",
        "202304": "53.94",
        "202305": "53.62"
    },
    "quarters": {
        "20011": {
            "year_quarter": 20011,
            "year": 2001,
            "quarter": 1,
            "eps": 0.56,
            "eps_growth_year": 21.74,
            "eps_4q": 2.93,
            "eps_4q_growth_year": null,
            "roe": 3.34,
            "roe_4q": 3.34,
            "gross_profit": 131335,
            "gross_margin": 16.23,
            "gross_margin_4q_avg": 16.23,
            "net_income": 103970,
            "revenue": 809199,
            "common_shares": 1842819,
            "book_valuer_per_share": 17.2,
            "book_valuer_per_share_4q_avg": 17.2,
            "equity": 3169185,
            "current_ratio": 156.18,
            "debt_ratio": 39.73,
            "inventory_turnover_ratio": 2.82,
            "account_receivable_turnover_ratio": null,
            "reinvestment_rate": null,
            "research_to_sale_ratio": null,
            "price_fair": 0,
            "eps_avg_yearly": 0,
            "eps_latest_yearly": 0,
            "eps_growth_yearly": 0
        },
        "20012": {
            "year_quarter": 20012,
            "year": 2001,
            "quarter": 2,
            "eps": 0.29,
            "eps_growth_year": -63.29,
            "eps_4q": 2.48,
            "eps_4q_growth_year": 5.38,
            "roe": 1.65,
            "roe_4q": 4.99,
            "gross_profit": 148677,
            "gross_margin": 17.9,
            "gross_margin_4q_avg": 17.07,
            "net_income": 52662,
            "revenue": 830520,
            "common_shares": 1842819,
            "book_valuer_per_share": 17.37,
            "book_valuer_per_share_4q_avg": 17.29,
            "equity": 3201114,
            "current_ratio": 146.89,
            "debt_ratio": 42.46,
            "inventory_turnover_ratio": 3.08,
            "account_receivable_turnover_ratio": null,
            "reinvestment_rate": null,
            "research_to_sale_ratio": null,
            "price_fair": 0,
            "eps_avg_yearly": 0,
            "eps_latest_yearly": 0,
            "eps_growth_yearly": 0
        },
        "20013": {
            "year_quarter": 20013,
            "year": 2001,
            "quarter": 3,
            "eps": 0.07,
            "eps_growth_year": -92.22,
            "eps_4q": 1.33,
            "eps_4q_growth_year": -55.66,
            "roe": 0.49,
            "roe_4q": 5.4799999999999995,
            "gross_profit": 61858,
            "gross_margin": 8.29,
            "gross_margin_4q_avg": 14.14,
            "net_income": 15792,
            "revenue": 746423,
            "common_shares": 2236722,
            "book_valuer_per_share": 14.38,
            "book_valuer_per_share_4q_avg": 16.32,
            "equity": 3216906,
            "current_ratio": 163.93,
            "debt_ratio": 40.91,
            "inventory_turnover_ratio": 3.13,
            "account_receivable_turnover_ratio": null,
            "reinvestment_rate": null,
            "research_to_sale_ratio": null,
            "price_fair": 0,
            "eps_avg_yearly": 0,
            "eps_latest_yearly": 0,
            "eps_growth_yearly": 0
        },
        "20014": {
            "year_quarter": 20014,
            "year": 2001,
            "quarter": 4,
            "eps": 0.34,
            "eps_growth_year": -50.72,
            "eps_4q": 1.11,
            "eps_4q_growth_year": -60.69,
            "roe": 2.33,
            "roe_4q": 7.8100000000000005,
            "gross_profit": 152908,
            "gross_margin": 16.43,
            "gross_margin_4q_avg": 14.71,
            "net_income": 75685,
            "revenue": 930471,
            "common_shares": 2236722,
            "book_valuer_per_share": 14.72,
            "book_valuer_per_share_4q_avg": 15.92,
            "equity": 3292591,
            "current_ratio": 195.31,
            "debt_ratio": 41.8,
            "inventory_turnover_ratio": 3.53,
            "account_receivable_turnover_ratio": null,
            "reinvestment_rate": null,
            "research_to_sale_ratio": null,
            "price_fair": 0,
            "eps_avg_yearly": 0,
            "eps_latest_yearly": 0,
            "eps_growth_yearly": 0
        },
        "20021": {
            "year_quarter": 20021,
            "year": 2002,
            "quarter": 1,
            "eps": 0.62,
            "eps_growth_year": 10.71,
            "eps_4q": 1.27,
            "eps_4q_growth_year": -56.67,
            "roe": 4.11,
            "roe_4q": 8.58,
            "gross_profit": 222344,
            "gross_margin": 20.57,
            "gross_margin_4q_avg": 15.8,
            "net_income": 138002,
            "revenue": 1081136,
            "common_shares": 2236722,
            "book_valuer_per_share": 15.34,
            "book_valuer_per_share_4q_avg": 15.45,
            "equity": 3430593,
            "current_ratio": 193.89,
            "debt_ratio": 40.33,
            "inventory_turnover_ratio": 3.52,
            "account_receivable_turnover_ratio": null,
            "reinvestment_rate": null,
            "research_to_sale_ratio": null,
            "price_fair": 86.8,
            "eps_avg_yearly": 2.48,
            "eps_latest_yearly": 2.48,
            "eps_growth_yearly": 329.41
        },
        "20022": {
            "year_quarter": 20022,
            "year": 2002,
            "quarter": 2,
            "eps": 0.67,
            "eps_growth_year": 131.03,
            "eps_4q": 1.7,
            "eps_4q_growth_year": -31.29,
            "roe": 4.29,
            "roe_4q": 11.22,
            "gross_profit": 245169,
            "gross_margin": 22.05,
            "gross_margin_4q_avg": 16.84,
            "net_income": 148943,
            "revenue": 1111769,
            "common_shares": 2236722,
            "book_valuer_per_share": 15.68,
            "book_valuer_per_share_4q_avg": 15.03,
            "equity": 3506119,
            "current_ratio": 160.43,
            "debt_ratio": 42.09,
            "inventory_turnover_ratio": 2.8,
            "account_receivable_turnover_ratio": null,
            "reinvestment_rate": null,
            "research_to_sale_ratio": null,
            "price_fair": 90.3,
            "eps_avg_yearly": 2.58,
            "eps_latest_yearly": 2.68,
            "eps_growth_yearly": 180.83
        },
        "20023": {
            "year_quarter": 20023,
            "year": 2002,
            "quarter": 3,
            "eps": 0.47,
            "eps_growth_year": 571.43,
            "eps_4q": 1.98,
            "eps_4q_growth_year": 49.2,
            "roe": 3.16,
            "roe_4q": 13.89,
            "gross_profit": 221147,
            "gross_margin": 19.99,
            "gross_margin_4q_avg": 19.76,
            "net_income": 112530,
            "revenue": 1106293,
            "common_shares": 2373820,
            "book_valuer_per_share": 15.24,
            "book_valuer_per_share_4q_avg": 15.25,
            "equity": 3618649,
            "current_ratio": 181.12,
            "debt_ratio": 40.65,
            "inventory_turnover_ratio": 2.62,
            "account_receivable_turnover_ratio": null,
            "reinvestment_rate": null,
            "research_to_sale_ratio": null,
            "price_fair": 82.13,
            "eps_avg_yearly": 2.35,
            "eps_latest_yearly": 1.88,
            "eps_growth_yearly": 80.76
        },
        "20024": {
            "year_quarter": 20024,
            "year": 2002,
            "quarter": 4,
            "eps": 0.99,
            "eps_growth_year": 191.18,
            "eps_4q": 2.67,
            "eps_4q_growth_year": 139.78,
            "roe": 6.29,
            "roe_4q": 17.849999999999998,
            "gross_profit": 259847,
            "gross_margin": 22.25,
            "gross_margin_4q_avg": 21.22,
            "net_income": 235056,
            "revenue": 1167943,
            "common_shares": 2373820,
            "book_valuer_per_share": 16.23,
            "book_valuer_per_share_4q_avg": 15.62,
            "equity": 3853705,
            "current_ratio": 213.44,
            "debt_ratio": 36.48,
            "inventory_turnover_ratio": 3.07,
            "account_receivable_turnover_ratio": null,
            "reinvestment_rate": null,
            "research_to_sale_ratio": null,
            "price_fair": 96.25,
            "eps_avg_yearly": 2.75,
            "eps_latest_yearly": 3.96,
            "eps_growth_yearly": 171.21
        },
        "20031": {
            "year_quarter": 20031,
            "year": 2003,
            "quarter": 1,
            "eps": 0.72,
            "eps_growth_year": 16.13,
            "eps_4q": 2.82,
            "eps_4q_growth_year": 122.79,
            "roe": 4.31,
            "roe_4q": 18.05,
            "gross_profit": 245516,
            "gross_margin": 19.86,
            "gross_margin_4q_avg": 21.04,
            "net_income": 169918,
            "revenue": 1236498,
            "common_shares": 2373820,
            "book_valuer_per_share": 16.95,
            "book_valuer_per_share_4q_avg": 16.03,
            "equity": 4023623,
            "current_ratio": 235.32,
            "debt_ratio": 32.63,
            "inventory_turnover_ratio": 3.88,
            "account_receivable_turnover_ratio": null,
            "reinvestment_rate": null,
            "research_to_sale_ratio": null,
            "price_fair": 97.16,
            "eps_avg_yearly": 2.78,
            "eps_latest_yearly": 2.88,
            "eps_growth_yearly": 115.15
        },
        "20032": {
            "year_quarter": 20032,
            "year": 2003,
            "quarter": 2,
            "eps": 0.6,
            "eps_growth_year": -10.45,
            "eps_4q": 2.77,
            "eps_4q_growth_year": 62.9,
            "roe": 3.6,
            "roe_4q": 17.36,
            "gross_profit": 208704,
            "gross_margin": 19.82,
            "gross_margin_4q_avg": 20.48,
            "net_income": 142887,
            "revenue": 1052759,
            "common_shares": 2373820,
            "book_valuer_per_share": 16.48,
            "book_valuer_per_share_4q_avg": 16.23,
            "equity": 3912372,
            "current_ratio": 186.72,
            "debt_ratio": 35.28,
            "inventory_turnover_ratio": 3.79,
            "account_receivable_turnover_ratio": null,
            "reinvestment_rate": 186.41,
            "research_to_sale_ratio": null,
            "price_fair": 94.97,
            "eps_avg_yearly": 2.71,
            "eps_latest_yearly": 2.4,
            "eps_growth_yearly": 84.84
        },
        "20033": {
            "year_quarter": 20033,
            "year": 2003,
            "quarter": 3,
            "eps": 0.96,
            "eps_growth_year": 104.26,
            "eps_4q": 3.01,
            "eps_4q_growth_year": 51.66,
            "roe": 6.35,
            "roe_4q": 20.549999999999997,
            "gross_profit": 333420,
            "gross_margin": 24.84,
            "gross_margin_4q_avg": 21.69,
            "net_income": 256589,
            "revenue": 1342426,
            "common_shares": 2678227,
            "book_valuer_per_share": 15.57,
            "book_valuer_per_share_4q_avg": 16.31,
            "equity": 4168961,
            "current_ratio": 333.2,
            "debt_ratio": 36.73,
            "inventory_turnover_ratio": 4.8,
            "account_receivable_turnover_ratio": null,
            "reinvestment_rate": 40.76,
            "research_to_sale_ratio": null,
            "price_fair": 100.6,
            "eps_avg_yearly": 2.87,
            "eps_latest_yearly": 3.84,
            "eps_growth_yearly": 107.01
        },
        "20034": {
            "year_quarter": 20034,
            "year": 2003,
            "quarter": 4,
            "eps": 1.34,
            "eps_growth_year": 35.35,
            "eps_4q": 3.47,
            "eps_4q_growth_year": 29.91,
            "roe": 8.21,
            "roe_4q": 22.47,
            "gross_profit": 473019,
            "gross_margin": 30.43,
            "gross_margin_4q_avg": 23.74,
            "net_income": 357909,
            "revenue": 1554583,
            "common_shares": 2686263,
            "book_valuer_per_share": 16.93,
            "book_valuer_per_share_4q_avg": 16.48,
            "equity": 4549027,
            "current_ratio": 340.96,
            "debt_ratio": 35.63,
            "inventory_turnover_ratio": 4.36,
            "account_receivable_turnover_ratio": null,
            "reinvestment_rate": 32.41,
            "research_to_sale_ratio": null,
            "price_fair": 111.48,
            "eps_avg_yearly": 3.19,
            "eps_latest_yearly": 5.36,
            "eps_growth_yearly": 113.42
        },
        "20041": {
            "year_quarter": 20041,
            "year": 2004,
            "quarter": 1,
            "eps": 1.31,
            "eps_growth_year": 81.94,
            "eps_4q": 4.12,
            "eps_4q_growth_year": 45.99,
            "roe": 7.1,
            "roe_4q": 25.26,
            "gross_profit": 464711,
            "gross_margin": 30.25,
            "gross_margin_4q_avg": 26.34,
            "net_income": 352737,
            "revenue": 1536390,
            "common_shares": 2859463,
            "book_valuer_per_share": 18.82,
            "book_valuer_per_share_4q_avg": 16.95,
            "equity": 5380333,
            "current_ratio": 395.35,
            "debt_ratio": 26.7,
            "inventory_turnover_ratio": 3.59,
            "account_receivable_turnover_ratio": null,
            "reinvestment_rate": 22.24,
            "research_to_sale_ratio": null,
            "price_fair": 119.47,
            "eps_avg_yearly": 3.41,
            "eps_latest_yearly": 5.24,
            "eps_growth_yearly": 99.83
        },
        "20042": {
            "year_quarter": 20042,
            "year": 2004,
            "quarter": 2,
            "eps": 1.17,
            "eps_growth_year": 95,
            "eps_4q": 4.66,
            "eps_4q_growth_year": 67.95,
            "roe": 6.13,
            "roe_4q": 27.79,
            "gross_profit": 444220,
            "gross_margin": 29.25,
            "gross_margin_4q_avg": 28.69,
            "net_income": 324512,
            "revenue": 1518459,
            "common_shares": 2867426,
            "book_valuer_per_share": 18.14,
            "book_valuer_per_share_4q_avg": 17.37,
            "equity": 5201447,
            "current_ratio": 255.01,
            "debt_ratio": 33.22,
            "inventory_turnover_ratio": 3.01,
            "account_receivable_turnover_ratio": null,
            "reinvestment_rate": 18.96,
            "research_to_sale_ratio": null,
            "price_fair": 123.9,
            "eps_avg_yearly": 3.54,
            "eps_latest_yearly": 4.68,
            "eps_growth_yearly": 85.57
        },
        "20043": {
            "year_quarter": 20043,
            "year": 2004,
            "quarter": 3,
            "eps": 1.44,
            "eps_growth_year": 50,
            "eps_4q": 4.79,
            "eps_4q_growth_year": 59.09,
            "roe": 8.1,
            "roe_4q": 29.54,
            "gross_profit": 446010,
            "gross_margin": 30.12,
            "gross_margin_4q_avg": 30.01,
            "net_income": 445203,
            "revenue": 1480720,
            "common_shares": 3223639,
            "book_valuer_per_share": 17.98,
            "book_valuer_per_share_4q_avg": 17.97,
            "equity": 5797047,
            "current_ratio": 370.29,
            "debt_ratio": 23.52,
            "inventory_turnover_ratio": 2.56,
            "account_receivable_turnover_ratio": null,
            "reinvestment_rate": 9.14,
            "research_to_sale_ratio": null,
            "price_fair": 130.96,
            "eps_avg_yearly": 3.74,
            "eps_latest_yearly": 5.76,
            "eps_growth_yearly": 86.18
        },
        "20044": {
            "year_quarter": 20044,
            "year": 2004,
            "quarter": 4,
            "eps": 0.82,
            "eps_growth_year": -38.81,
            "eps_4q": 4.41,
            "eps_4q_growth_year": 26.88,
            "roe": 4.31,
            "roe_4q": 25.64,
            "gross_profit": 369369,
            "gross_margin": 25.2,
            "gross_margin_4q_avg": 28.71,
            "net_income": 256728,
            "revenue": 1465620,
            "common_shares": 3250278,
            "book_valuer_per_share": 18.83,
            "book_valuer_per_share_4q_avg": 18.44,
            "equity": 6120349,
            "current_ratio": 395.81,
            "debt_ratio": 21.89,
            "inventory_turnover_ratio": 2.82,
            "account_receivable_turnover_ratio": null,
            "reinvestment_rate": -1.84,
            "research_to_sale_ratio": null,
            "price_fair": 129.62,
            "eps_avg_yearly": 3.7,
            "eps_latest_yearly": 3.28,
            "eps_growth_yearly": 64.65
        },
        "20051": {
            "year_quarter": 20051,
            "year": 2005,
            "quarter": 1,
            "eps": 0.91,
            "eps_growth_year": -30.53,
            "eps_4q": 4.07,
            "eps_4q_growth_year": -1.17,
            "roe": 4.69,
            "roe_4q": 23.23,
            "gross_profit": 336432,
            "gross_margin": 24.34,
            "gross_margin_4q_avg": 27.23,
            "net_income": 295168,
            "revenue": 1382095,
            "common_shares": 3274246,
            "book_valuer_per_share": 19.78,
            "book_valuer_per_share_4q_avg": 18.68,
            "equity": 6475611,
            "current_ratio": 471.81,
            "debt_ratio": 18.85,
            "inventory_turnover_ratio": 3.19,
            "account_receivable_turnover_ratio": null,
            "reinvestment_rate": -2.11,
            "research_to_sale_ratio": null,
            "price_fair": 129.45,
            "eps_avg_yearly": 3.7,
            "eps_latest_yearly": 3.64,
            "eps_growth_yearly": 63.05
        },
        "20052": {
            "year_quarter": 20052,
            "year": 2005,
            "quarter": 2,
            "eps": 1.08,
            "eps_growth_year": -7.69,
            "eps_4q": 4.13,
            "eps_4q_growth_year": -11.26,
            "roe": 5.62,
            "roe_4q": 22.72,
            "gross_profit": 459390,
            "gross_margin": 29.87,
            "gross_margin_4q_avg": 27.38,
            "net_income": 352764,
            "revenue": 1537961,
            "common_shares": 3276311,
            "book_valuer_per_share": 18.53,
            "book_valuer_per_share_4q_avg": 18.78,
            "equity": 6069629,
            "current_ratio": 274.68,
            "debt_ratio": 28.21,
            "inventory_turnover_ratio": 3.63,
            "account_receivable_turnover_ratio": null,
            "reinvestment_rate": -6.29,
            "research_to_sale_ratio": null,
            "price_fair": 131,
            "eps_avg_yearly": 3.74,
            "eps_latest_yearly": 4.32,
            "eps_growth_yearly": 63.89
        },
        "20053": {
            "year_quarter": 20053,
            "year": 2005,
            "quarter": 3,
            "eps": 1.28,
            "eps_growth_year": -11.11,
            "eps_4q": 3.76,
            "eps_4q_growth_year": -21.47,
            "roe": 7.35,
            "roe_4q": 21.97,
            "gross_profit": 606355,
            "gross_margin": 32,
            "gross_margin_4q_avg": 27.85,
            "net_income": 466903,
            "revenue": 1895141,
            "common_shares": 3706325,
            "book_valuer_per_share": 17.88,
            "book_valuer_per_share_4q_avg": 18.76,
            "equity": 6627091,
            "current_ratio": 256.34,
            "debt_ratio": 26.37,
            "inventory_turnover_ratio": 4.11,
            "account_receivable_turnover_ratio": null,
            "reinvestment_rate": -1.26,
            "research_to_sale_ratio": null,
            "price_fair": 134.21,
            "eps_avg_yearly": 3.83,
            "eps_latest_yearly": 5.12,
            "eps_growth_yearly": 64.57
        },
        "20054": {
            "year_quarter": 20054,
            "year": 2005,
            "quarter": 4,
            "eps": 1.55,
            "eps_growth_year": 89.02,
            "eps_4q": 4.58,
            "eps_4q_growth_year": 3.99,
            "roe": 8.23,
            "roe_4q": 25.89,
            "gross_profit": 666086,
            "gross_margin": 31.3,
            "gross_margin_4q_avg": 29.38,
            "net_income": 570087,
            "revenue": 2128268,
            "common_shares": 3721325,
            "book_valuer_per_share": 19.43,
            "book_valuer_per_share_4q_avg": 18.91,
            "equity": 7230320,
            "current_ratio": 321.37,
            "debt_ratio": 19.84,
            "inventory_turnover_ratio": 3.86,
            "account_receivable_turnover_ratio": null,
            "reinvestment_rate": 8.64,
            "research_to_sale_ratio": null,
            "price_fair": 139.39,
            "eps_avg_yearly": 3.98,
            "eps_latest_yearly": 6.2,
            "eps_growth_yearly": 65.8
        },
        "20061": {
            "year_quarter": 20061,
            "year": 2006,
            "quarter": 1,
            "eps": 1.36,
            "eps_growth_year": 49.45,
            "eps_4q": 5.1,
            "eps_4q_growth_year": 25.21,
            "roe": 6.75,
            "roe_4q": 27.95,
            "gross_profit": 582146,
            "gross_margin": 30.26,
            "gross_margin_4q_avg": 30.86,
            "net_income": 505146,
            "revenue": 1923717,
            "common_shares": 3721927,
            "book_valuer_per_share": 20.79,
            "book_valuer_per_share_4q_avg": 19.16,
            "equity": 7736799,
            "current_ratio": 375.45,
            "debt_ratio": 16.92,
            "inventory_turnover_ratio": 3.15,
            "account_receivable_turnover_ratio": null,
            "reinvestment_rate": 10.58,
            "research_to_sale_ratio": null,
            "price_fair": 145.86,
            "eps_avg_yearly": 4.17,
            "eps_latest_yearly": 5.44,
            "eps_growth_yearly": 42.15
        },
        "20062": {
            "year_quarter": 20062,
            "year": 2006,
            "quarter": 2,
            "eps": 1.25,
            "eps_growth_year": 15.74,
            "eps_4q": 5.39,
            "eps_4q_growth_year": 30.42,
            "roe": 6.2,
            "roe_4q": 28.53,
            "gross_profit": 625007,
            "gross_margin": 31.58,
            "gross_margin_4q_avg": 31.29,
            "net_income": 465648,
            "revenue": 1978911,
            "common_shares": 3724751,
            "book_valuer_per_share": 19.59,
            "book_valuer_per_share_4q_avg": 19.42,
            "equity": 7295230,
            "current_ratio": 252.08,
            "debt_ratio": 25.18,
            "inventory_turnover_ratio": 3.11,
            "account_receivable_turnover_ratio": null,
            "reinvestment_rate": 6.16,
            "research_to_sale_ratio": null,
            "price_fair": 150.94,
            "eps_avg_yearly": 4.31,
            "eps_latest_yearly": 5,
            "eps_growth_yearly": 38.11
        },
        "20063": {
            "year_quarter": 20063,
            "year": 2006,
            "quarter": 3,
            "eps": 1.41,
            "eps_growth_year": 10.16,
            "eps_4q": 5.06,
            "eps_4q_growth_year": 34.63,
            "roe": 7.83,
            "roe_4q": 29.01,
            "gross_profit": 731108,
            "gross_margin": 32.98,
            "gross_margin_4q_avg": 31.53,
            "net_income": 594871,
            "revenue": 2216791,
            "common_shares": 4215530,
            "book_valuer_per_share": 18.73,
            "book_valuer_per_share_4q_avg": 19.64,
            "equity": 7896792,
            "current_ratio": 278.83,
            "debt_ratio": 23.4,
            "inventory_turnover_ratio": 3.29,
            "account_receivable_turnover_ratio": null,
            "reinvestment_rate": 5.18,
            "research_to_sale_ratio": null,
            "price_fair": 159.16,
            "eps_avg_yearly": 4.55,
            "eps_latest_yearly": 5.64,
            "eps_growth_yearly": 48.78
        },
        "20064": {
            "year_quarter": 20064,
            "year": 2006,
            "quarter": 4,
            "eps": 1.35,
            "eps_growth_year": -12.9,
            "eps_4q": 5.06,
            "eps_4q_growth_year": 10.53,
            "roe": 6.93,
            "roe_4q": 27.71,
            "gross_profit": 642698,
            "gross_margin": 31.08,
            "gross_margin_4q_avg": 31.48,
            "net_income": 569147,
            "revenue": 2068143,
            "common_shares": 4250989,
            "book_valuer_per_share": 20.07,
            "book_valuer_per_share_4q_avg": 19.8,
            "equity": 8533707,
            "current_ratio": 481.62,
            "debt_ratio": 13.39,
            "inventory_turnover_ratio": 3.05,
            "account_receivable_turnover_ratio": null,
            "reinvestment_rate": 4.95,
            "research_to_sale_ratio": null,
            "price_fair": 139.37,
            "eps_avg_yearly": 4.64,
            "eps_latest_yearly": 5.4,
            "eps_growth_yearly": 20.05
        },
        "20071": {
            "year_quarter": 20071,
            "year": 2007,
            "quarter": 1,
            "eps": 0.93,
            "eps_growth_year": -31.62,
            "eps_4q": 4.77,
            "eps_4q_growth_year": -6.45,
            "roe": 4.52,
            "roe_4q": 25.48,
            "gross_profit": 522743,
            "gross_margin": 29.57,
            "gross_margin_4q_avg": 31.3,
            "net_income": 394414,
            "revenue": 1767916,
            "common_shares": 4250989,
            "book_valuer_per_share": 21,
            "book_valuer_per_share_4q_avg": 19.85,
            "equity": 8928121,
            "current_ratio": 549.93,
            "debt_ratio": 11.98,
            "inventory_turnover_ratio": 2.68,
            "account_receivable_turnover_ratio": null,
            "reinvestment_rate": 1.15,
            "research_to_sale_ratio": null,
            "price_fair": 136.44,
            "eps_avg_yearly": 4.69,
            "eps_latest_yearly": 3.72,
            "eps_growth_yearly": 19.09
        },
        "20072": {
            "year_quarter": 20072,
            "year": 2007,
            "quarter": 2,
            "eps": 1.25,
            "eps_growth_year": 0,
            "eps_4q": 4.92,
            "eps_4q_growth_year": -8.68,
            "roe": 6.21,
            "roe_4q": 25.490000000000002,
            "gross_profit": 709431,
            "gross_margin": 32.42,
            "gross_margin_4q_avg": 31.51,
            "net_income": 530514,
            "revenue": 2188506,
            "common_shares": 4250989,
            "book_valuer_per_share": 19.17,
            "book_valuer_per_share_4q_avg": 19.74,
            "equity": 8149530,
            "current_ratio": 265.92,
            "debt_ratio": 25.11,
            "inventory_turnover_ratio": 3.05,
            "account_receivable_turnover_ratio": null,
            "reinvestment_rate": 1.28,
            "research_to_sale_ratio": null,
            "price_fair": 169.84,
            "eps_avg_yearly": 4.85,
            "eps_latest_yearly": 5,
            "eps_growth_yearly": 31.86
        },
        "20073": {
            "year_quarter": 20073,
            "year": 2007,
            "quarter": 3,
            "eps": 1.76,
            "eps_growth_year": 24.82,
            "eps_4q": 4.91,
            "eps_4q_growth_year": -3.1,
            "roe": 9.76,
            "roe_4q": 27.419999999999998,
            "gross_profit": 879881,
            "gross_margin": 34.38,
            "gross_margin_4q_avg": 31.86,
            "net_income": 836007,
            "revenue": 2559127,
            "common_shares": 4742303,
            "book_valuer_per_share": 18.95,
            "book_valuer_per_share_4q_avg": 19.8,
            "equity": 8985537,
            "current_ratio": 299.42,
            "debt_ratio": 22.66,
            "inventory_turnover_ratio": 3.24,
            "account_receivable_turnover_ratio": null,
            "reinvestment_rate": 3.81,
            "research_to_sale_ratio": null,
            "price_fair": 176.84,
            "eps_avg_yearly": 5.05,
            "eps_latest_yearly": 7.04,
            "eps_growth_yearly": 27.06
        },
        "20074": {
            "year_quarter": 20074,
            "year": 2007,
            "quarter": 4,
            "eps": 1.35,
            "eps_growth_year": 0,
            "eps_4q": 5.05,
            "eps_4q_growth_year": -0.18,
            "roe": 6.9,
            "roe_4q": 27.39,
            "gross_profit": 702088,
            "gross_margin": 29.8,
            "gross_margin_4q_avg": 31.54,
            "net_income": 641670,
            "revenue": 2356202,
            "common_shares": 4742303,
            "book_valuer_per_share": 20.3,
            "book_valuer_per_share_4q_avg": 19.86,
            "equity": 9627207,
            "current_ratio": 491.95,
            "debt_ratio": 12.56,
            "inventory_turnover_ratio": 2.94,
            "account_receivable_turnover_ratio": null,
            "reinvestment_rate": 9.15,
            "research_to_sale_ratio": null,
            "price_fair": 107.88,
            "eps_avg_yearly": 5.06,
            "eps_latest_yearly": 5.4,
            "eps_growth_yearly": 11.34
        },
        "20081": {
            "year_quarter": 20081,
            "year": 2008,
            "quarter": 1,
            "eps": 0.78,
            "eps_growth_year": -16.13,
            "eps_4q": 5,
            "eps_4q_growth_year": 4.82,
            "roe": 3.78,
            "roe_4q": 26.65,
            "gross_profit": 521058,
            "gross_margin": 24.59,
            "gross_margin_4q_avg": 30.3,
            "net_income": 370962,
            "revenue": 2119241,
            "common_shares": 4742303,
            "book_valuer_per_share": 21.08,
            "book_valuer_per_share_4q_avg": 19.88,
            "equity": 9998169,
            "current_ratio": 615.54,
            "debt_ratio": 10.3,
            "inventory_turnover_ratio": 2.85,
            "account_receivable_turnover_ratio": null,
            "reinvestment_rate": 8.81,
            "research_to_sale_ratio": null,
            "price_fair": 55.85,
            "eps_avg_yearly": 4.92,
            "eps_latest_yearly": 3.12,
            "eps_growth_yearly": 1.35
        },
        "20082": {
            "year_quarter": 20082,
            "year": 2008,
            "quarter": 2,
            "eps": 1.03,
            "eps_growth_year": -17.6,
            "eps_4q": 4.91,
            "eps_4q_growth_year": -0.23,
            "roe": 5.18,
            "roe_4q": 25.619999999999997,
            "gross_profit": 652070,
            "gross_margin": 27.15,
            "gross_margin_4q_avg": 28.98,
            "net_income": 490645,
            "revenue": 2401856,
            "common_shares": 4742303,
            "book_valuer_per_share": 18.84,
            "book_valuer_per_share_4q_avg": 19.79,
            "equity": 8933562,
            "current_ratio": 253.57,
            "debt_ratio": 25.07,
            "inventory_turnover_ratio": 3.28,
            "account_receivable_turnover_ratio": null,
            "reinvestment_rate": 9.52,
            "research_to_sale_ratio": null,
            "price_fair": 107.67,
            "eps_avg_yearly": 4.89,
            "eps_latest_yearly": 4.12,
            "eps_growth_yearly": 12.03
        },
        "20083": {
            "year_quarter": 20083,
            "year": 2008,
            "quarter": 3,
            "eps": 1.11,
            "eps_growth_year": -36.93,
            "eps_4q": 4.02,
            "eps_4q_growth_year": -18.13,
            "roe": 6.23,
            "roe_4q": 22.09,
            "gross_profit": 727304,
            "gross_margin": 29.07,
            "gross_margin_4q_avg": 27.65,
            "net_income": 574156,
            "revenue": 2501902,
            "common_shares": 5195556,
            "book_valuer_per_share": 18.3,
            "book_valuer_per_share_4q_avg": 19.63,
            "equity": 9507718,
            "current_ratio": 262.49,
            "debt_ratio": 23.98,
            "inventory_turnover_ratio": 3.15,
            "account_receivable_turnover_ratio": null,
            "reinvestment_rate": 14.27,
            "research_to_sale_ratio": null,
            "price_fair": 87.46,
            "eps_avg_yearly": 4.81,
            "eps_latest_yearly": 4.44,
            "eps_growth_yearly": 8.2
        },
        "20084": {
            "year_quarter": 20084,
            "year": 2008,
            "quarter": 4,
            "eps": 0.33,
            "eps_growth_year": -75.56,
            "eps_4q": 3.07,
            "eps_4q_growth_year": -39.31,
            "roe": 1.8,
            "roe_4q": 16.990000000000002,
            "gross_profit": 218435,
            "gross_margin": 16.66,
            "gross_margin_4q_avg": 24.37,
            "net_income": 173065,
            "revenue": 1310878,
            "common_shares": 5195556,
            "book_valuer_per_share": 18.63,
            "book_valuer_per_share_4q_avg": 19.21,
            "equity": 9680783,
            "current_ratio": 617.26,
            "debt_ratio": 8.96,
            "inventory_turnover_ratio": 2,
            "account_receivable_turnover_ratio": 2.39,
            "reinvestment_rate": 19.03,
            "research_to_sale_ratio": null,
            "price_fair": 53.38,
            "eps_avg_yearly": 4.68,
            "eps_latest_yearly": 1.32,
            "eps_growth_yearly": 1.4
        },
        "20091": {
            "year_quarter": 20091,
            "year": 2009,
            "quarter": 1,
            "eps": 0.15,
            "eps_growth_year": -80.77,
            "eps_4q": 2.55,
            "eps_4q_growth_year": -48.98,
            "roe": 0.8,
            "roe_4q": 14.01,
            "gross_profit": 141289,
            "gross_margin": 10.43,
            "gross_margin_4q_avg": 20.83,
            "net_income": 77297,
            "revenue": 1354097,
            "common_shares": 5195556,
            "book_valuer_per_share": 18.78,
            "book_valuer_per_share_4q_avg": 18.64,
            "equity": 9758080,
            "current_ratio": 540.38,
            "debt_ratio": 10.53,
            "inventory_turnover_ratio": 2.44,
            "account_receivable_turnover_ratio": 1.15,
            "reinvestment_rate": 20.05,
            "research_to_sale_ratio": null,
            "price_fair": 13.48,
            "eps_avg_yearly": 4.49,
            "eps_latest_yearly": 0.6,
            "eps_growth_yearly": -14.98
        },
        "20092": {
            "year_quarter": 20092,
            "year": 2009,
            "quarter": 2,
            "eps": 0.7,
            "eps_growth_year": -32.04,
            "eps_4q": 2.29,
            "eps_4q_growth_year": -53.31,
            "roe": 3.8,
            "roe_4q": 12.629999999999999,
            "gross_profit": 523879,
            "gross_margin": 23.83,
            "gross_margin_4q_avg": 20,
            "net_income": 362325,
            "revenue": 2198492,
            "common_shares": 5195556,
            "book_valuer_per_share": 17.88,
            "book_valuer_per_share_4q_avg": 18.4,
            "equity": 9289116,
            "current_ratio": 260.28,
            "debt_ratio": 22.55,
            "inventory_turnover_ratio": 3.13,
            "account_receivable_turnover_ratio": 1.34,
            "reinvestment_rate": 23.09,
            "research_to_sale_ratio": null,
            "price_fair": 153.91,
            "eps_avg_yearly": 4.4,
            "eps_latest_yearly": 2.8,
            "eps_growth_yearly": 72.01
        },
        "20093": {
            "year_quarter": 20093,
            "year": 2009,
            "quarter": 3,
            "eps": 0.91,
            "eps_growth_year": -18.02,
            "eps_4q": 2.04,
            "eps_4q_growth_year": -49.16,
            "roe": 5.17,
            "roe_4q": 11.57,
            "gross_profit": 661819,
            "gross_margin": 24.92,
            "gross_margin_4q_avg": 18.96,
            "net_income": 492676,
            "revenue": 2655935,
            "common_shares": 5403378,
            "book_valuer_per_share": 18.1,
            "book_valuer_per_share_4q_avg": 18.35,
            "equity": 9781792,
            "current_ratio": 252.56,
            "debt_ratio": 23,
            "inventory_turnover_ratio": 3.27,
            "account_receivable_turnover_ratio": 1.19,
            "reinvestment_rate": 25.37,
            "research_to_sale_ratio": null,
            "price_fair": 150.68,
            "eps_avg_yearly": 4.31,
            "eps_latest_yearly": 3.64,
            "eps_growth_yearly": 74.89
        },
        "20094": {
            "year_quarter": 20094,
            "year": 2009,
            "quarter": 4,
            "eps": 1.01,
            "eps_growth_year": 206.06,
            "eps_4q": 2.74,
            "eps_4q_growth_year": -10.84,
            "roe": 5.43,
            "roe_4q": 15.2,
            "gross_profit": 524367,
            "gross_margin": 21.57,
            "gross_margin_4q_avg": 20.19,
            "net_income": 545671,
            "revenue": 2430505,
            "common_shares": 5403378,
            "book_valuer_per_share": 19.11,
            "book_valuer_per_share_4q_avg": 18.47,
            "equity": 10327463,
            "current_ratio": 306.79,
            "debt_ratio": 16.87,
            "inventory_turnover_ratio": 2.55,
            "account_receivable_turnover_ratio": 2.29,
            "reinvestment_rate": 31.59,
            "research_to_sale_ratio": null,
            "price_fair": 145.95,
            "eps_avg_yearly": 4.17,
            "eps_latest_yearly": 4.04,
            "eps_growth_yearly": 72.36
        },
        "20101": {
            "year_quarter": 20101,
            "year": 2010,
            "quarter": 1,
            "eps": 0.9,
            "eps_growth_year": 500,
            "eps_4q": 3.49,
            "eps_4q_growth_year": 36.62,
            "roe": 4.59,
            "roe_4q": 18.99,
            "gross_profit": 601320,
            "gross_margin": 22.19,
            "gross_margin_4q_avg": 23.13,
            "net_income": 486020,
            "revenue": 2709341,
            "common_shares": 5411028,
            "book_valuer_per_share": 20.02,
            "book_valuer_per_share_4q_avg": 18.78,
            "equity": 10834903,
            "current_ratio": 354.13,
            "debt_ratio": 14.88,
            "inventory_turnover_ratio": 2.31,
            "account_receivable_turnover_ratio": 1.18,
            "reinvestment_rate": 31.14,
            "research_to_sale_ratio": 1,
            "price_fair": 141.93,
            "eps_avg_yearly": 4.06,
            "eps_latest_yearly": 3.6,
            "eps_growth_yearly": 72.7
        },
        "20102": {
            "year_quarter": 20102,
            "year": 2010,
            "quarter": 2,
            "eps": 0.97,
            "eps_growth_year": 37.96,
            "eps_4q": 3.73,
            "eps_4q_growth_year": 62.57,
            "roe": 5.02,
            "roe_4q": 20.21,
            "gross_profit": 688465,
            "gross_margin": 23.46,
            "gross_margin_4q_avg": 23.04,
            "net_income": 533003,
            "revenue": 2934437,
            "common_shares": 5411028,
            "book_valuer_per_share": 19.21,
            "book_valuer_per_share_4q_avg": 19.11,
            "equity": 10393921,
            "current_ratio": 225.44,
            "debt_ratio": 22.9,
            "inventory_turnover_ratio": 2.27,
            "account_receivable_turnover_ratio": 1.15,
            "reinvestment_rate": 37.19,
            "research_to_sale_ratio": 1.06,
            "price_fair": 139.48,
            "eps_avg_yearly": 3.99,
            "eps_latest_yearly": 3.88,
            "eps_growth_yearly": 76.67
        },
        "20103": {
            "year_quarter": 20103,
            "year": 2010,
            "quarter": 3,
            "eps": 0.67,
            "eps_growth_year": -26,
            "eps_4q": 3.51,
            "eps_4q_growth_year": 71.81,
            "roe": 3.51,
            "roe_4q": 18.549999999999997,
            "gross_profit": 497424,
            "gross_margin": 19.45,
            "gross_margin_4q_avg": 21.67,
            "net_income": 371762,
            "revenue": 2557992,
            "common_shares": 5520569,
            "book_valuer_per_share": 19.51,
            "book_valuer_per_share_4q_avg": 19.46,
            "equity": 10769379,
            "current_ratio": 237.98,
            "debt_ratio": 21.41,
            "inventory_turnover_ratio": 1.99,
            "account_receivable_turnover_ratio": 1.05,
            "reinvestment_rate": 40.83,
            "research_to_sale_ratio": 1.01,
            "price_fair": 133,
            "eps_avg_yearly": 3.8,
            "eps_latest_yearly": 2.68,
            "eps_growth_yearly": 65.74
        },
        "20104": {
            "year_quarter": 20104,
            "year": 2010,
            "quarter": 4,
            "eps": 0.3,
            "eps_growth_year": -70.71,
            "eps_4q": 2.81,
            "eps_4q_growth_year": 2.78,
            "roe": 1.51,
            "roe_4q": 14.629999999999999,
            "gross_profit": 263227,
            "gross_margin": 13.13,
            "gross_margin_4q_avg": 19.56,
            "net_income": 163539,
            "revenue": 2005168,
            "common_shares": 5528879,
            "book_valuer_per_share": 19.81,
            "book_valuer_per_share_4q_avg": 19.64,
            "equity": 10954483,
            "current_ratio": 356.01,
            "debt_ratio": 13.29,
            "inventory_turnover_ratio": 1.7,
            "account_receivable_turnover_ratio": 1,
            "reinvestment_rate": 43.1,
            "research_to_sale_ratio": 1.46,
            "price_fair": 123.81,
            "eps_avg_yearly": 3.54,
            "eps_latest_yearly": 1.2,
            "eps_growth_yearly": 52.99
        },
        "20111": {
            "year_quarter": 20111,
            "year": 2011,
            "quarter": 1,
            "eps": 0.48,
            "eps_growth_year": -46.67,
            "eps_4q": 2.41,
            "eps_4q_growth_year": -31,
            "roe": 2.37,
            "roe_4q": 12.41,
            "gross_profit": 372433,
            "gross_margin": 16.58,
            "gross_margin_4q_avg": 18.16,
            "net_income": 263474,
            "revenue": 2246665,
            "common_shares": 5535379,
            "book_valuer_per_share": 20.3,
            "book_valuer_per_share_4q_avg": 19.71,
            "equity": 11234825,
            "current_ratio": 391.63,
            "debt_ratio": 12.5,
            "inventory_turnover_ratio": 1.82,
            "account_receivable_turnover_ratio": 1.17,
            "reinvestment_rate": 42.82,
            "research_to_sale_ratio": 1.19,
            "price_fair": 119.88,
            "eps_avg_yearly": 3.43,
            "eps_latest_yearly": 1.92,
            "eps_growth_yearly": 75.77
        },
        "20112": {
            "year_quarter": 20112,
            "year": 2011,
            "quarter": 2,
            "eps": 0.62,
            "eps_growth_year": -36.04,
            "eps_4q": 2.06,
            "eps_4q_growth_year": -44.72,
            "roe": 3.15,
            "roe_4q": 10.54,
            "gross_profit": 448640,
            "gross_margin": 18.14,
            "gross_margin_4q_avg": 16.83,
            "net_income": 341900,
            "revenue": 2472996,
            "common_shares": 5535379,
            "book_valuer_per_share": 18.91,
            "book_valuer_per_share_4q_avg": 19.63,
            "equity": 10469649,
            "current_ratio": 236.61,
            "debt_ratio": 21.6,
            "inventory_turnover_ratio": 1.86,
            "account_receivable_turnover_ratio": 1.15,
            "reinvestment_rate": 42.61,
            "research_to_sale_ratio": 1.1,
            "price_fair": 114.36,
            "eps_avg_yearly": 3.27,
            "eps_latest_yearly": 2.48,
            "eps_growth_yearly": 74.46
        },
        "20113": {
            "year_quarter": 20113,
            "year": 2011,
            "quarter": 3,
            "eps": 0.32,
            "eps_growth_year": -51.97,
            "eps_4q": 1.71,
            "eps_4q_growth_year": -51.18,
            "roe": 1.7,
            "roe_4q": 8.73,
            "gross_profit": 243654,
            "gross_margin": 11.5,
            "gross_margin_4q_avg": 14.84,
            "net_income": 179043,
            "revenue": 2119461,
            "common_shares": 5535379,
            "book_valuer_per_share": 19.24,
            "book_valuer_per_share_4q_avg": 19.57,
            "equity": 10648692,
            "current_ratio": 245.52,
            "debt_ratio": 20.83,
            "inventory_turnover_ratio": 1.65,
            "account_receivable_turnover_ratio": 1,
            "reinvestment_rate": 45.9,
            "research_to_sale_ratio": 1.13,
            "price_fair": 101.76,
            "eps_avg_yearly": 2.91,
            "eps_latest_yearly": 1.28,
            "eps_growth_yearly": 52.16
        },
        "20114": {
            "year_quarter": 20114,
            "year": 2011,
            "quarter": 4,
            "eps": 0.21,
            "eps_growth_year": -28.05,
            "eps_4q": 1.63,
            "eps_4q_growth_year": -42.02,
            "roe": 1.1,
            "roe_4q": 8.32,
            "gross_profit": 197143,
            "gross_margin": 10.47,
            "gross_margin_4q_avg": 14.17,
            "net_income": 117797,
            "revenue": 1883291,
            "common_shares": 5535379,
            "book_valuer_per_share": 19.45,
            "book_valuer_per_share_4q_avg": 19.48,
            "equity": 10766489,
            "current_ratio": 435.74,
            "debt_ratio": 11.63,
            "inventory_turnover_ratio": 1.55,
            "account_receivable_turnover_ratio": 0.98,
            "reinvestment_rate": 32.07,
            "research_to_sale_ratio": 1.39,
            "price_fair": 91.79,
            "eps_avg_yearly": 2.62,
            "eps_latest_yearly": 0.84,
            "eps_growth_yearly": 49.39
        },
        "20121": {
            "year_quarter": 20121,
            "year": 2012,
            "quarter": 1,
            "eps": 0.28,
            "eps_growth_year": -41.67,
            "eps_4q": 1.44,
            "eps_4q_growth_year": -40.25,
            "roe": 1.45,
            "roe_4q": 7.4,
            "gross_profit": 257878,
            "gross_margin": 12.68,
            "gross_margin_4q_avg": 13.2,
            "net_income": 157733,
            "revenue": 2033952,
            "common_shares": 5540379,
            "book_valuer_per_share": 19.74,
            "book_valuer_per_share_4q_avg": 19.34,
            "equity": 10936197,
            "current_ratio": 486.33,
            "debt_ratio": 10.89,
            "inventory_turnover_ratio": 1.77,
            "account_receivable_turnover_ratio": 1.04,
            "reinvestment_rate": 30.32,
            "research_to_sale_ratio": 1.03,
            "price_fair": 87.41,
            "eps_avg_yearly": 2.5,
            "eps_latest_yearly": 1.12,
            "eps_growth_yearly": 68.28
        },
        "20122": {
            "year_quarter": 20122,
            "year": 2012,
            "quarter": 2,
            "eps": 0.87,
            "eps_growth_year": 41.23,
            "eps_4q": 1.69,
            "eps_4q_growth_year": -17.85,
            "roe": 4.46,
            "roe_4q": 8.709999999999999,
            "gross_profit": 595453,
            "gross_margin": 22.91,
            "gross_margin_4q_avg": 14.39,
            "net_income": 483296,
            "revenue": 2599594,
            "common_shares": 5540379,
            "book_valuer_per_share": 19.41,
            "book_valuer_per_share_4q_avg": 19.46,
            "equity": 10754647,
            "current_ratio": 306.49,
            "debt_ratio": 17.98,
            "inventory_turnover_ratio": 2.06,
            "account_receivable_turnover_ratio": 1.12,
            "reinvestment_rate": 29.24,
            "research_to_sale_ratio": 1,
            "price_fair": 86.01,
            "eps_avg_yearly": 2.46,
            "eps_latest_yearly": 3.48,
            "eps_growth_yearly": 112.95
        },
        "20123": {
            "year_quarter": 20123,
            "year": 2012,
            "quarter": 3,
            "eps": 0.65,
            "eps_growth_year": 100.22,
            "eps_4q": 2.02,
            "eps_4q_growth_year": 17.79,
            "roe": 3.28,
            "roe_4q": 10.29,
            "gross_profit": 496838,
            "gross_margin": 20.55,
            "gross_margin_4q_avg": 16.65,
            "net_income": 358807,
            "revenue": 2417915,
            "common_shares": 5540379,
            "book_valuer_per_share": 20.06,
            "book_valuer_per_share_4q_avg": 19.67,
            "equity": 11113454,
            "current_ratio": 324.82,
            "debt_ratio": 17.42,
            "inventory_turnover_ratio": 1.94,
            "account_receivable_turnover_ratio": 0.96,
            "reinvestment_rate": 24.11,
            "research_to_sale_ratio": 1.14,
            "price_fair": 81.99,
            "eps_avg_yearly": 2.34,
            "eps_latest_yearly": 2.6,
            "eps_growth_yearly": 104.68
        },
        "20124": {
            "year_quarter": 20124,
            "year": 2012,
            "quarter": 4,
            "eps": 0.43,
            "eps_growth_year": 103.63,
            "eps_4q": 2.24,
            "eps_4q_growth_year": 37.31,
            "roe": 2.14,
            "roe_4q": 11.329999999999998,
            "gross_profit": 353197,
            "gross_margin": 17.46,
            "gross_margin_4q_avg": 18.4,
            "net_income": 240089,
            "revenue": 2023197,
            "common_shares": 5540379,
            "book_valuer_per_share": 20.49,
            "book_valuer_per_share_4q_avg": 19.93,
            "equity": 11351982,
            "current_ratio": 486.16,
            "debt_ratio": 11.45,
            "inventory_turnover_ratio": 1.73,
            "account_receivable_turnover_ratio": 0.9,
            "reinvestment_rate": 17.89,
            "research_to_sale_ratio": 1.15,
            "price_fair": 82.86,
            "eps_avg_yearly": 2.37,
            "eps_latest_yearly": 1.72,
            "eps_growth_yearly": 113.79
        },
        "20131": {
            "year_quarter": 20131,
            "year": 2013,
            "quarter": 1,
            "eps": 0.52,
            "eps_growth_year": 85.71,
            "eps_4q": 2.47,
            "eps_4q_growth_year": 71.8,
            "roe": 2.5,
            "roe_4q": 12.379999999999999,
            "gross_profit": 385047,
            "gross_margin": 18.43,
            "gross_margin_4q_avg": 19.84,
            "net_income": 286339,
            "revenue": 2089283,
            "common_shares": 5541249,
            "book_valuer_per_share": 20.78,
            "book_valuer_per_share_4q_avg": 20.19,
            "equity": 11515708,
            "current_ratio": 540.78,
            "debt_ratio": 11.59,
            "inventory_turnover_ratio": 2.09,
            "account_receivable_turnover_ratio": 1.02,
            "reinvestment_rate": 16.55,
            "research_to_sale_ratio": 1.13,
            "price_fair": 86.1,
            "eps_avg_yearly": 2.46,
            "eps_latest_yearly": 2.08,
            "eps_growth_yearly": 132.66
        },
        "20132": {
            "year_quarter": 20132,
            "year": 2013,
            "quarter": 2,
            "eps": 0.73,
            "eps_growth_year": -16.31,
            "eps_4q": 2.33,
            "eps_4q_growth_year": 37.59,
            "roe": 3.6,
            "roe_4q": 11.52,
            "gross_profit": 545537,
            "gross_margin": 23.63,
            "gross_margin_4q_avg": 20.02,
            "net_income": 405426,
            "revenue": 2308674,
            "common_shares": 5541249,
            "book_valuer_per_share": 19.91,
            "book_valuer_per_share_4q_avg": 20.31,
            "equity": 11034535,
            "current_ratio": 298.44,
            "debt_ratio": 20.07,
            "inventory_turnover_ratio": 2.47,
            "account_receivable_turnover_ratio": 1.06,
            "reinvestment_rate": 18.36,
            "research_to_sale_ratio": 1.16,
            "price_fair": 86.36,
            "eps_avg_yearly": 2.47,
            "eps_latest_yearly": 2.92,
            "eps_growth_yearly": 51.09
        },
        "20133": {
            "year_quarter": 20133,
            "year": 2013,
            "quarter": 3,
            "eps": 0.78,
            "eps_growth_year": 20.44,
            "eps_4q": 2.46,
            "eps_4q_growth_year": 21.8,
            "roe": 3.82,
            "roe_4q": 12.06,
            "gross_profit": 587144,
            "gross_margin": 24.66,
            "gross_margin_4q_avg": 21.05,
            "net_income": 429679,
            "revenue": 2380724,
            "common_shares": 5541249,
            "book_valuer_per_share": 20.69,
            "book_valuer_per_share_4q_avg": 20.47,
            "equity": 11464214,
            "current_ratio": 303.49,
            "debt_ratio": 19.66,
            "inventory_turnover_ratio": 2.37,
            "account_receivable_turnover_ratio": 1.05,
            "reinvestment_rate": 17.74,
            "research_to_sale_ratio": 1.19,
            "price_fair": 85.23,
            "eps_avg_yearly": 2.44,
            "eps_latest_yearly": 3.12,
            "eps_growth_yearly": 45.3
        },
        "20134": {
            "year_quarter": 20134,
            "year": 2013,
            "quarter": 4,
            "eps": 0.87,
            "eps_growth_year": 100.4,
            "eps_4q": 2.84,
            "eps_4q_growth_year": 26.89,
            "roe": 4.16,
            "roe_4q": 14.08,
            "gross_profit": 663662,
            "gross_margin": 27.5,
            "gross_margin_4q_avg": 23.56,
            "net_income": 494006,
            "revenue": 2413720,
            "common_shares": 5688459,
            "book_valuer_per_share": 21.58,
            "book_valuer_per_share_4q_avg": 20.74,
            "equity": 12275895,
            "current_ratio": 422.5,
            "debt_ratio": 14.12,
            "inventory_turnover_ratio": 2.15,
            "account_receivable_turnover_ratio": 1.09,
            "reinvestment_rate": 6.5,
            "research_to_sale_ratio": 1.37,
            "price_fair": 84,
            "eps_avg_yearly": 2.4,
            "eps_latest_yearly": 3.48,
            "eps_growth_yearly": 45.44
        },
        "20141": {
            "year_quarter": 20141,
            "year": 2014,
            "quarter": 1,
            "eps": 0.91,
            "eps_growth_year": 75,
            "eps_4q": 3.25,
            "eps_4q_growth_year": 31.45,
            "roe": 4.13,
            "roe_4q": 15.709999999999999,
            "gross_profit": 651422,
            "gross_margin": 26.76,
            "gross_margin_4q_avg": 25.64,
            "net_income": 517610,
            "revenue": 2434245,
            "common_shares": 5688459,
            "book_valuer_per_share": 22.49,
            "book_valuer_per_share_4q_avg": 21.17,
            "equity": 12793505,
            "current_ratio": 458.12,
            "debt_ratio": 12.87,
            "inventory_turnover_ratio": 2.19,
            "account_receivable_turnover_ratio": 1.1,
            "reinvestment_rate": 11.21,
            "research_to_sale_ratio": 1.52,
            "price_fair": 84.09,
            "eps_avg_yearly": 2.4,
            "eps_latest_yearly": 3.64,
            "eps_growth_yearly": 49.31
        },
        "20142": {
            "year_quarter": 20142,
            "year": 2014,
            "quarter": 2,
            "eps": 1.08,
            "eps_growth_year": 47.95,
            "eps_4q": 3.62,
            "eps_4q_growth_year": 55.3,
            "roe": 4.92,
            "roe_4q": 17.03,
            "gross_profit": 797943,
            "gross_margin": 29.32,
            "gross_margin_4q_avg": 27.06,
            "net_income": 616375,
            "revenue": 2721249,
            "common_shares": 5688459,
            "book_valuer_per_share": 21.57,
            "book_valuer_per_share_4q_avg": 21.58,
            "equity": 12272188,
            "current_ratio": 283.83,
            "debt_ratio": 20.79,
            "inventory_turnover_ratio": 2.45,
            "account_receivable_turnover_ratio": 1.16,
            "reinvestment_rate": 3.38,
            "research_to_sale_ratio": 1.46,
            "price_fair": 85.05,
            "eps_avg_yearly": 2.43,
            "eps_latest_yearly": 4.32,
            "eps_growth_yearly": 52.04
        },
        "20143": {
            "year_quarter": 20143,
            "year": 2014,
            "quarter": 3,
            "eps": 1.08,
            "eps_growth_year": 38.46,
            "eps_4q": 3.94,
            "eps_4q_growth_year": 60.24,
            "roe": 4.86,
            "roe_4q": 18.07,
            "gross_profit": 772488,
            "gross_margin": 28.07,
            "gross_margin_4q_avg": 27.91,
            "net_income": 611730,
            "revenue": 2751740,
            "common_shares": 5688459,
            "book_valuer_per_share": 22.65,
            "book_valuer_per_share_4q_avg": 22.07,
            "equity": 12883918,
            "current_ratio": 268.52,
            "debt_ratio": 20.46,
            "inventory_turnover_ratio": 2.64,
            "account_receivable_turnover_ratio": 1.08,
            "reinvestment_rate": 15.99,
            "research_to_sale_ratio": 1.57,
            "price_fair": 88.64,
            "eps_avg_yearly": 2.53,
            "eps_latest_yearly": 4.32,
            "eps_growth_yearly": 59.77
        },
        "20144": {
            "year_quarter": 20144,
            "year": 2014,
            "quarter": 4,
            "eps": 0.91,
            "eps_growth_year": 4.36,
            "eps_4q": 3.98,
            "eps_4q_growth_year": 39.98,
            "roe": 3.92,
            "roe_4q": 17.830000000000002,
            "gross_profit": 649649,
            "gross_margin": 26.78,
            "gross_margin_4q_avg": 27.73,
            "net_income": 515559,
            "revenue": 2425505,
            "common_shares": 5688459,
            "book_valuer_per_share": 23.55,
            "book_valuer_per_share_4q_avg": 22.57,
            "equity": 13393594,
            "current_ratio": 388.27,
            "debt_ratio": 13.94,
            "inventory_turnover_ratio": 2.42,
            "account_receivable_turnover_ratio": 1.01,
            "reinvestment_rate": 16.28,
            "research_to_sale_ratio": 1.71,
            "price_fair": 93.98,
            "eps_avg_yearly": 2.69,
            "eps_latest_yearly": 3.64,
            "eps_growth_yearly": 69.64
        },
        "20151": {
            "year_quarter": 20151,
            "year": 2015,
            "quarter": 1,
            "eps": 0.87,
            "eps_growth_year": -4.4,
            "eps_4q": 3.94,
            "eps_4q_growth_year": 21.35,
            "roe": 3.65,
            "roe_4q": 17.35,
            "gross_profit": 654089,
            "gross_margin": 28.05,
            "gross_margin_4q_avg": 28.06,
            "net_income": 497273,
            "revenue": 2331527,
            "common_shares": 5688459,
            "book_valuer_per_share": 24.42,
            "book_valuer_per_share_4q_avg": 23.05,
            "equity": 13890867,
            "current_ratio": 437.81,
            "debt_ratio": 12.49,
            "inventory_turnover_ratio": 2.27,
            "account_receivable_turnover_ratio": 1.06,
            "reinvestment_rate": 18.97,
            "research_to_sale_ratio": 1.83,
            "price_fair": 97.39,
            "eps_avg_yearly": 2.78,
            "eps_latest_yearly": 3.48,
            "eps_growth_yearly": 53.54
        },
        "20152": {
            "year_quarter": 20152,
            "year": 2015,
            "quarter": 2,
            "eps": 0.88,
            "eps_growth_year": -18.52,
            "eps_4q": 3.74,
            "eps_4q_growth_year": 3.3,
            "roe": 3.75,
            "roe_4q": 16.18,
            "gross_profit": 671254,
            "gross_margin": 28.05,
            "gross_margin_4q_avg": 27.74,
            "net_income": 500958,
            "revenue": 2393203,
            "common_shares": 5688459,
            "book_valuer_per_share": 22.5,
            "book_valuer_per_share_4q_avg": 23.28,
            "equity": 12799057,
            "current_ratio": 242.72,
            "debt_ratio": 21.99,
            "inventory_turnover_ratio": 2.46,
            "account_receivable_turnover_ratio": 1.08,
            "reinvestment_rate": 21.85,
            "research_to_sale_ratio": 1.83,
            "price_fair": 99.66,
            "eps_avg_yearly": 2.85,
            "eps_latest_yearly": 3.52,
            "eps_growth_yearly": 46.54
        },
        "20153": {
            "year_quarter": 20153,
            "year": 2015,
            "quarter": 3,
            "eps": 0.88,
            "eps_growth_year": -18.52,
            "eps_4q": 3.54,
            "eps_4q_growth_year": -10.13,
            "roe": 3.82,
            "roe_4q": 15.14,
            "gross_profit": 619185,
            "gross_margin": 26.93,
            "gross_margin_4q_avg": 27.45,
            "net_income": 498962,
            "revenue": 2299247,
            "common_shares": 5688459,
            "book_valuer_per_share": 23.38,
            "book_valuer_per_share_4q_avg": 23.46,
            "equity": 13298019,
            "current_ratio": 401.84,
            "debt_ratio": 13.41,
            "inventory_turnover_ratio": 2.5,
            "account_receivable_turnover_ratio": 1.01,
            "reinvestment_rate": 15.77,
            "research_to_sale_ratio": 1.98,
            "price_fair": 104.56,
            "eps_avg_yearly": 2.99,
            "eps_latest_yearly": 3.52,
            "eps_growth_yearly": 58.63
        },
        "20154": {
            "year_quarter": 20154,
            "year": 2015,
            "quarter": 4,
            "eps": 0.84,
            "eps_growth_year": -7.16,
            "eps_4q": 3.47,
            "eps_4q_growth_year": -12.62,
            "roe": 3.54,
            "roe_4q": 14.76,
            "gross_profit": 647088,
            "gross_margin": 25.71,
            "gross_margin_4q_avg": 27.19,
            "net_income": 478642,
            "revenue": 2516495,
            "common_shares": 5688459,
            "book_valuer_per_share": 24.18,
            "book_valuer_per_share_4q_avg": 23.62,
            "equity": 13752846,
            "current_ratio": 424.97,
            "debt_ratio": 13.03,
            "inventory_turnover_ratio": 2.72,
            "account_receivable_turnover_ratio": 1.09,
            "reinvestment_rate": 22.91,
            "research_to_sale_ratio": 2.05,
            "price_fair": 110.08,
            "eps_avg_yearly": 3.15,
            "eps_latest_yearly": 3.36,
            "eps_growth_yearly": 66.09
        },
        "20161": {
            "year_quarter": 20161,
            "year": 2016,
            "quarter": 1,
            "eps": 0.93,
            "eps_growth_year": 6.9,
            "eps_4q": 3.53,
            "eps_4q_growth_year": -10.32,
            "roe": 3.79,
            "roe_4q": 14.9,
            "gross_profit": 717829,
            "gross_margin": 29.03,
            "gross_margin_4q_avg": 27.43,
            "net_income": 531032,
            "revenue": 2473026,
            "common_shares": 5688459,
            "book_valuer_per_share": 25.11,
            "book_valuer_per_share_4q_avg": 23.79,
            "equity": 14283878,
            "current_ratio": 448.95,
            "debt_ratio": 12.72,
            "inventory_turnover_ratio": 2.46,
            "account_receivable_turnover_ratio": 1.07,
            "reinvestment_rate": 25.16,
            "research_to_sale_ratio": 2.17,
            "price_fair": 115.76,
            "eps_avg_yearly": 3.31,
            "eps_latest_yearly": 3.72,
            "eps_growth_yearly": 60.44
        },
        "20162": {
            "year_quarter": 20162,
            "year": 2016,
            "quarter": 2,
            "eps": 0.93,
            "eps_growth_year": 5.68,
            "eps_4q": 3.59,
            "eps_4q_growth_year": -4.03,
            "roe": 3.83,
            "roe_4q": 14.98,
            "gross_profit": 698100,
            "gross_margin": 27.97,
            "gross_margin_4q_avg": 27.41,
            "net_income": 531298,
            "revenue": 2495984,
            "common_shares": 5688459,
            "book_valuer_per_share": 23.64,
            "book_valuer_per_share_4q_avg": 24.08,
            "equity": 13449946,
            "current_ratio": 260.95,
            "debt_ratio": 21.06,
            "inventory_turnover_ratio": 2.47,
            "account_receivable_turnover_ratio": 1.11,
            "reinvestment_rate": 28.21,
            "research_to_sale_ratio": 2.08,
            "price_fair": 59,
            "eps_avg_yearly": 3.32,
            "eps_latest_yearly": 3.72,
            "eps_growth_yearly": 7.76
        },
        "20163": {
            "year_quarter": 20163,
            "year": 2016,
            "quarter": 3,
            "eps": 1.02,
            "eps_growth_year": 15.91,
            "eps_4q": 3.73,
            "eps_4q_growth_year": 5.46,
            "roe": 4.23,
            "roe_4q": 15.39,
            "gross_profit": 778883,
            "gross_margin": 28.35,
            "gross_margin_4q_avg": 27.77,
            "net_income": 581723,
            "revenue": 2747411,
            "common_shares": 5688459,
            "book_valuer_per_share": 24.67,
            "book_valuer_per_share_4q_avg": 24.4,
            "equity": 14031669,
            "current_ratio": 382.33,
            "debt_ratio": 14.03,
            "inventory_turnover_ratio": 2.64,
            "account_receivable_turnover_ratio": 1.16,
            "reinvestment_rate": 29.02,
            "research_to_sale_ratio": 1.91,
            "price_fair": 90.49,
            "eps_avg_yearly": 3.42,
            "eps_latest_yearly": 4.08,
            "eps_growth_yearly": 16.5
        },
        "20164": {
            "year_quarter": 20164,
            "year": 2016,
            "quarter": 4,
            "eps": 1.05,
            "eps_growth_year": 24.23,
            "eps_4q": 3.94,
            "eps_4q_growth_year": 13.3,
            "roe": 4.15,
            "roe_4q": 16,
            "gross_profit": 750372,
            "gross_margin": 26.28,
            "gross_margin_4q_avg": 27.91,
            "net_income": 594627,
            "revenue": 2855291,
            "common_shares": 5688459,
            "book_valuer_per_share": 25.67,
            "book_valuer_per_share_4q_avg": 24.77,
            "equity": 14600732,
            "current_ratio": 320.92,
            "debt_ratio": 15.94,
            "inventory_turnover_ratio": 2.7,
            "account_receivable_turnover_ratio": 1.08,
            "reinvestment_rate": 39.41,
            "research_to_sale_ratio": 1.7,
            "price_fair": 124.95,
            "eps_avg_yearly": 3.57,
            "eps_latest_yearly": 4.2,
            "eps_growth_yearly": 25.7
        },
        "20171": {
            "year_quarter": 20171,
            "year": 2017,
            "quarter": 1,
            "eps": 1.05,
            "eps_growth_year": 12.9,
            "eps_4q": 4.05,
            "eps_4q_growth_year": 14.78,
            "roe": 4.02,
            "roe_4q": 16.23,
            "gross_profit": 830542,
            "gross_margin": 30.08,
            "gross_margin_4q_avg": 28.17,
            "net_income": 598909,
            "revenue": 2760727,
            "common_shares": 5688459,
            "book_valuer_per_share": 26.72,
            "book_valuer_per_share_4q_avg": 25.18,
            "equity": 15199335,
            "current_ratio": 332.53,
            "debt_ratio": 14.98,
            "inventory_turnover_ratio": 2.29,
            "account_receivable_turnover_ratio": 1.05,
            "reinvestment_rate": 45.04,
            "research_to_sale_ratio": 1.79,
            "price_fair": 112.79,
            "eps_avg_yearly": 3.7,
            "eps_latest_yearly": 4.2,
            "eps_growth_yearly": 20.46
        },
        "20172": {
            "year_quarter": 20172,
            "year": 2017,
            "quarter": 2,
            "eps": 1.03,
            "eps_growth_year": 10.75,
            "eps_4q": 4.15,
            "eps_4q_growth_year": 15.85,
            "roe": 4,
            "roe_4q": 16.4,
            "gross_profit": 840984,
            "gross_margin": 28.45,
            "gross_margin_4q_avg": 28.29,
            "net_income": 588051,
            "revenue": 2956340,
            "common_shares": 5688459,
            "book_valuer_per_share": 25.01,
            "book_valuer_per_share_4q_avg": 25.52,
            "equity": 14227569,
            "current_ratio": 208.21,
            "debt_ratio": 22.44,
            "inventory_turnover_ratio": 2.4,
            "account_receivable_turnover_ratio": 1.16,
            "reinvestment_rate": 47.44,
            "research_to_sale_ratio": 1.67,
            "price_fair": 75.14,
            "eps_avg_yearly": 3.78,
            "eps_latest_yearly": 4.12,
            "eps_growth_yearly": 9.89
        },
        "20173": {
            "year_quarter": 20173,
            "year": 2017,
            "quarter": 3,
            "eps": 1.19,
            "eps_growth_year": 16.67,
            "eps_4q": 4.32,
            "eps_4q_growth_year": 15.72,
            "roe": 4.63,
            "roe_4q": 16.799999999999997,
            "gross_profit": 889335,
            "gross_margin": 28.63,
            "gross_margin_4q_avg": 28.36,
            "net_income": 674855,
            "revenue": 3106282,
            "common_shares": 5688459,
            "book_valuer_per_share": 26.19,
            "book_valuer_per_share_4q_avg": 25.9,
            "equity": 14899227,
            "current_ratio": 285.97,
            "debt_ratio": 15.37,
            "inventory_turnover_ratio": 2.57,
            "account_receivable_turnover_ratio": 1.12,
            "reinvestment_rate": 46.1,
            "research_to_sale_ratio": 1.63,
            "price_fair": 85.6,
            "eps_avg_yearly": 3.88,
            "eps_latest_yearly": 4.76,
            "eps_growth_yearly": 12.06
        },
        "20174": {
            "year_quarter": 20174,
            "year": 2017,
            "quarter": 4,
            "eps": 1.14,
            "eps_growth_year": 8.78,
            "eps_4q": 4.41,
            "eps_4q_growth_year": 12.06,
            "roe": 4.25,
            "roe_4q": 16.9,
            "gross_profit": 889612,
            "gross_margin": 28.44,
            "gross_margin_4q_avg": 28.9,
            "net_income": 646813,
            "revenue": 3128420,
            "common_shares": 5688459,
            "book_valuer_per_share": 27.29,
            "book_valuer_per_share_4q_avg": 26.3,
            "equity": 15523939,
            "current_ratio": 311.93,
            "debt_ratio": 14.42,
            "inventory_turnover_ratio": 2.62,
            "account_receivable_turnover_ratio": 1.08,
            "reinvestment_rate": 45.59,
            "research_to_sale_ratio": 1.68,
            "price_fair": 71.56,
            "eps_avg_yearly": 3.95,
            "eps_latest_yearly": 4.56,
            "eps_growth_yearly": 8.13
        },
        "20181": {
            "year_quarter": 20181,
            "year": 2018,
            "quarter": 1,
            "eps": 1.1,
            "eps_growth_year": 4.76,
            "eps_4q": 4.46,
            "eps_4q_growth_year": 9.9,
            "roe": 3.93,
            "roe_4q": 16.81,
            "gross_profit": 869692,
            "gross_margin": 28.49,
            "gross_margin_4q_avg": 28.5,
            "net_income": 625081,
            "revenue": 3052688,
            "common_shares": 5688459,
            "book_valuer_per_share": 28.57,
            "book_valuer_per_share_4q_avg": 26.77,
            "equity": 16249346,
            "current_ratio": 305.77,
            "debt_ratio": 14.9,
            "inventory_turnover_ratio": 3.21,
            "account_receivable_turnover_ratio": 1.05,
            "reinvestment_rate": 34.94,
            "research_to_sale_ratio": 1.61,
            "price_fair": 64.32,
            "eps_avg_yearly": 4,
            "eps_latest_yearly": 4.4,
            "eps_growth_yearly": 6.1
        },
        "20182": {
            "year_quarter": 20182,
            "year": 2018,
            "quarter": 2,
            "eps": 1.13,
            "eps_growth_year": 9.71,
            "eps_4q": 4.55,
            "eps_4q_growth_year": 9.48,
            "roe": 4.08,
            "roe_4q": 16.89,
            "gross_profit": 895078,
            "gross_margin": 28.03,
            "gross_margin_4q_avg": 28.4,
            "net_income": 640676,
            "revenue": 3193421,
            "common_shares": 5688459,
            "book_valuer_per_share": 26.68,
            "book_valuer_per_share_4q_avg": 27.18,
            "equity": 15177724,
            "current_ratio": 192.23,
            "debt_ratio": 23.12,
            "inventory_turnover_ratio": 4.64,
            "account_receivable_turnover_ratio": 1.07,
            "reinvestment_rate": 36.04,
            "research_to_sale_ratio": 1.48,
            "price_fair": 48.54,
            "eps_avg_yearly": 4.01,
            "eps_latest_yearly": 4.52,
            "eps_growth_yearly": 2.11
        },
        "20183": {
            "year_quarter": 20183,
            "year": 2018,
            "quarter": 3,
            "eps": 1.18,
            "eps_growth_year": -0.84,
            "eps_4q": 4.54,
            "eps_4q_growth_year": 5.08,
            "roe": 4.31,
            "roe_4q": 16.57,
            "gross_profit": 895785,
            "gross_margin": 27.4,
            "gross_margin_4q_avg": 28.09,
            "net_income": 668637,
            "revenue": 3269120,
            "common_shares": 5688459,
            "book_valuer_per_share": 27.84,
            "book_valuer_per_share_4q_avg": 27.6,
            "equity": 15836944,
            "current_ratio": 274.5,
            "debt_ratio": 15.32,
            "inventory_turnover_ratio": 4.6,
            "account_receivable_turnover_ratio": 1.03,
            "reinvestment_rate": 27.01,
            "research_to_sale_ratio": 1.52,
            "price_fair": 53.3,
            "eps_avg_yearly": 4.03,
            "eps_latest_yearly": 4.72,
            "eps_growth_yearly": 3.22
        },
        "20184": {
            "year_quarter": 20184,
            "year": 2018,
            "quarter": 4,
            "eps": 0.78,
            "eps_growth_year": -31.81,
            "eps_4q": 4.18,
            "eps_4q_growth_year": -5.31,
            "roe": 2.75,
            "roe_4q": 15.07,
            "gross_profit": 597684,
            "gross_margin": 21.04,
            "gross_margin_4q_avg": 26.24,
            "net_income": 441059,
            "revenue": 2841205,
            "common_shares": 5688459,
            "book_valuer_per_share": 28.51,
            "book_valuer_per_share_4q_avg": 27.9,
            "equity": 16219064,
            "current_ratio": 310.21,
            "debt_ratio": 13.84,
            "inventory_turnover_ratio": 4.04,
            "account_receivable_turnover_ratio": 0.92,
            "reinvestment_rate": 27.25,
            "research_to_sale_ratio": 1.66,
            "price_fair": 12,
            "eps_avg_yearly": 4,
            "eps_latest_yearly": 3.12,
            "eps_growth_yearly": -1.32
        },
        "20191": {
            "year_quarter": 20191,
            "year": 2019,
            "quarter": 1,
            "eps": 0.6,
            "eps_growth_year": -45.45,
            "eps_4q": 3.67,
            "eps_4q_growth_year": -17.55,
            "roe": 2.07,
            "roe_4q": 13.209999999999999,
            "gross_profit": 508918,
            "gross_margin": 20.01,
            "gross_margin_4q_avg": 24.12,
            "net_income": 339667,
            "revenue": 2543402,
            "common_shares": 5688459,
            "book_valuer_per_share": 29.14,
            "book_valuer_per_share_4q_avg": 28.04,
            "equity": 16573471,
            "current_ratio": 352.06,
            "debt_ratio": 12.53,
            "inventory_turnover_ratio": 3.89,
            "account_receivable_turnover_ratio": 0.91,
            "reinvestment_rate": 26.02,
            "research_to_sale_ratio": 1.81,
            "price_fair": 11.8,
            "eps_avg_yearly": 3.93,
            "eps_latest_yearly": 2.4,
            "eps_growth_yearly": -5.99
        },
        "20192": {
            "year_quarter": 20192,
            "year": 2019,
            "quarter": 2,
            "eps": 0.85,
            "eps_growth_year": -24.78,
            "eps_4q": 3.4,
            "eps_4q_growth_year": -25.21,
            "roe": 3.03,
            "roe_4q": 12.16,
            "gross_profit": 728216,
            "gross_margin": 24.61,
            "gross_margin_4q_avg": 23.27,
            "net_income": 485861,
            "revenue": 2958939,
            "common_shares": 5688459,
            "book_valuer_per_share": 27.3,
            "book_valuer_per_share_4q_avg": 28.2,
            "equity": 15530488,
            "current_ratio": 223.39,
            "debt_ratio": 20.58,
            "inventory_turnover_ratio": 4.76,
            "account_receivable_turnover_ratio": 1.05,
            "reinvestment_rate": 22.37,
            "research_to_sale_ratio": 1.62,
            "price_fair": 55.49,
            "eps_avg_yearly": 3.93,
            "eps_latest_yearly": 3.4,
            "eps_growth_yearly": 4.14
        },
        "20193": {
            "year_quarter": 20193,
            "year": 2019,
            "quarter": 3,
            "eps": 1.02,
            "eps_growth_year": -13.56,
            "eps_4q": 3.25,
            "eps_4q_growth_year": -28.36,
            "roe": 3.68,
            "roe_4q": 11.53,
            "gross_profit": 810047,
            "gross_margin": 24.58,
            "gross_margin_4q_avg": 22.56,
            "net_income": 582535,
            "revenue": 3295778,
            "common_shares": 5688459,
            "book_valuer_per_share": 28.38,
            "book_valuer_per_share_4q_avg": 28.33,
            "equity": 16143923,
            "current_ratio": 311.84,
            "debt_ratio": 14.3,
            "inventory_turnover_ratio": 5.25,
            "account_receivable_turnover_ratio": 1.09,
            "reinvestment_rate": 24.51,
            "research_to_sale_ratio": 1.64,
            "price_fair": 75.78,
            "eps_avg_yearly": 3.96,
            "eps_latest_yearly": 4.08,
            "eps_growth_yearly": 9.14
        },
        "20194": {
            "year_quarter": 20194,
            "year": 2019,
            "quarter": 4,
            "eps": 0.86,
            "eps_growth_year": 10.61,
            "eps_4q": 3.33,
            "eps_4q_growth_year": -20.19,
            "roe": 2.97,
            "roe_4q": 11.75,
            "gross_profit": 752163,
            "gross_margin": 23.27,
            "gross_margin_4q_avg": 23.12,
            "net_income": 487836,
            "revenue": 3232362,
            "common_shares": 5688459,
            "book_valuer_per_share": 29.28,
            "book_valuer_per_share_4q_avg": 28.53,
            "equity": 16654630,
            "current_ratio": 313.25,
            "debt_ratio": 14.66,
            "inventory_turnover_ratio": 4.88,
            "account_receivable_turnover_ratio": 1.05,
            "reinvestment_rate": 25.83,
            "research_to_sale_ratio": 1.71,
            "price_fair": 64.84,
            "eps_avg_yearly": 3.97,
            "eps_latest_yearly": 3.44,
            "eps_growth_yearly": 6.35
        },
        "20201": {
            "year_quarter": 20201,
            "year": 2020,
            "quarter": 1,
            "eps": 0.96,
            "eps_growth_year": 60,
            "eps_4q": 3.69,
            "eps_4q_growth_year": 0.49,
            "roe": 3.22,
            "roe_4q": 12.9,
            "gross_profit": 770033,
            "gross_margin": 23.53,
            "gross_margin_4q_avg": 24,
            "net_income": 544107,
            "revenue": 3272699,
            "common_shares": 5688459,
            "book_valuer_per_share": 30.16,
            "book_valuer_per_share_4q_avg": 28.78,
            "equity": 17156992,
            "current_ratio": 331.09,
            "debt_ratio": 13.64,
            "inventory_turnover_ratio": 4.67,
            "account_receivable_turnover_ratio": 1.08,
            "reinvestment_rate": 28.39,
            "research_to_sale_ratio": 1.62,
            "price_fair": 65.87,
            "eps_avg_yearly": 3.97,
            "eps_latest_yearly": 3.84,
            "eps_growth_yearly": 6.58
        },
        "20202": {
            "year_quarter": 20202,
            "year": 2020,
            "quarter": 2,
            "eps": 1.16,
            "eps_growth_year": 36.47,
            "eps_4q": 4,
            "eps_4q_growth_year": 17.46,
            "roe": 3.9,
            "roe_4q": 13.77,
            "gross_profit": 910605,
            "gross_margin": 25.37,
            "gross_margin_4q_avg": 24.19,
            "net_income": 658614,
            "revenue": 3588853,
            "common_shares": 5688459,
            "book_valuer_per_share": 29.2,
            "book_valuer_per_share_4q_avg": 29.26,
            "equity": 16607485,
            "current_ratio": 230.06,
            "debt_ratio": 20.65,
            "inventory_turnover_ratio": 4.38,
            "account_receivable_turnover_ratio": 1.14,
            "reinvestment_rate": 24.54,
            "research_to_sale_ratio": 1.55,
            "price_fair": 87.81,
            "eps_avg_yearly": 4.03,
            "eps_latest_yearly": 4.64,
            "eps_growth_yearly": 11.79
        },
        "20203": {
            "year_quarter": 20203,
            "year": 2020,
            "quarter": 3,
            "eps": 1.26,
            "eps_growth_year": 23.53,
            "eps_4q": 4.23,
            "eps_4q_growth_year": 30.22,
            "roe": 4.24,
            "roe_4q": 14.330000000000002,
            "gross_profit": 1004708,
            "gross_margin": 26.58,
            "gross_margin_4q_avg": 24.69,
            "net_income": 717338,
            "revenue": 3780032,
            "common_shares": 5688459,
            "book_valuer_per_share": 30.28,
            "book_valuer_per_share_4q_avg": 29.73,
            "equity": 17224368,
            "current_ratio": 299.23,
            "debt_ratio": 15.36,
            "inventory_turnover_ratio": 3.85,
            "account_receivable_turnover_ratio": 1.12,
            "reinvestment_rate": 25.1,
            "research_to_sale_ratio": 1.6,
            "price_fair": 88.04,
            "eps_avg_yearly": 4.09,
            "eps_latest_yearly": 5.04,
            "eps_growth_yearly": 11.52
        },
        "20204": {
            "year_quarter": 20204,
            "year": 2020,
            "quarter": 4,
            "eps": 1.3,
            "eps_growth_year": 52.15,
            "eps_4q": 4.68,
            "eps_4q_growth_year": 40.42,
            "roe": 4.21,
            "roe_4q": 15.57,
            "gross_profit": 1124294,
            "gross_margin": 27.69,
            "gross_margin_4q_avg": 25.79,
            "net_income": 742252,
            "revenue": 4060098,
            "common_shares": 5688459,
            "book_valuer_per_share": 31.64,
            "book_valuer_per_share_4q_avg": 30.32,
            "equity": 17996719,
            "current_ratio": 289.47,
            "debt_ratio": 16.42,
            "inventory_turnover_ratio": 3.84,
            "account_receivable_turnover_ratio": 1.16,
            "reinvestment_rate": 19,
            "research_to_sale_ratio": 1.55,
            "price_fair": 89.62,
            "eps_avg_yearly": 4.15,
            "eps_latest_yearly": 5.2,
            "eps_growth_yearly": 11.58
        },
        "20211": {
            "year_quarter": 20211,
            "year": 2021,
            "quarter": 1,
            "eps": 1.64,
            "eps_growth_year": 70.83,
            "eps_4q": 5.36,
            "eps_4q_growth_year": 45.14,
            "roe": 5.03,
            "roe_4q": 17.38,
            "gross_profit": 1204373,
            "gross_margin": 28.57,
            "gross_margin_4q_avg": 27.05,
            "net_income": 930168,
            "revenue": 4215598,
            "common_shares": 5688459,
            "book_valuer_per_share": 33.39,
            "book_valuer_per_share_4q_avg": 31.13,
            "equity": 18992289,
            "current_ratio": 291.63,
            "debt_ratio": 16.21,
            "inventory_turnover_ratio": 3.74,
            "account_receivable_turnover_ratio": 1.17,
            "reinvestment_rate": 19.69,
            "research_to_sale_ratio": 1.5,
            "price_fair": 120.92,
            "eps_avg_yearly": 4.3,
            "eps_latest_yearly": 6.56,
            "eps_growth_yearly": 18.12
        },
        "20212": {
            "year_quarter": 20212,
            "year": 2021,
            "quarter": 2,
            "eps": 2,
            "eps_growth_year": 72.41,
            "eps_4q": 6.2,
            "eps_4q_growth_year": 55.17,
            "roe": 6.09,
            "roe_4q": 19.57,
            "gross_profit": 1624333,
            "gross_margin": 33.74,
            "gross_margin_4q_avg": 29.15,
            "net_income": 1137424,
            "revenue": 4813598,
            "common_shares": 5688459,
            "book_valuer_per_share": 32.33,
            "book_valuer_per_share_4q_avg": 31.91,
            "equity": 18391658,
            "current_ratio": 188.25,
            "debt_ratio": 24.95,
            "inventory_turnover_ratio": 3.58,
            "account_receivable_turnover_ratio": 1.25,
            "reinvestment_rate": 22.1,
            "research_to_sale_ratio": 1.43,
            "price_fair": 154.83,
            "eps_avg_yearly": 4.54,
            "eps_latest_yearly": 8,
            "eps_growth_yearly": 24.09
        },
        "20213": {
            "year_quarter": 20213,
            "year": 2021,
            "quarter": 3,
            "eps": 2.4,
            "eps_growth_year": 90.48,
            "eps_4q": 7.34,
            "eps_4q_growth_year": 73.35,
            "roe": 7.16,
            "roe_4q": 22.490000000000002,
            "gross_profit": 1834955,
            "gross_margin": 34.45,
            "gross_margin_4q_avg": 31.11,
            "net_income": 1364264,
            "revenue": 5327044,
            "common_shares": 5688459,
            "book_valuer_per_share": 34.68,
            "book_valuer_per_share_4q_avg": 33.01,
            "equity": 19726576,
            "current_ratio": 229.59,
            "debt_ratio": 18.83,
            "inventory_turnover_ratio": 3.44,
            "account_receivable_turnover_ratio": 1.25,
            "reinvestment_rate": 25.09,
            "research_to_sale_ratio": 1.55,
            "price_fair": 169.58,
            "eps_avg_yearly": 4.85,
            "eps_latest_yearly": 9.6,
            "eps_growth_yearly": 25.2
        },
        "20214": {
            "year_quarter": 20214,
            "year": 2021,
            "quarter": 4,
            "eps": 2.06,
            "eps_growth_year": 57.75,
            "eps_4q": 8.09,
            "eps_4q_growth_year": 72.89,
            "roe": 5.77,
            "roe_4q": 24.05,
            "gross_profit": 1606041,
            "gross_margin": 31.46,
            "gross_margin_4q_avg": 32.06,
            "net_income": 1170906,
            "revenue": 5104903,
            "common_shares": 5688459,
            "book_valuer_per_share": 36.62,
            "book_valuer_per_share_4q_avg": 34.26,
            "equity": 20829905,
            "current_ratio": 209.81,
            "debt_ratio": 21.41,
            "inventory_turnover_ratio": 2.86,
            "account_receivable_turnover_ratio": 1.15,
            "reinvestment_rate": 29.59,
            "research_to_sale_ratio": 1.41,
            "price_fair": 166.01,
            "eps_avg_yearly": 5.08,
            "eps_latest_yearly": 8.24,
            "eps_growth_yearly": 22.71
        },
        "20221": {
            "year_quarter": 20221,
            "year": 2022,
            "quarter": 1,
            "eps": 2.05,
            "eps_growth_year": 25,
            "eps_4q": 8.51,
            "eps_4q_growth_year": 58.73,
            "roe": 5.45,
            "roe_4q": 24.47,
            "gross_profit": 1524962,
            "gross_margin": 32.35,
            "gross_margin_4q_avg": 33,
            "net_income": 1166012,
            "revenue": 4713423,
            "common_shares": 5688459,
            "book_valuer_per_share": 38.62,
            "book_valuer_per_share_4q_avg": 35.56,
            "equity": 21968917,
            "current_ratio": 231.35,
            "debt_ratio": 19.73,
            "inventory_turnover_ratio": 2.09,
            "account_receivable_turnover_ratio": 1.14,
            "reinvestment_rate": 35.12,
            "research_to_sale_ratio": 1.39,
            "price_fair": 177.79,
            "eps_avg_yearly": 5.31,
            "eps_latest_yearly": 8.2,
            "eps_growth_yearly": 23.47
        },
        "20222": {
            "year_quarter": 20222,
            "year": 2022,
            "quarter": 2,
            "eps": 1.92,
            "eps_growth_year": -4,
            "eps_4q": 8.43,
            "eps_4q_growth_year": 35.94,
            "roe": 5.19,
            "roe_4q": 23.57,
            "gross_profit": 1498035,
            "gross_margin": 31.94,
            "gross_margin_4q_avg": 32.55,
            "net_income": 1093540,
            "revenue": 4689880,
            "common_shares": 5688459,
            "book_valuer_per_share": 35.4,
            "book_valuer_per_share_4q_avg": 36.33,
            "equity": 20139871,
            "current_ratio": 170.28,
            "debt_ratio": 27.44,
            "inventory_turnover_ratio": 1.86,
            "account_receivable_turnover_ratio": 1.21,
            "reinvestment_rate": 34.61,
            "research_to_sale_ratio": 1.5,
            "price_fair": 171.91,
            "eps_avg_yearly": 5.51,
            "eps_latest_yearly": 7.68,
            "eps_growth_yearly": 21.2
        },
        "20223": {
            "year_quarter": 20223,
            "year": 2022,
            "quarter": 3,
            "eps": 1.07,
            "eps_growth_year": -55.42,
            "eps_4q": 7.1,
            "eps_4q_growth_year": -3.21,
            "roe": 2.99,
            "roe_4q": 19.4,
            "gross_profit": 682382,
            "gross_margin": 19.45,
            "gross_margin_4q_avg": 28.8,
            "net_income": 609807,
            "revenue": 3508793,
            "common_shares": 5688459,
            "book_valuer_per_share": 36.26,
            "book_valuer_per_share_4q_avg": 36.73,
            "equity": 20627786,
            "current_ratio": 226.37,
            "debt_ratio": 18.35,
            "inventory_turnover_ratio": 1.66,
            "account_receivable_turnover_ratio": 1.08,
            "reinvestment_rate": 38.54,
            "research_to_sale_ratio": 1.65,
            "price_fair": 104.31,
            "eps_avg_yearly": 5.48,
            "eps_latest_yearly": 4.28,
            "eps_growth_yearly": 9.03
        },
        "20224": {
            "year_quarter": 20224,
            "year": 2022,
            "quarter": 4,
            "eps": 0.51,
            "eps_growth_year": -75.35,
            "eps_4q": 5.55,
            "eps_4q_growth_year": -31.39,
            "roe": 1.39,
            "roe_4q": 15.02,
            "gross_profit": 524922,
            "gross_margin": 17.28,
            "gross_margin_4q_avg": 25.26,
            "net_income": 288625,
            "revenue": 3038213,
            "common_shares": 5688459,
            "book_valuer_per_share": 36.75,
            "book_valuer_per_share_4q_avg": 36.76,
            "equity": 20908894,
            "current_ratio": 295.76,
            "debt_ratio": 14.42,
            "inventory_turnover_ratio": 1.63,
            "account_receivable_turnover_ratio": 1.24,
            "reinvestment_rate": 35.36,
            "research_to_sale_ratio": 1.92,
            "price_fair": 78.06,
            "eps_avg_yearly": 5.42,
            "eps_latest_yearly": 2.04,
            "eps_growth_yearly": 4.42
        },
        "20231": {
            "year_quarter": 20231,
            "year": 2023,
            "quarter": 1,
            "eps": 0.63,
            "eps_growth_year": -69.27,
            "eps_4q": 4.13,
            "eps_4q_growth_year": -51.47,
            "roe": 1.68,
            "roe_4q": 11.25,
            "gross_profit": 536441,
            "gross_margin": 17.78,
            "gross_margin_4q_avg": 21.61,
            "net_income": 355891,
            "revenue": 3016735,
            "common_shares": 5688459,
            "book_valuer_per_share": 37.62,
            "book_valuer_per_share_4q_avg": 36.51,
            "equity": 21404155,
            "current_ratio": 308.06,
            "debt_ratio": 13.99,
            "inventory_turnover_ratio": 1.85,
            "account_receivable_turnover_ratio": 1.3,
            "reinvestment_rate": 33.33,
            "research_to_sale_ratio": 1.8,
            "price_fair": 141.35,
            "eps_avg_yearly": 5.42,
            "eps_latest_yearly": 2.52,
            "eps_growth_yearly": 16.07
        }
    },
    "months": {
        "2001-06": {
            "month": "2001-06",
            "price": "21.47",
            "revenue": 179160
        },
        "2001-07": {
            "month": "2001-07",
            "price": "15.34",
            "revenue": 200205
        },
        "2001-08": {
            "month": "2001-08",
            "price": "13.67",
            "revenue": 260005
        },
        "2001-09": {
            "month": "2001-09",
            "price": "12.07",
            "revenue": 286213
        },
        "2001-10": {
            "month": "2001-10",
            "price": "11.09",
            "revenue": 328973
        },
        "2001-11": {
            "month": "2001-11",
            "price": "13.34",
            "revenue": 297865
        },
        "2001-12": {
            "month": "2001-12",
            "price": "17.24",
            "revenue": 303633
        },
        "2002-01": {
            "month": "2002-01",
            "price": "19.24",
            "revenue": 379415
        },
        "2002-02": {
            "month": "2002-02",
            "price": "21.84",
            "revenue": 288596
        },
        "2002-03": {
            "month": "2002-03",
            "price": "31.25",
            "revenue": 413125
        },
        "2002-04": {
            "month": "2002-04",
            "price": "44.44",
            "revenue": 401457
        },
        "2002-05": {
            "month": "2002-05",
            "price": "39.82",
            "revenue": 385622
        },
        "2002-06": {
            "month": "2002-06",
            "price": "33.00",
            "revenue": 324691
        },
        "2002-07": {
            "month": "2002-07",
            "price": "31.61",
            "revenue": 386752
        },
        "2002-08": {
            "month": "2002-08",
            "price": "35.76",
            "revenue": 347523
        },
        "2002-09": {
            "month": "2002-09",
            "price": "33.10",
            "revenue": 372018
        },
        "2002-10": {
            "month": "2002-10",
            "price": "29.03",
            "revenue": 411602
        },
        "2002-11": {
            "month": "2002-11",
            "price": "28.74",
            "revenue": 364466
        },
        "2002-12": {
            "month": "2002-12",
            "price": "26.77",
            "revenue": 391874
        },
        "2003-01": {
            "month": "2003-01",
            "price": "25.79",
            "revenue": 407760
        },
        "2003-02": {
            "month": "2003-02",
            "price": "27.09",
            "revenue": 375200
        },
        "2003-03": {
            "month": "2003-03",
            "price": "30.02",
            "revenue": 453538
        },
        "2003-04": {
            "month": "2003-04",
            "price": "30.55",
            "revenue": 401011
        },
        "2003-05": {
            "month": "2003-05",
            "price": "27.63",
            "revenue": 342751
        },
        "2003-06": {
            "month": "2003-06",
            "price": "30.12",
            "revenue": 308996
        },
        "2003-07": {
            "month": "2003-07",
            "price": "32.28",
            "revenue": 396423
        },
        "2003-08": {
            "month": "2003-08",
            "price": "32.23",
            "revenue": 440506
        },
        "2003-09": {
            "month": "2003-09",
            "price": "31.24",
            "revenue": 505498
        },
        "2003-10": {
            "month": "2003-10",
            "price": "32.71",
            "revenue": 522372
        },
        "2003-11": {
            "month": "2003-11",
            "price": "35.10",
            "revenue": 543774
        },
        "2003-12": {
            "month": "2003-12",
            "price": "35.11",
            "revenue": 488437
        },
        "2004-01": {
            "month": "2004-01",
            "price": "39.06",
            "revenue": 446232
        },
        "2004-02": {
            "month": "2004-02",
            "price": "42.24",
            "revenue": 507487
        },
        "2004-03": {
            "month": "2004-03",
            "price": "44.17",
            "revenue": 582671
        },
        "2004-04": {
            "month": "2004-04",
            "price": "45.63",
            "revenue": 522045
        },
        "2004-05": {
            "month": "2004-05",
            "price": "35.71",
            "revenue": 527049
        },
        "2004-06": {
            "month": "2004-06",
            "price": "33.98",
            "revenue": 469366
        },
        "2004-07": {
            "month": "2004-07",
            "price": "29.80",
            "revenue": 478447
        },
        "2004-08": {
            "month": "2004-08",
            "price": "30.17",
            "revenue": 483011
        },
        "2004-09": {
            "month": "2004-09",
            "price": "28.51",
            "revenue": 519262
        },
        "2004-10": {
            "month": "2004-10",
            "price": "26.98",
            "revenue": 534207
        },
        "2004-11": {
            "month": "2004-11",
            "price": "29.01",
            "revenue": 514655
        },
        "2004-12": {
            "month": "2004-12",
            "price": "28.56",
            "revenue": 416758
        },
        "2005-01": {
            "month": "2005-01",
            "price": "27.95",
            "revenue": 482129
        },
        "2005-02": {
            "month": "2005-02",
            "price": "30.70",
            "revenue": 368624
        },
        "2005-03": {
            "month": "2005-03",
            "price": "30.83",
            "revenue": 531342
        },
        "2005-04": {
            "month": "2005-04",
            "price": "32.00",
            "revenue": 478027
        },
        "2005-05": {
            "month": "2005-05",
            "price": "30.63",
            "revenue": 513252
        },
        "2005-06": {
            "month": "2005-06",
            "price": "32.40",
            "revenue": 546682
        },
        "2005-07": {
            "month": "2005-07",
            "price": "35.91",
            "revenue": 578935
        },
        "2005-08": {
            "month": "2005-08",
            "price": "35.85",
            "revenue": 655922
        },
        "2005-09": {
            "month": "2005-09",
            "price": "33.60",
            "revenue": 660284
        },
        "2005-10": {
            "month": "2005-10",
            "price": "33.16",
            "revenue": 710217
        },
        "2005-11": {
            "month": "2005-11",
            "price": "33.89",
            "revenue": 734315
        },
        "2005-12": {
            "month": "2005-12",
            "price": "40.41",
            "revenue": 683736
        },
        "2006-01": {
            "month": "2006-01",
            "price": "39.36",
            "revenue": 643228
        },
        "2006-02": {
            "month": "2006-02",
            "price": "38.33",
            "revenue": 573884
        },
        "2006-03": {
            "month": "2006-03",
            "price": "38.58",
            "revenue": 706605
        },
        "2006-04": {
            "month": "2006-04",
            "price": "41.81",
            "revenue": 623464
        },
        "2006-05": {
            "month": "2006-05",
            "price": "42.12",
            "revenue": 680533
        },
        "2006-06": {
            "month": "2006-06",
            "price": "36.62",
            "revenue": 674914
        },
        "2006-07": {
            "month": "2006-07",
            "price": "35.65",
            "revenue": 709770
        },
        "2006-08": {
            "month": "2006-08",
            "price": "36.99",
            "revenue": 744145
        },
        "2006-09": {
            "month": "2006-09",
            "price": "35.74",
            "revenue": 762876
        },
        "2006-10": {
            "month": "2006-10",
            "price": "36.53",
            "revenue": 808430
        },
        "2006-11": {
            "month": "2006-11",
            "price": "39.32",
            "revenue": 694116
        },
        "2006-12": {
            "month": "2006-12",
            "price": "42.98",
            "revenue": 565597
        },
        "2007-01": {
            "month": "2007-01",
            "price": "42.47",
            "revenue": 602084
        },
        "2007-02": {
            "month": "2007-02",
            "price": "43.22",
            "revenue": 436690
        },
        "2007-03": {
            "month": "2007-03",
            "price": "49.49",
            "revenue": 729142
        },
        "2007-04": {
            "month": "2007-04",
            "price": "52.35",
            "revenue": 728156
        },
        "2007-05": {
            "month": "2007-05",
            "price": "52.96",
            "revenue": 753670
        },
        "2007-06": {
            "month": "2007-06",
            "price": "56.25",
            "revenue": 706680
        },
        "2007-07": {
            "month": "2007-07",
            "price": "58.95",
            "revenue": 821422
        },
        "2007-08": {
            "month": "2007-08",
            "price": "51.79",
            "revenue": 850684
        },
        "2007-09": {
            "month": "2007-09",
            "price": "49.69",
            "revenue": 887021
        },
        "2007-10": {
            "month": "2007-10",
            "price": "49.39",
            "revenue": 914555
        },
        "2007-11": {
            "month": "2007-11",
            "price": "46.46",
            "revenue": 814279
        },
        "2007-12": {
            "month": "2007-12",
            "price": "40.23",
            "revenue": 627368
        },
        "2008-01": {
            "month": "2008-01",
            "price": "38.58",
            "revenue": 735046
        },
        "2008-02": {
            "month": "2008-02",
            "price": "37.63",
            "revenue": 588859
        },
        "2008-03": {
            "month": "2008-03",
            "price": "38.41",
            "revenue": 795336
        },
        "2008-04": {
            "month": "2008-04",
            "price": "41.92",
            "revenue": 818230
        },
        "2008-05": {
            "month": "2008-05",
            "price": "40.35",
            "revenue": 809647
        },
        "2008-06": {
            "month": "2008-06",
            "price": "37.89",
            "revenue": 773979
        },
        "2008-07": {
            "month": "2008-07",
            "price": "35.15",
            "revenue": 839130
        },
        "2008-08": {
            "month": "2008-08",
            "price": "36.35",
            "revenue": 842332
        },
        "2008-09": {
            "month": "2008-09",
            "price": "29.41",
            "revenue": 820440
        },
        "2008-10": {
            "month": "2008-10",
            "price": "21.55",
            "revenue": 655788
        },
        "2008-11": {
            "month": "2008-11",
            "price": "18.97",
            "revenue": 398934
        },
        "2008-12": {
            "month": "2008-12",
            "price": "17.67",
            "revenue": 256156
        },
        "2009-01": {
            "month": "2009-01",
            "price": "17.73",
            "revenue": 293535
        },
        "2009-02": {
            "month": "2009-02",
            "price": "19.54",
            "revenue": 410715
        },
        "2009-03": {
            "month": "2009-03",
            "price": "23.90",
            "revenue": 649847
        },
        "2009-04": {
            "month": "2009-04",
            "price": "26.80",
            "revenue": 663131
        },
        "2009-05": {
            "month": "2009-05",
            "price": "27.92",
            "revenue": 726308
        },
        "2009-06": {
            "month": "2009-06",
            "price": "26.63",
            "revenue": 809053
        },
        "2009-07": {
            "month": "2009-07",
            "price": "29.76",
            "revenue": 855082
        },
        "2009-08": {
            "month": "2009-08",
            "price": "32.01",
            "revenue": 892363
        },
        "2009-09": {
            "month": "2009-09",
            "price": "32.15",
            "revenue": 908490
        },
        "2009-10": {
            "month": "2009-10",
            "price": "32.02",
            "revenue": 862783
        },
        "2009-11": {
            "month": "2009-11",
            "price": "31.57",
            "revenue": 808974
        },
        "2009-12": {
            "month": "2009-12",
            "price": "31.74",
            "revenue": 758747
        },
        "2010-01": {
            "month": "2010-01",
            "price": "32.14",
            "revenue": 912411
        },
        "2010-02": {
            "month": "2010-02",
            "price": "30.64",
            "revenue": 756044
        },
        "2010-03": {
            "month": "2010-03",
            "price": "31.99",
            "revenue": 1040885
        },
        "2010-04": {
            "month": "2010-04",
            "price": "34.59",
            "revenue": 1000991
        },
        "2010-05": {
            "month": "2010-05",
            "price": "32.95",
            "revenue": 985531
        },
        "2010-06": {
            "month": "2010-06",
            "price": "31.83",
            "revenue": 947916
        },
        "2010-07": {
            "month": "2010-07",
            "price": "31.68",
            "revenue": 960233
        },
        "2010-08": {
            "month": "2010-08",
            "price": "31.89",
            "revenue": 901457
        },
        "2010-09": {
            "month": "2010-09",
            "price": "30.71",
            "revenue": 696302
        },
        "2010-10": {
            "month": "2010-10",
            "price": "29.68",
            "revenue": 665543
        },
        "2010-11": {
            "month": "2010-11",
            "price": "28.61",
            "revenue": 660525
        },
        "2010-12": {
            "month": "2010-12",
            "price": "29.28",
            "revenue": 679101
        },
        "2011-01": {
            "month": "2011-01",
            "price": "29.58",
            "revenue": 818940
        },
        "2011-02": {
            "month": "2011-02",
            "price": "29.14",
            "revenue": 545029
        },
        "2011-03": {
            "month": "2011-03",
            "price": "27.42",
            "revenue": 882696
        },
        "2011-04": {
            "month": "2011-04",
            "price": "26.09",
            "revenue": 821006
        },
        "2011-05": {
            "month": "2011-05",
            "price": "26.18",
            "revenue": 862600
        },
        "2011-06": {
            "month": "2011-06",
            "price": "26.55",
            "revenue": 789390
        },
        "2011-07": {
            "month": "2011-07",
            "price": "26.03",
            "revenue": 750642
        },
        "2011-08": {
            "month": "2011-08",
            "price": "21.72",
            "revenue": 744685
        },
        "2011-09": {
            "month": "2011-09",
            "price": "20.38",
            "revenue": 624134
        },
        "2011-10": {
            "month": "2011-10",
            "price": "20.59",
            "revenue": 622245
        },
        "2011-11": {
            "month": "2011-11",
            "price": "19.73",
            "revenue": 632352
        },
        "2011-12": {
            "month": "2011-12",
            "price": "21.12",
            "revenue": 628694
        },
        "2012-01": {
            "month": "2012-01",
            "price": "24.12",
            "revenue": 613051
        },
        "2012-02": {
            "month": "2012-02",
            "price": "25.07",
            "revenue": 657862
        },
        "2012-03": {
            "month": "2012-03",
            "price": "24.39",
            "revenue": 763039
        },
        "2012-04": {
            "month": "2012-04",
            "price": "23.84",
            "revenue": 827210
        },
        "2012-05": {
            "month": "2012-05",
            "price": "23.16",
            "revenue": 884941
        },
        "2012-06": {
            "month": "2012-06",
            "price": "21.59",
            "revenue": 887443
        },
        "2012-07": {
            "month": "2012-07",
            "price": "22.20",
            "revenue": 867541
        },
        "2012-08": {
            "month": "2012-08",
            "price": "23.93",
            "revenue": 826231
        },
        "2012-09": {
            "month": "2012-09",
            "price": "23.19",
            "revenue": 724143
        },
        "2012-10": {
            "month": "2012-10",
            "price": "22.56",
            "revenue": 708505
        },
        "2012-11": {
            "month": "2012-11",
            "price": "21.99",
            "revenue": 683118
        },
        "2012-12": {
            "month": "2012-12",
            "price": "23.34",
            "revenue": 631574
        },
        "2013-01": {
            "month": "2013-01",
            "price": "23.43",
            "revenue": 753601
        },
        "2013-02": {
            "month": "2013-02",
            "price": "23.68",
            "revenue": 591467
        },
        "2013-03": {
            "month": "2013-03",
            "price": "23.88",
            "revenue": 744216
        },
        "2013-04": {
            "month": "2013-04",
            "price": "23.81",
            "revenue": 738927
        },
        "2013-05": {
            "month": "2013-05",
            "price": "24.98",
            "revenue": 788366
        },
        "2013-06": {
            "month": "2013-06",
            "price": "25.46",
            "revenue": 781380
        },
        "2013-07": {
            "month": "2013-07",
            "price": "25.29",
            "revenue": 809050
        },
        "2013-08": {
            "month": "2013-08",
            "price": "25.73",
            "revenue": 782947
        },
        "2013-09": {
            "month": "2013-09",
            "price": "25.14",
            "revenue": 788727
        },
        "2013-10": {
            "month": "2013-10",
            "price": "25.26",
            "revenue": 826785
        },
        "2013-11": {
            "month": "2013-11",
            "price": "25.43",
            "revenue": 807558
        },
        "2013-12": {
            "month": "2013-12",
            "price": "26.47",
            "revenue": 779376
        },
        "2014-01": {
            "month": "2014-01",
            "price": "28.98",
            "revenue": 829085
        },
        "2014-02": {
            "month": "2014-02",
            "price": "29.78",
            "revenue": 730236
        },
        "2014-03": {
            "month": "2014-03",
            "price": "31.06",
            "revenue": 874924
        },
        "2014-04": {
            "month": "2014-04",
            "price": "35.19",
            "revenue": 896560
        },
        "2014-05": {
            "month": "2014-05",
            "price": "38.27",
            "revenue": 916349
        },
        "2014-06": {
            "month": "2014-06",
            "price": "40.29",
            "revenue": 908339
        },
        "2014-07": {
            "month": "2014-07",
            "price": "41.08",
            "revenue": 925616
        },
        "2014-08": {
            "month": "2014-08",
            "price": "41.02",
            "revenue": 908449
        },
        "2014-09": {
            "month": "2014-09",
            "price": "39.78",
            "revenue": 917675
        },
        "2014-10": {
            "month": "2014-10",
            "price": "37.88",
            "revenue": 853573
        },
        "2014-11": {
            "month": "2014-11",
            "price": "36.96",
            "revenue": 800618
        },
        "2014-12": {
            "month": "2014-12",
            "price": "37.67",
            "revenue": 771315
        },
        "2015-01": {
            "month": "2015-01",
            "price": "38.89",
            "revenue": 813795
        },
        "2015-02": {
            "month": "2015-02",
            "price": "37.72",
            "revenue": 645823
        },
        "2015-03": {
            "month": "2015-03",
            "price": "40.76",
            "revenue": 871908
        },
        "2015-04": {
            "month": "2015-04",
            "price": "40.73",
            "revenue": 837925
        },
        "2015-05": {
            "month": "2015-05",
            "price": "41.52",
            "revenue": 778482
        },
        "2015-06": {
            "month": "2015-06",
            "price": "37.88",
            "revenue": 776796
        },
        "2015-07": {
            "month": "2015-07",
            "price": "33.05",
            "revenue": 765622
        },
        "2015-08": {
            "month": "2015-08",
            "price": "28.80",
            "revenue": 762907
        },
        "2015-09": {
            "month": "2015-09",
            "price": "27.54",
            "revenue": 770717
        },
        "2015-10": {
            "month": "2015-10",
            "price": "30.06",
            "revenue": 792548
        },
        "2015-11": {
            "month": "2015-11",
            "price": "33.75",
            "revenue": 911767
        },
        "2015-12": {
            "month": "2015-12",
            "price": "34.95",
            "revenue": 812180
        },
        "2016-01": {
            "month": "2016-01",
            "price": "33.69",
            "revenue": 828595
        },
        "2016-02": {
            "month": "2016-02",
            "price": "35.44",
            "revenue": 762640
        },
        "2016-03": {
            "month": "2016-03",
            "price": "36.88",
            "revenue": 881792
        },
        "2016-04": {
            "month": "2016-04",
            "price": "35.88",
            "revenue": 829544
        },
        "2016-05": {
            "month": "2016-05",
            "price": "36.39",
            "revenue": 814668
        },
        "2016-06": {
            "month": "2016-06",
            "price": "37.75",
            "revenue": 851771
        },
        "2016-07": {
            "month": "2016-07",
            "price": "38.12",
            "revenue": 884023
        },
        "2016-08": {
            "month": "2016-08",
            "price": "40.37",
            "revenue": 901272
        },
        "2016-09": {
            "month": "2016-09",
            "price": "39.48",
            "revenue": 962116
        },
        "2016-10": {
            "month": "2016-10",
            "price": "39.66",
            "revenue": 938347
        },
        "2016-11": {
            "month": "2016-11",
            "price": "38.64",
            "revenue": 955384
        },
        "2016-12": {
            "month": "2016-12",
            "price": "38.58",
            "revenue": 961561
        },
        "2017-01": {
            "month": "2017-01",
            "price": "39.28",
            "revenue": 888075
        },
        "2017-02": {
            "month": "2017-02",
            "price": "40.61",
            "revenue": 890804
        },
        "2017-03": {
            "month": "2017-03",
            "price": "42.08",
            "revenue": 981848
        },
        "2017-04": {
            "month": "2017-04",
            "price": "41.79",
            "revenue": 981607
        },
        "2017-05": {
            "month": "2017-05",
            "price": "43.92",
            "revenue": 984563
        },
        "2017-06": {
            "month": "2017-06",
            "price": "48.67",
            "revenue": 990191
        },
        "2017-07": {
            "month": "2017-07",
            "price": "50.85",
            "revenue": 988861
        },
        "2017-08": {
            "month": "2017-08",
            "price": "50.27",
            "revenue": 1045715
        },
        "2017-09": {
            "month": "2017-09",
            "price": "49.30",
            "revenue": 1071706
        },
        "2017-10": {
            "month": "2017-10",
            "price": "53.31",
            "revenue": 1055699
        },
        "2017-11": {
            "month": "2017-11",
            "price": "53.15",
            "revenue": 1067124
        },
        "2017-12": {
            "month": "2017-12",
            "price": "51.80",
            "revenue": 1005597
        },
        "2018-01": {
            "month": "2018-01",
            "price": "53.91",
            "revenue": 1085274
        },
        "2018-02": {
            "month": "2018-02",
            "price": "55.32",
            "revenue": 865047
        },
        "2018-03": {
            "month": "2018-03",
            "price": "56.78",
            "revenue": 1102367
        },
        "2018-04": {
            "month": "2018-04",
            "price": "55.86",
            "revenue": 1064212
        },
        "2018-05": {
            "month": "2018-05",
            "price": "53.73",
            "revenue": 1097984
        },
        "2018-06": {
            "month": "2018-06",
            "price": "54.14",
            "revenue": 1031225
        },
        "2018-07": {
            "month": "2018-07",
            "price": "53.02",
            "revenue": 1097122
        },
        "2018-08": {
            "month": "2018-08",
            "price": "53.02",
            "revenue": 1101623
        },
        "2018-09": {
            "month": "2018-09",
            "price": "50.62",
            "revenue": 1070375
        },
        "2018-10": {
            "month": "2018-10",
            "price": "43.54",
            "revenue": 977193
        },
        "2018-11": {
            "month": "2018-11",
            "price": "40.93",
            "revenue": 935536
        },
        "2018-12": {
            "month": "2018-12",
            "price": "39.91",
            "revenue": 928476
        },
        "2019-01": {
            "month": "2019-01",
            "price": "40.56",
            "revenue": 892838
        },
        "2019-02": {
            "month": "2019-02",
            "price": "41.61",
            "revenue": 711072
        },
        "2019-03": {
            "month": "2019-03",
            "price": "42.46",
            "revenue": 939492
        },
        "2019-04": {
            "month": "2019-04",
            "price": "42.62",
            "revenue": 963858
        },
        "2019-05": {
            "month": "2019-05",
            "price": "41.25",
            "revenue": 1015869
        },
        "2019-06": {
            "month": "2019-06",
            "price": "41.76",
            "revenue": 979212
        },
        "2019-07": {
            "month": "2019-07",
            "price": "43.81",
            "revenue": 1062165
        },
        "2019-08": {
            "month": "2019-08",
            "price": "43.24",
            "revenue": 1136175
        },
        "2019-09": {
            "month": "2019-09",
            "price": "42.56",
            "revenue": 1097438
        },
        "2019-10": {
            "month": "2019-10",
            "price": "42.55",
            "revenue": 1071791
        },
        "2019-11": {
            "month": "2019-11",
            "price": "45.01",
            "revenue": 1056872
        },
        "2019-12": {
            "month": "2019-12",
            "price": "46.97",
            "revenue": 1103699
        },
        "2020-01": {
            "month": "2020-01",
            "price": "47.36",
            "revenue": 1014042
        },
        "2020-02": {
            "month": "2020-02",
            "price": "47.56",
            "revenue": 1082062
        },
        "2020-03": {
            "month": "2020-03",
            "price": "41.39",
            "revenue": 1176595
        },
        "2020-04": {
            "month": "2020-04",
            "price": "42.29",
            "revenue": 1158422
        },
        "2020-05": {
            "month": "2020-05",
            "price": "45.01",
            "revenue": 1236702
        },
        "2020-06": {
            "month": "2020-06",
            "price": "45.79",
            "revenue": 1193729
        },
        "2020-07": {
            "month": "2020-07",
            "price": "50.24",
            "revenue": 1232919
        },
        "2020-08": {
            "month": "2020-08",
            "price": "51.96",
            "revenue": 1282981
        },
        "2020-09": {
            "month": "2020-09",
            "price": "50.71",
            "revenue": 1264132
        },
        "2020-10": {
            "month": "2020-10",
            "price": "50.29",
            "revenue": 1322080
        },
        "2020-11": {
            "month": "2020-11",
            "price": "52.13",
            "revenue": 1329653
        },
        "2020-12": {
            "month": "2020-12",
            "price": "55.34",
            "revenue": 1408365
        },
        "2021-01": {
            "month": "2021-01",
            "price": "61.81",
            "revenue": 1399077
        },
        "2021-02": {
            "month": "2021-02",
            "price": "70.59",
            "revenue": 1246831
        },
        "2021-03": {
            "month": "2021-03",
            "price": "68.67",
            "revenue": 1569690
        },
        "2021-04": {
            "month": "2021-04",
            "price": "71.52",
            "revenue": 1591489
        },
        "2021-05": {
            "month": "2021-05",
            "price": "68.15",
            "revenue": 1633148
        },
        "2021-06": {
            "month": "2021-06",
            "price": "75.78",
            "revenue": 1588961
        },
        "2021-07": {
            "month": "2021-07",
            "price": "84.55",
            "revenue": 1755752
        },
        "2021-08": {
            "month": "2021-08",
            "price": "90.90",
            "revenue": 1811532
        },
        "2021-09": {
            "month": "2021-09",
            "price": "86.16",
            "revenue": 1759760
        },
        "2021-10": {
            "month": "2021-10",
            "price": "77.55",
            "revenue": 1770581
        },
        "2021-11": {
            "month": "2021-11",
            "price": "79.06",
            "revenue": 1711521
        },
        "2021-12": {
            "month": "2021-12",
            "price": "76.93",
            "revenue": 1622801
        },
        "2022-01": {
            "month": "2022-01",
            "price": "75.22",
            "revenue": 1680581
        },
        "2022-02": {
            "month": "2022-02",
            "price": "73.15",
            "revenue": 1354913
        },
        "2022-03": {
            "month": "2022-03",
            "price": "74.06",
            "revenue": 1677929
        },
        "2022-04": {
            "month": "2022-04",
            "price": "70.62",
            "revenue": 1714943
        },
        "2022-05": {
            "month": "2022-05",
            "price": "71.13",
            "revenue": 1517592
        },
        "2022-06": {
            "month": "2022-06",
            "price": "68.18",
            "revenue": 1457345
        },
        "2022-07": {
            "month": "2022-07",
            "price": "61.53",
            "revenue": 1262225
        },
        "2022-08": {
            "month": "2022-08",
            "price": "62.55",
            "revenue": 1237752
        },
        "2022-09": {
            "month": "2022-09",
            "price": "53.97",
            "revenue": 1008816
        },
        "2022-10": {
            "month": "2022-10",
            "price": "47.33",
            "revenue": 1031783
        },
        "2022-11": {
            "month": "2022-11",
            "price": "48.09",
            "revenue": 1045051
        },
        "2022-12": {
            "month": "2022-12",
            "price": "48.57",
            "revenue": 961379
        },
        "2023-01": {
            "month": "2023-01",
            "price": "48.83",
            "revenue": 836966
        },
        "2023-02": {
            "month": "2023-02",
            "price": "52.57",
            "revenue": 1000638
        },
        "2023-03": {
            "month": "2023-03",
            "price": "53.96",
            "revenue": 1179131
        },
        "2023-04": {
            "month": "2023-04",
            "price": "53.94",
            "revenue": 1219920
        }
    }
}
