{
    "summary": {
        "stock_name": "新美齊",
        "stock_id": "2442",
        "category": "電腦及週邊設備",
        "main_business": "不動產買賣、租賃及營建開發。<br>不動產買賣、租賃及營建開發。",
        "website_url": "http://www.jean.com.tw",
        "ceo": "紀榮村",
        "pe_ratio": 92,
        "report_year_from": 2001,
        "report_year_to": 2023,
        "age": 22,
        "eps_negative_percentage": 30,
        "eps_growth_avg": {
            "last_all": -33.59,
            "last_2y": 4.64,
            "last_4y": -15.92,
            "last_8y": -32.95,
            "last_12y": -32.46,
            "last_16y": -28.85,
            "last_20y": -33.59,
            "at_2006_last_3y": 73.53,
            "at_2007_last_3y": 26.6,
            "at_2008_last_3y": -15.6,
            "at_2009_last_3y": -15.6,
            "at_2010_last_3y": -33.54,
            "at_2011_last_3y": -60.1,
            "at_2012_last_3y": -40.15,
            "at_2013_last_3y": -31.15,
            "at_2014_last_3y": -34.18,
            "at_2015_last_3y": -22.31,
            "at_2016_last_3y": -28.27,
            "at_2017_last_3y": -49.98,
            "at_2018_last_3y": -70.18,
            "at_2019_last_3y": -74.59,
            "at_2020_last_3y": -63.97,
            "at_2021_last_3y": 2.7,
            "at_2022_last_3y": -15.92,
            "at_2023_last_3y": -15.92,
            "at_2006_last_all": -13.24,
            "at_2007_last_all": -15.6,
            "at_2008_last_all": -36.7,
            "at_2009_last_all": -36.7,
            "at_2010_last_all": -25.42,
            "at_2011_last_all": -37.85,
            "at_2012_last_all": -37.85,
            "at_2013_last_all": -34.32,
            "at_2014_last_all": -28.71,
            "at_2015_last_all": -32.67,
            "at_2016_last_all": -34.02,
            "at_2017_last_all": -40.02,
            "at_2018_last_all": -40.02,
            "at_2019_last_all": -43.15,
            "at_2020_last_all": -40.93,
            "at_2021_last_all": -30.86,
            "at_2022_last_all": -33.59,
            "at_2023_last_all": -33.59
        },
        "latest_eps": 0.18,
        "latest_price": 16.6,
        "latest_roe": 0.99,
        "latest_gross_margin": 22,
        "latest_equity": 4474216,
        "latest_revenue": 27945,
        "latest_gross_profit": 6148,
        "latest_net_income": -71047,
        "latest_debt_ratio": 72.12,
        "latest_current_ratio": 125.83,
        "latest_account_receivable_turnover_ratio": 4.27,
        "latest_inventory_turnover_ratio": 0,
        "latest_reinvestment_rate": -77.22,
        "latest_research_to_sale_ratio": null
    },
    "eps_dividends": {
        "2000": {
            "cash": 1,
            "stock": 1,
            "eps": 0
        },
        "2001": {
            "cash": 0,
            "stock": 0,
            "eps": 0.12
        },
        "2002": {
            "cash": 0,
            "stock": 0,
            "eps": -0.52
        },
        "2003": {
            "cash": 0,
            "stock": 0,
            "eps": -2.98
        },
        "2004": {
            "cash": 0,
            "stock": 0,
            "eps": -7.65
        },
        "2005": {
            "cash": 0,
            "stock": 0,
            "eps": 0.34
        },
        "2006": {
            "cash": 0,
            "stock": 0,
            "eps": 0.59
        },
        "2007": {
            "cash": 0,
            "stock": 0,
            "eps": 0.47
        },
        "2008": {
            "cash": 0,
            "stock": 0,
            "eps": -1.51
        },
        "2009": {
            "cash": 0,
            "stock": 0,
            "eps": 2.03
        },
        "2010": {
            "cash": 0,
            "stock": 0,
            "eps": 2.43
        },
        "2011": {
            "cash": 1,
            "stock": 0,
            "eps": -0.99
        },
        "2012": {
            "cash": 0,
            "stock": 0,
            "eps": 0.76
        },
        "2013": {
            "cash": 0,
            "stock": 0,
            "eps": 0.66
        },
        "2014": {
            "cash": 0,
            "stock": 0,
            "eps": 0.73
        },
        "2015": {
            "cash": 0,
            "stock": 0,
            "eps": 0.26
        },
        "2016": {
            "cash": 0,
            "stock": 0,
            "eps": 0.14
        },
        "2017": {
            "cash": 0,
            "stock": 0,
            "eps": -0.45
        },
        "2018": {
            "cash": 0,
            "stock": 0,
            "eps": 3.44
        },
        "2019": {
            "cash": 1,
            "stock": 1,
            "eps": 0.77
        },
        "2020": {
            "cash": 0,
            "stock": 0,
            "eps": 0.66
        },
        "2021": {
            "cash": 0,
            "stock": 0,
            "eps": 2.02
        },
        "2022": {
            "cash": 0,
            "stock": 1,
            "eps": 0.57
        },
        "2023": {
            "cash": 0,
            "stock": 0,
            "eps": -0.28
        }
    },
    "dividends": {
        "2000-04-15": {
            "cash": 0.97,
            "stock": 0.97
        },
        "2001-06-27": {
            "cash": 0.49,
            "stock": 0.49
        },
        "2011-03-17": {
            "cash": 1.3,
            "stock": 0
        },
        "2013-04-08": {
            "cash": 0.05,
            "stock": 0.45
        },
        "2014-10-24": {
            "cash": 0.05,
            "stock": 0.45
        },
        "2015-08-31": {
            "cash": 0.03,
            "stock": 0.25
        },
        "2016-08-31": {
            "cash": 0.05,
            "stock": 0.03
        },
        "2017-11-09": {
            "cash": 0.01,
            "stock": 0.03
        },
        "2019-08-30": {
            "cash": 0.5,
            "stock": 1
        },
        "2021-12-10": {
            "cash": 0.1,
            "stock": 0.2
        },
        "2022-09-30": {
            "cash": 0.2,
            "stock": 0.5
        },
        "2023-03-14": {
            "cash": 0.05,
            "stock": 0.12
        }
    },
    "prices": {
        "200101": "22.51",
        "200102": "24.98",
        "200103": "25.81",
        "200104": "25.18",
        "200105": "17.83",
        "200106": "17.65",
        "200107": "12.29",
        "200108": "12.41",
        "200109": "10.24",
        "200110": "7.96",
        "200111": "11.37",
        "200112": "30.27",
        "200201": "44.70",
        "200202": "46.84",
        "200203": "44.97",
        "200204": "43.80",
        "200205": "35.58",
        "200206": "29.22",
        "200207": "22.63",
        "200208": "23.23",
        "200209": "16.28",
        "200210": "14.84",
        "200211": "16.42",
        "200212": "15.04",
        "200301": "15.68",
        "200302": "15.70",
        "200303": "14.98",
        "200304": "13.37",
        "200305": "10.50",
        "200306": "14.42",
        "200307": "17.79",
        "200308": "15.03",
        "200309": "12.91",
        "200310": "13.00",
        "200311": "12.74",
        "200312": "13.12",
        "200401": "12.98",
        "200402": "14.37",
        "200403": "13.55",
        "200404": "13.11",
        "200405": "11.78",
        "200406": "10.29",
        "200407": "8.69",
        "200408": "7.42",
        "200409": "6.83",
        "200410": "7.08",
        "200411": "7.75",
        "200412": "7.91",
        "200501": "8.45",
        "200502": "8.59",
        "200503": "8.71",
        "200504": "8.24",
        "200505": "7.12",
        "200506": "7.84",
        "200507": "9.02",
        "200508": "9.00",
        "200509": "9.70",
        "200510": "10.20",
        "200511": "10.26",
        "200512": "9.61",
        "200601": "9.70",
        "200602": "10.19",
        "200603": "9.68",
        "200604": "10.18",
        "200605": "9.92",
        "200606": "8.59",
        "200607": "7.73",
        "200608": "7.25",
        "200609": "6.62",
        "200610": "7.40",
        "200611": "8.18",
        "200612": "9.08",
        "200701": "8.91",
        "200702": "8.28",
        "200703": "8.87",
        "200704": "11.44",
        "200705": "13.05",
        "200706": "13.72",
        "200707": "16.89",
        "200708": "18.65",
        "200709": "18.75",
        "200710": "18.24",
        "200711": "14.01",
        "200712": "11.00",
        "200801": "9.36",
        "200802": "8.93",
        "200803": "9.67",
        "200804": "9.80",
        "200805": "9.25",
        "200806": "7.90",
        "200807": "6.17",
        "200808": "5.39",
        "200809": "4.74",
        "200810": "4.11",
        "200811": "4.04",
        "200812": "3.33",
        "200901": "3.28",
        "200902": "3.25",
        "200903": "6.83",
        "200904": "7.18",
        "200905": "9.64",
        "200906": "10.53",
        "200907": "12.55",
        "200908": "13.42",
        "200909": "16.00",
        "200910": "17.31",
        "200911": "19.87",
        "200912": "20.21",
        "201001": "20.37",
        "201002": "17.23",
        "201003": "18.12",
        "201004": "17.37",
        "201005": "12.94",
        "201006": "11.70",
        "201007": "13.78",
        "201008": "10.54",
        "201009": "10.21",
        "201010": "10.20",
        "201011": "9.74",
        "201012": "9.96",
        "201101": "10.66",
        "201102": "11.56",
        "201103": "11.21",
        "201104": "12.79",
        "201105": "12.22",
        "201106": "9.67",
        "201107": "8.50",
        "201108": "7.43",
        "201109": "6.84",
        "201110": "6.82",
        "201111": "6.41",
        "201112": "6.56",
        "201201": "6.53",
        "201202": "7.34",
        "201203": "7.83",
        "201204": "7.50",
        "201205": "7.23",
        "201206": "6.42",
        "201207": "6.42",
        "201208": "6.37",
        "201209": "6.61",
        "201210": "6.91",
        "201211": "6.74",
        "201212": "7.06",
        "201301": "7.46",
        "201302": "7.78",
        "201303": "7.86",
        "201304": "8.29",
        "201305": "9.51",
        "201306": "9.55",
        "201307": "9.50",
        "201308": "9.27",
        "201309": "8.97",
        "201310": "9.17",
        "201311": "8.45",
        "201312": "8.78",
        "201401": "9.26",
        "201402": "9.24",
        "201403": "9.45",
        "201404": "9.36",
        "201405": "8.98",
        "201406": "9.33",
        "201407": "9.55",
        "201408": "9.35",
        "201409": "8.82",
        "201410": "8.52",
        "201411": "8.54",
        "201412": "8.68",
        "201501": "9.08",
        "201502": "8.88",
        "201503": "8.56",
        "201504": "9.48",
        "201505": "10.17",
        "201506": "8.02",
        "201507": "7.57",
        "201508": "6.54",
        "201509": "7.15",
        "201510": "7.09",
        "201511": "6.79",
        "201512": "6.61",
        "201601": "6.23",
        "201602": "6.14",
        "201603": "6.32",
        "201604": "6.09",
        "201605": "5.61",
        "201606": "5.67",
        "201607": "5.96",
        "201608": "5.86",
        "201609": "6.18",
        "201610": "6.72",
        "201611": "6.17",
        "201612": "6.67",
        "201701": "7.78",
        "201702": "8.21",
        "201703": "7.44",
        "201704": "6.69",
        "201705": "6.84",
        "201706": "7.02",
        "201707": "7.12",
        "201708": "7.70",
        "201709": "7.97",
        "201710": "7.57",
        "201711": "7.76",
        "201712": "7.88",
        "201801": "8.11",
        "201802": "7.88",
        "201803": "8.40",
        "201804": "8.13",
        "201805": "8.24",
        "201806": "9.08",
        "201807": "9.27",
        "201808": "10.04",
        "201809": "14.30",
        "201810": "14.58",
        "201811": "13.56",
        "201812": "13.31",
        "201901": "12.40",
        "201902": "12.28",
        "201903": "12.31",
        "201904": "14.52",
        "201905": "14.05",
        "201906": "13.11",
        "201907": "14.33",
        "201908": "12.85",
        "201909": "12.32",
        "201910": "11.69",
        "201911": "10.89",
        "201912": "11.00",
        "202001": "10.61",
        "202002": "9.70",
        "202003": "7.29",
        "202004": "7.37",
        "202005": "7.92",
        "202006": "8.23",
        "202007": "8.36",
        "202008": "8.80",
        "202009": "10.22",
        "202010": "10.24",
        "202011": "10.99",
        "202012": "11.41",
        "202101": "10.21",
        "202102": "9.96",
        "202103": "10.48",
        "202104": "11.21",
        "202105": "10.48",
        "202106": "10.00",
        "202107": "10.31",
        "202108": "11.12",
        "202109": "11.66",
        "202110": "11.64",
        "202111": "11.66",
        "202112": "13.10",
        "202201": "12.59",
        "202202": "13.54",
        "202203": "13.45",
        "202204": "13.68",
        "202205": "13.15",
        "202206": "12.72",
        "202207": "11.39",
        "202208": "12.43",
        "202209": "12.56",
        "202210": "12.24",
        "202211": "12.40",
        "202212": "13.37",
        "202301": "13.15",
        "202302": "13.11",
        "202303": "14.55",
        "202304": "16.30",
        "202305": "16.15"
    },
    "quarters": {
        "20011": {
            "year_quarter": 20011,
            "year": 2001,
            "quarter": 1,
            "eps": -0.85,
            "eps_growth_year": -336.11,
            "eps_4q": 0.97,
            "eps_4q_growth_year": -58,
            "roe": -5.08,
            "roe_4q": -5.08,
            "gross_profit": 81557,
            "gross_margin": 3.81,
            "gross_margin_4q_avg": 3.81,
            "net_income": -123663,
            "revenue": 2138371,
            "common_shares": 1452000,
            "book_valuer_per_share": 16.28,
            "book_valuer_per_share_4q_avg": 16.28,
            "equity": 2363784,
            "current_ratio": 115.66,
            "debt_ratio": 48.72,
            "inventory_turnover_ratio": 2.84,
            "account_receivable_turnover_ratio": null,
            "reinvestment_rate": null,
            "research_to_sale_ratio": null,
            "price_fair": 0,
            "eps_avg_yearly": 0,
            "eps_latest_yearly": 0,
            "eps_growth_yearly": 0
        },
        "20012": {
            "year_quarter": 20012,
            "year": 2001,
            "quarter": 2,
            "eps": -0.01,
            "eps_growth_year": -101.47,
            "eps_4q": 0.28,
            "eps_4q_growth_year": -87.41,
            "roe": -0.03,
            "roe_4q": -5.11,
            "gross_profit": 151760,
            "gross_margin": 6.14,
            "gross_margin_4q_avg": 4.98,
            "net_income": -788,
            "revenue": 2472843,
            "common_shares": 1452000,
            "book_valuer_per_share": 16.28,
            "book_valuer_per_share_4q_avg": 16.28,
            "equity": 2363430,
            "current_ratio": 114.12,
            "debt_ratio": 47.01,
            "inventory_turnover_ratio": 79.13,
            "account_receivable_turnover_ratio": null,
            "reinvestment_rate": null,
            "research_to_sale_ratio": null,
            "price_fair": 0,
            "eps_avg_yearly": 0,
            "eps_latest_yearly": 0,
            "eps_growth_yearly": 0
        },
        "20013": {
            "year_quarter": 20013,
            "year": 2001,
            "quarter": 3,
            "eps": 0.1,
            "eps_growth_year": -54.55,
            "eps_4q": 0.16,
            "eps_4q_growth_year": -90.96,
            "roe": 0.64,
            "roe_4q": -4.47,
            "gross_profit": 156618,
            "gross_margin": 5.67,
            "gross_margin_4q_avg": 5.21,
            "net_income": 15049,
            "revenue": 2760536,
            "common_shares": 1524600,
            "book_valuer_per_share": 15.59,
            "book_valuer_per_share_4q_avg": 16.05,
            "equity": 2376380,
            "current_ratio": 111.77,
            "debt_ratio": 57.82,
            "inventory_turnover_ratio": 208.56,
            "account_receivable_turnover_ratio": null,
            "reinvestment_rate": null,
            "research_to_sale_ratio": null,
            "price_fair": 0,
            "eps_avg_yearly": 0,
            "eps_latest_yearly": 0,
            "eps_growth_yearly": 0
        },
        "20014": {
            "year_quarter": 20014,
            "year": 2001,
            "quarter": 4,
            "eps": 0.88,
            "eps_growth_year": -4.35,
            "eps_4q": 0.16,
            "eps_4q_growth_year": -92.58,
            "roe": 5.42,
            "roe_4q": 0.9499999999999993,
            "gross_profit": -91495,
            "gross_margin": -2.87,
            "gross_margin_4q_avg": 3.19,
            "net_income": 133582,
            "revenue": 3185140,
            "common_shares": 1524600,
            "book_valuer_per_share": 16.75,
            "book_valuer_per_share_4q_avg": 16.23,
            "equity": 2553188,
            "current_ratio": 104.34,
            "debt_ratio": 67.76,
            "inventory_turnover_ratio": 4.34,
            "account_receivable_turnover_ratio": null,
            "reinvestment_rate": null,
            "research_to_sale_ratio": null,
            "price_fair": 0,
            "eps_avg_yearly": 0,
            "eps_latest_yearly": 0,
            "eps_growth_yearly": 0
        },
        "20021": {
            "year_quarter": 20021,
            "year": 2002,
            "quarter": 1,
            "eps": 0.32,
            "eps_growth_year": null,
            "eps_4q": 1.29,
            "eps_4q_growth_year": 34.09,
            "roe": 1.88,
            "roe_4q": 7.909999999999999,
            "gross_profit": 55842,
            "gross_margin": 1.47,
            "gross_margin_4q_avg": 2.6,
            "net_income": 48569,
            "revenue": 3796446,
            "common_shares": 1524600,
            "book_valuer_per_share": 17.08,
            "book_valuer_per_share_4q_avg": 16.43,
            "equity": 2604277,
            "current_ratio": 102.04,
            "debt_ratio": 66.11,
            "inventory_turnover_ratio": 4.95,
            "account_receivable_turnover_ratio": null,
            "reinvestment_rate": null,
            "research_to_sale_ratio": null,
            "price_fair": 3.84,
            "eps_avg_yearly": 1.28,
            "eps_latest_yearly": 1.28,
            "eps_growth_yearly": -254.55
        },
        "20022": {
            "year_quarter": 20022,
            "year": 2002,
            "quarter": 2,
            "eps": -0.08,
            "eps_growth_year": null,
            "eps_4q": 1.04,
            "eps_4q_growth_year": 272.77,
            "roe": -0.43,
            "roe_4q": 7.51,
            "gross_profit": 61121,
            "gross_margin": 2.32,
            "gross_margin_4q_avg": 1.65,
            "net_income": -12866,
            "revenue": 2635279,
            "common_shares": 1774600,
            "book_valuer_per_share": 19.05,
            "book_valuer_per_share_4q_avg": 17.12,
            "equity": 3380131,
            "current_ratio": 184.89,
            "debt_ratio": 44.28,
            "inventory_turnover_ratio": 130.58,
            "account_receivable_turnover_ratio": null,
            "reinvestment_rate": null,
            "research_to_sale_ratio": null,
            "price_fair": 3.84,
            "eps_avg_yearly": 1.28,
            "eps_latest_yearly": 1.28,
            "eps_growth_yearly": -254.55
        },
        "20023": {
            "year_quarter": 20023,
            "year": 2002,
            "quarter": 3,
            "eps": -0.56,
            "eps_growth_year": -660,
            "eps_4q": 0.43,
            "eps_4q_growth_year": 165.28,
            "roe": -2.78,
            "roe_4q": 4.09,
            "gross_profit": 62938,
            "gross_margin": 2.56,
            "gross_margin_4q_avg": 0.87,
            "net_income": -93706,
            "revenue": 2460006,
            "common_shares": 1774600,
            "book_valuer_per_share": 18.99,
            "book_valuer_per_share_4q_avg": 17.97,
            "equity": 3369158,
            "current_ratio": 170.45,
            "debt_ratio": 46.27,
            "inventory_turnover_ratio": 84.52,
            "account_receivable_turnover_ratio": null,
            "reinvestment_rate": null,
            "research_to_sale_ratio": null,
            "price_fair": 3.84,
            "eps_avg_yearly": 1.28,
            "eps_latest_yearly": 1.28,
            "eps_growth_yearly": -254.55
        },
        "20024": {
            "year_quarter": 20024,
            "year": 2002,
            "quarter": 4,
            "eps": -0.2,
            "eps_growth_year": -122.73,
            "eps_4q": -0.54,
            "eps_4q_growth_year": -439,
            "roe": -1,
            "roe_4q": -2.33,
            "gross_profit": 62241,
            "gross_margin": 2.06,
            "gross_margin_4q_avg": 2.1,
            "net_income": -33493,
            "revenue": 3014707,
            "common_shares": 1774600,
            "book_valuer_per_share": 18.74,
            "book_valuer_per_share_4q_avg": 18.47,
            "equity": 3325378,
            "current_ratio": 136.72,
            "debt_ratio": 55.08,
            "inventory_turnover_ratio": 8.75,
            "account_receivable_turnover_ratio": null,
            "reinvestment_rate": 128.79,
            "research_to_sale_ratio": null,
            "price_fair": 3.84,
            "eps_avg_yearly": 1.28,
            "eps_latest_yearly": 1.28,
            "eps_growth_yearly": -254.55
        },
        "20031": {
            "year_quarter": 20031,
            "year": 2003,
            "quarter": 1,
            "eps": -0.15,
            "eps_growth_year": -146.88,
            "eps_4q": -0.93,
            "eps_4q_growth_year": -171.93,
            "roe": -0.81,
            "roe_4q": -5.02,
            "gross_profit": 59724,
            "gross_margin": 2.38,
            "gross_margin_4q_avg": 2.33,
            "net_income": -26905,
            "revenue": 2506078,
            "common_shares": 1774600,
            "book_valuer_per_share": 18.59,
            "book_valuer_per_share_4q_avg": 18.84,
            "equity": 3298132,
            "current_ratio": 151.43,
            "debt_ratio": 52.03,
            "inventory_turnover_ratio": 6.93,
            "account_receivable_turnover_ratio": null,
            "reinvestment_rate": -19.94,
            "research_to_sale_ratio": null,
            "price_fair": 3.84,
            "eps_avg_yearly": 1.28,
            "eps_latest_yearly": 1.28,
            "eps_growth_yearly": -254.55
        },
        "20032": {
            "year_quarter": 20032,
            "year": 2003,
            "quarter": 2,
            "eps": -0.65,
            "eps_growth_year": null,
            "eps_4q": -1.52,
            "eps_4q_growth_year": -246.11,
            "roe": -3.56,
            "roe_4q": -8.15,
            "gross_profit": 29649,
            "gross_margin": 1.2,
            "gross_margin_4q_avg": 2.05,
            "net_income": -115228,
            "revenue": 2476916,
            "common_shares": 1774600,
            "book_valuer_per_share": 17.89,
            "book_valuer_per_share_4q_avg": 18.55,
            "equity": 3175070,
            "current_ratio": 153.35,
            "debt_ratio": 50.98,
            "inventory_turnover_ratio": 44.9,
            "account_receivable_turnover_ratio": null,
            "reinvestment_rate": -56.73,
            "research_to_sale_ratio": null,
            "price_fair": 3.84,
            "eps_avg_yearly": 1.28,
            "eps_latest_yearly": 1.28,
            "eps_growth_yearly": -254.55
        },
        "20033": {
            "year_quarter": 20033,
            "year": 2003,
            "quarter": 3,
            "eps": -1.39,
            "eps_growth_year": null,
            "eps_4q": -2.38,
            "eps_4q_growth_year": -658.58,
            "roe": -8.14,
            "roe_4q": -13.510000000000002,
            "gross_profit": 18102,
            "gross_margin": 0.56,
            "gross_margin_4q_avg": 1.55,
            "net_income": -246545,
            "revenue": 3249427,
            "common_shares": 1774600,
            "book_valuer_per_share": 16.25,
            "book_valuer_per_share_4q_avg": 17.87,
            "equity": 2883329,
            "current_ratio": 146.78,
            "debt_ratio": 54.64,
            "inventory_turnover_ratio": 90.09,
            "account_receivable_turnover_ratio": null,
            "reinvestment_rate": null,
            "research_to_sale_ratio": null,
            "price_fair": 3.84,
            "eps_avg_yearly": 1.28,
            "eps_latest_yearly": 1.28,
            "eps_growth_yearly": -254.55
        },
        "20034": {
            "year_quarter": 20034,
            "year": 2003,
            "quarter": 4,
            "eps": -0.79,
            "eps_growth_year": null,
            "eps_4q": -2.98,
            "eps_4q_growth_year": null,
            "roe": -5.35,
            "roe_4q": -17.86,
            "gross_profit": 44499,
            "gross_margin": 1.34,
            "gross_margin_4q_avg": 1.37,
            "net_income": -139527,
            "revenue": 3329873,
            "common_shares": 1774600,
            "book_valuer_per_share": 13.14,
            "book_valuer_per_share_4q_avg": 16.47,
            "equity": 2332096,
            "current_ratio": 115.88,
            "debt_ratio": 71.9,
            "inventory_turnover_ratio": 10.23,
            "account_receivable_turnover_ratio": null,
            "reinvestment_rate": null,
            "research_to_sale_ratio": null,
            "price_fair": 3.84,
            "eps_avg_yearly": 1.28,
            "eps_latest_yearly": 1.28,
            "eps_growth_yearly": -254.55
        },
        "20041": {
            "year_quarter": 20041,
            "year": 2004,
            "quarter": 1,
            "eps": -0.39,
            "eps_growth_year": null,
            "eps_4q": -3.21,
            "eps_4q_growth_year": null,
            "roe": -3.04,
            "roe_4q": -20.09,
            "gross_profit": 54228,
            "gross_margin": 2.07,
            "gross_margin_4q_avg": 1.29,
            "net_income": -69299,
            "revenue": 2619182,
            "common_shares": 1774600,
            "book_valuer_per_share": 12.57,
            "book_valuer_per_share_4q_avg": 14.96,
            "equity": 2230083,
            "current_ratio": 135.33,
            "debt_ratio": 61.86,
            "inventory_turnover_ratio": 8.03,
            "account_receivable_turnover_ratio": null,
            "reinvestment_rate": null,
            "research_to_sale_ratio": null,
            "price_fair": 3.84,
            "eps_avg_yearly": 1.28,
            "eps_latest_yearly": 1.28,
            "eps_growth_yearly": -254.55
        },
        "20042": {
            "year_quarter": 20042,
            "year": 2004,
            "quarter": 2,
            "eps": -2.78,
            "eps_growth_year": null,
            "eps_4q": -5.34,
            "eps_4q_growth_year": null,
            "roe": -24.75,
            "roe_4q": -41.28,
            "gross_profit": 149968,
            "gross_margin": 5.58,
            "gross_margin_4q_avg": 2.39,
            "net_income": -492927,
            "revenue": 2689342,
            "common_shares": 1774600,
            "book_valuer_per_share": 9.88,
            "book_valuer_per_share_4q_avg": 12.96,
            "equity": 1753714,
            "current_ratio": 136.16,
            "debt_ratio": 65.61,
            "inventory_turnover_ratio": 97.01,
            "account_receivable_turnover_ratio": null,
            "reinvestment_rate": null,
            "research_to_sale_ratio": null,
            "price_fair": 3.84,
            "eps_avg_yearly": 1.28,
            "eps_latest_yearly": 1.28,
            "eps_growth_yearly": -254.55
        },
        "20043": {
            "year_quarter": 20043,
            "year": 2004,
            "quarter": 3,
            "eps": -0.92,
            "eps_growth_year": null,
            "eps_4q": -4.91,
            "eps_4q_growth_year": null,
            "roe": -9.69,
            "roe_4q": -42.83,
            "gross_profit": 47245,
            "gross_margin": 3.66,
            "gross_margin_4q_avg": 3.16,
            "net_income": -162169,
            "revenue": 1292563,
            "common_shares": 1760000,
            "book_valuer_per_share": 9.05,
            "book_valuer_per_share_4q_avg": 11.16,
            "equity": 1593186,
            "current_ratio": 111.19,
            "debt_ratio": 53.95,
            "inventory_turnover_ratio": 22.76,
            "account_receivable_turnover_ratio": null,
            "reinvestment_rate": null,
            "research_to_sale_ratio": null,
            "price_fair": 3.84,
            "eps_avg_yearly": 1.28,
            "eps_latest_yearly": 1.28,
            "eps_growth_yearly": -254.55
        },
        "20044": {
            "year_quarter": 20044,
            "year": 2004,
            "quarter": 4,
            "eps": -3.56,
            "eps_growth_year": null,
            "eps_4q": -7.66,
            "eps_4q_growth_year": null,
            "roe": -50.6,
            "roe_4q": -88.08,
            "gross_profit": 86862,
            "gross_margin": 3.8,
            "gross_margin_4q_avg": 3.78,
            "net_income": -628980,
            "revenue": 2288180,
            "common_shares": 1760000,
            "book_valuer_per_share": 5.07,
            "book_valuer_per_share_4q_avg": 9.14,
            "equity": 893001,
            "current_ratio": 83.95,
            "debt_ratio": 84.65,
            "inventory_turnover_ratio": 4.71,
            "account_receivable_turnover_ratio": null,
            "reinvestment_rate": null,
            "research_to_sale_ratio": null,
            "price_fair": 3.84,
            "eps_avg_yearly": 1.28,
            "eps_latest_yearly": 1.28,
            "eps_growth_yearly": -254.55
        },
        "20051": {
            "year_quarter": 20051,
            "year": 2005,
            "quarter": 1,
            "eps": -0.07,
            "eps_growth_year": null,
            "eps_4q": -7.39,
            "eps_4q_growth_year": null,
            "roe": -1.38,
            "roe_4q": -86.42,
            "gross_profit": 33630,
            "gross_margin": 1.69,
            "gross_margin_4q_avg": 3.68,
            "net_income": -12278,
            "revenue": 1987514,
            "common_shares": 1760000,
            "book_valuer_per_share": 5.05,
            "book_valuer_per_share_4q_avg": 7.26,
            "equity": 888702,
            "current_ratio": 81.79,
            "debt_ratio": 69.03,
            "inventory_turnover_ratio": 4.4,
            "account_receivable_turnover_ratio": null,
            "reinvestment_rate": null,
            "research_to_sale_ratio": null,
            "price_fair": 3.84,
            "eps_avg_yearly": 1.28,
            "eps_latest_yearly": 1.28,
            "eps_growth_yearly": -254.55
        },
        "20052": {
            "year_quarter": 20052,
            "year": 2005,
            "quarter": 2,
            "eps": 0.32,
            "eps_growth_year": null,
            "eps_4q": -4.19,
            "eps_4q_growth_year": null,
            "roe": 5.08,
            "roe_4q": -56.589999999999996,
            "gross_profit": 197011,
            "gross_margin": 6.28,
            "gross_margin_4q_avg": 3.86,
            "net_income": 57026,
            "revenue": 3137630,
            "common_shares": 2500000,
            "book_valuer_per_share": 5.42,
            "book_valuer_per_share_4q_avg": 6.15,
            "equity": 1355319,
            "current_ratio": 105.71,
            "debt_ratio": 65.24,
            "inventory_turnover_ratio": 99.08,
            "account_receivable_turnover_ratio": null,
            "reinvestment_rate": null,
            "research_to_sale_ratio": null,
            "price_fair": 3.84,
            "eps_avg_yearly": 1.28,
            "eps_latest_yearly": 1.28,
            "eps_growth_yearly": -254.55
        },
        "20053": {
            "year_quarter": 20053,
            "year": 2005,
            "quarter": 3,
            "eps": 0.33,
            "eps_growth_year": null,
            "eps_4q": -2.61,
            "eps_4q_growth_year": null,
            "roe": 4.67,
            "roe_4q": -42.230000000000004,
            "gross_profit": 190091,
            "gross_margin": 4.98,
            "gross_margin_4q_avg": 4.19,
            "net_income": 65476,
            "revenue": 3820389,
            "common_shares": 2500000,
            "book_valuer_per_share": 5.8,
            "book_valuer_per_share_4q_avg": 5.34,
            "equity": 1449555,
            "current_ratio": 125.22,
            "debt_ratio": 68.92,
            "inventory_turnover_ratio": 154.91,
            "account_receivable_turnover_ratio": null,
            "reinvestment_rate": null,
            "research_to_sale_ratio": null,
            "price_fair": 3.9,
            "eps_avg_yearly": 1.3,
            "eps_latest_yearly": 1.32,
            "eps_growth_yearly": -121.02
        },
        "20054": {
            "year_quarter": 20054,
            "year": 2005,
            "quarter": 4,
            "eps": -0.24,
            "eps_growth_year": null,
            "eps_4q": 0.18,
            "eps_4q_growth_year": null,
            "roe": -3.5,
            "roe_4q": 4.87,
            "gross_profit": 96423,
            "gross_margin": 2.18,
            "gross_margin_4q_avg": 3.78,
            "net_income": -51939,
            "revenue": 4417300,
            "common_shares": 2500000,
            "book_valuer_per_share": 5.76,
            "book_valuer_per_share_4q_avg": 5.51,
            "equity": 1519420,
            "current_ratio": 99.59,
            "debt_ratio": 80.86,
            "inventory_turnover_ratio": 7.56,
            "account_receivable_turnover_ratio": null,
            "reinvestment_rate": null,
            "research_to_sale_ratio": null,
            "price_fair": 3.9,
            "eps_avg_yearly": 1.3,
            "eps_latest_yearly": 1.32,
            "eps_growth_yearly": -121.02
        },
        "20061": {
            "year_quarter": 20061,
            "year": 2006,
            "quarter": 1,
            "eps": 0.04,
            "eps_growth_year": null,
            "eps_4q": 0.29,
            "eps_4q_growth_year": null,
            "roe": 0.75,
            "roe_4q": 7,
            "gross_profit": 138332,
            "gross_margin": 3.52,
            "gross_margin_4q_avg": 4.24,
            "net_income": 11096,
            "revenue": 3933850,
            "common_shares": 2500000,
            "book_valuer_per_share": 5.8,
            "book_valuer_per_share_4q_avg": 5.7,
            "equity": 1448838,
            "current_ratio": 112.02,
            "debt_ratio": 70.39,
            "inventory_turnover_ratio": 6.74,
            "account_receivable_turnover_ratio": null,
            "reinvestment_rate": null,
            "research_to_sale_ratio": null,
            "price_fair": 29.7,
            "eps_avg_yearly": 1.32,
            "eps_latest_yearly": 1.32,
            "eps_growth_yearly": 12.5
        },
        "20062": {
            "year_quarter": 20062,
            "year": 2006,
            "quarter": 2,
            "eps": -0.02,
            "eps_growth_year": -106.25,
            "eps_4q": 0.08,
            "eps_4q_growth_year": null,
            "roe": -0.31,
            "roe_4q": 1.6099999999999999,
            "gross_profit": 184365,
            "gross_margin": 5.09,
            "gross_margin_4q_avg": 3.94,
            "net_income": -4464,
            "revenue": 3618825,
            "common_shares": 2500000,
            "book_valuer_per_share": 5.77,
            "book_valuer_per_share_4q_avg": 5.78,
            "equity": 1443078,
            "current_ratio": 128.72,
            "debt_ratio": 68.39,
            "inventory_turnover_ratio": 70.74,
            "account_receivable_turnover_ratio": null,
            "reinvestment_rate": null,
            "research_to_sale_ratio": null,
            "price_fair": 29.7,
            "eps_avg_yearly": 1.32,
            "eps_latest_yearly": 1.32,
            "eps_growth_yearly": 12.5
        },
        "20063": {
            "year_quarter": 20063,
            "year": 2006,
            "quarter": 3,
            "eps": 0.23,
            "eps_growth_year": -30.3,
            "eps_4q": 0.05,
            "eps_4q_growth_year": null,
            "roe": 3.9,
            "roe_4q": 0.8399999999999999,
            "gross_profit": 172526,
            "gross_margin": 4.03,
            "gross_margin_4q_avg": 3.71,
            "net_income": 57676,
            "revenue": 4279854,
            "common_shares": 2500000,
            "book_valuer_per_share": 6.05,
            "book_valuer_per_share_4q_avg": 5.85,
            "equity": 1513266,
            "current_ratio": 115.79,
            "debt_ratio": 68.97,
            "inventory_turnover_ratio": 45.87,
            "account_receivable_turnover_ratio": null,
            "reinvestment_rate": null,
            "research_to_sale_ratio": null,
            "price_fair": 29.7,
            "eps_avg_yearly": 1.32,
            "eps_latest_yearly": 1.32,
            "eps_growth_yearly": 12.5
        },
        "20064": {
            "year_quarter": 20064,
            "year": 2006,
            "quarter": 4,
            "eps": 0.34,
            "eps_growth_year": null,
            "eps_4q": 0.6,
            "eps_4q_growth_year": 235.46,
            "roe": 5.3,
            "roe_4q": 9.639999999999999,
            "gross_profit": 179950,
            "gross_margin": 2.53,
            "gross_margin_4q_avg": 3.79,
            "net_income": 84197,
            "revenue": 7107350,
            "common_shares": 2500000,
            "book_valuer_per_share": 6.35,
            "book_valuer_per_share_4q_avg": 5.99,
            "equity": 1662904,
            "current_ratio": 101.95,
            "debt_ratio": 84.52,
            "inventory_turnover_ratio": 7.35,
            "account_receivable_turnover_ratio": null,
            "reinvestment_rate": null,
            "research_to_sale_ratio": null,
            "price_fair": 46.9,
            "eps_avg_yearly": 1.34,
            "eps_latest_yearly": 1.36,
            "eps_growth_yearly": 101.9
        },
        "20071": {
            "year_quarter": 20071,
            "year": 2007,
            "quarter": 1,
            "eps": 0.32,
            "eps_growth_year": 700,
            "eps_4q": 0.86,
            "eps_4q_growth_year": 193.1,
            "roe": 4.83,
            "roe_4q": 13.719999999999999,
            "gross_profit": 172653,
            "gross_margin": 3.03,
            "gross_margin_4q_avg": 3.67,
            "net_income": 81008,
            "revenue": 5704512,
            "common_shares": 2500000,
            "book_valuer_per_share": 6.77,
            "book_valuer_per_share_4q_avg": 6.24,
            "equity": 1692776,
            "current_ratio": 111.73,
            "debt_ratio": 76.49,
            "inventory_turnover_ratio": 5.89,
            "account_receivable_turnover_ratio": null,
            "reinvestment_rate": null,
            "research_to_sale_ratio": null,
            "price_fair": 46.2,
            "eps_avg_yearly": 1.32,
            "eps_latest_yearly": 1.28,
            "eps_growth_yearly": 60.09
        },
        "20072": {
            "year_quarter": 20072,
            "year": 2007,
            "quarter": 2,
            "eps": 0.32,
            "eps_growth_year": null,
            "eps_4q": 1.21,
            "eps_4q_growth_year": 1396.74,
            "roe": 4.64,
            "roe_4q": 18.669999999999998,
            "gross_profit": 197909,
            "gross_margin": 4.09,
            "gross_margin_4q_avg": 3.42,
            "net_income": 80362,
            "revenue": 4834970,
            "common_shares": 2500000,
            "book_valuer_per_share": 7.07,
            "book_valuer_per_share_4q_avg": 6.56,
            "equity": 1767783,
            "current_ratio": 113.55,
            "debt_ratio": 73.71,
            "inventory_turnover_ratio": 10.85,
            "account_receivable_turnover_ratio": null,
            "reinvestment_rate": null,
            "research_to_sale_ratio": null,
            "price_fair": 45.85,
            "eps_avg_yearly": 1.31,
            "eps_latest_yearly": 1.28,
            "eps_growth_yearly": 45.07
        },
        "20073": {
            "year_quarter": 20073,
            "year": 2007,
            "quarter": 3,
            "eps": 0.28,
            "eps_growth_year": 21.74,
            "eps_4q": 1.25,
            "eps_4q_growth_year": 2442.55,
            "roe": 3.92,
            "roe_4q": 18.689999999999998,
            "gross_profit": 241994,
            "gross_margin": 3.78,
            "gross_margin_4q_avg": 3.36,
            "net_income": 70586,
            "revenue": 6409585,
            "common_shares": 2500000,
            "book_valuer_per_share": 7.32,
            "book_valuer_per_share_4q_avg": 6.88,
            "equity": 1831086,
            "current_ratio": 111.86,
            "debt_ratio": 76.21,
            "inventory_turnover_ratio": 9.45,
            "account_receivable_turnover_ratio": null,
            "reinvestment_rate": null,
            "research_to_sale_ratio": null,
            "price_fair": 44.52,
            "eps_avg_yearly": 1.27,
            "eps_latest_yearly": 1.12,
            "eps_growth_yearly": 26.05
        },
        "20074": {
            "year_quarter": 20074,
            "year": 2007,
            "quarter": 4,
            "eps": -0.45,
            "eps_growth_year": -232.35,
            "eps_4q": 0.43,
            "eps_4q_growth_year": -28.68,
            "roe": -6.19,
            "roe_4q": 7.199999999999999,
            "gross_profit": 168734,
            "gross_margin": 3.43,
            "gross_margin_4q_avg": 3.58,
            "net_income": -112341,
            "revenue": 4921912,
            "common_shares": 2500000,
            "book_valuer_per_share": 6.89,
            "book_valuer_per_share_4q_avg": 7.01,
            "equity": 1796760,
            "current_ratio": 102.87,
            "debt_ratio": 80.74,
            "inventory_turnover_ratio": 4.3,
            "account_receivable_turnover_ratio": null,
            "reinvestment_rate": null,
            "research_to_sale_ratio": null,
            "price_fair": 44.52,
            "eps_avg_yearly": 1.27,
            "eps_latest_yearly": 1.12,
            "eps_growth_yearly": 26.05
        },
        "20081": {
            "year_quarter": 20081,
            "year": 2008,
            "quarter": 1,
            "eps": -0.45,
            "eps_growth_year": -240.62,
            "eps_4q": -0.29,
            "eps_4q_growth_year": -134.1,
            "roe": -6.47,
            "roe_4q": -4.1000000000000005,
            "gross_profit": 104532,
            "gross_margin": 3.64,
            "gross_margin_4q_avg": 3.74,
            "net_income": -111160,
            "revenue": 2868450,
            "common_shares": 2500000,
            "book_valuer_per_share": 6.27,
            "book_valuer_per_share_4q_avg": 6.89,
            "equity": 1639006,
            "current_ratio": 102.37,
            "debt_ratio": 75.9,
            "inventory_turnover_ratio": 1.76,
            "account_receivable_turnover_ratio": null,
            "reinvestment_rate": null,
            "research_to_sale_ratio": null,
            "price_fair": 44.52,
            "eps_avg_yearly": 1.27,
            "eps_latest_yearly": 1.12,
            "eps_growth_yearly": 26.05
        },
        "20082": {
            "year_quarter": 20082,
            "year": 2008,
            "quarter": 2,
            "eps": -0.8,
            "eps_growth_year": -350,
            "eps_4q": -1.41,
            "eps_4q_growth_year": -217.16,
            "roe": -12.82,
            "roe_4q": -21.560000000000002,
            "gross_profit": 88720,
            "gross_margin": 2.37,
            "gross_margin_4q_avg": 3.31,
            "net_income": -197356,
            "revenue": 3740710,
            "common_shares": 2500000,
            "book_valuer_per_share": 5.45,
            "book_valuer_per_share_4q_avg": 6.48,
            "equity": 1439269,
            "current_ratio": 98.7,
            "debt_ratio": 82.04,
            "inventory_turnover_ratio": 2.39,
            "account_receivable_turnover_ratio": null,
            "reinvestment_rate": null,
            "research_to_sale_ratio": null,
            "price_fair": 44.52,
            "eps_avg_yearly": 1.27,
            "eps_latest_yearly": 1.12,
            "eps_growth_yearly": 26.05
        },
        "20083": {
            "year_quarter": 20083,
            "year": 2008,
            "quarter": 3,
            "eps": 0.02,
            "eps_growth_year": -92.86,
            "eps_4q": -2.03,
            "eps_4q_growth_year": -261.78,
            "roe": 0.28,
            "roe_4q": -25.200000000000003,
            "gross_profit": 118848,
            "gross_margin": 4.25,
            "gross_margin_4q_avg": 3.42,
            "net_income": 4131,
            "revenue": 2796327,
            "common_shares": 2500000,
            "book_valuer_per_share": 5.59,
            "book_valuer_per_share_4q_avg": 6.05,
            "equity": 1479223,
            "current_ratio": 98.09,
            "debt_ratio": 78.56,
            "inventory_turnover_ratio": 1.88,
            "account_receivable_turnover_ratio": null,
            "reinvestment_rate": null,
            "research_to_sale_ratio": null,
            "price_fair": 44.52,
            "eps_avg_yearly": 1.27,
            "eps_latest_yearly": 1.12,
            "eps_growth_yearly": 26.05
        },
        "20084": {
            "year_quarter": 20084,
            "year": 2008,
            "quarter": 4,
            "eps": -0.28,
            "eps_growth_year": null,
            "eps_4q": -1.52,
            "eps_4q_growth_year": -455.83,
            "roe": -4.64,
            "roe_4q": -23.65,
            "gross_profit": 77644,
            "gross_margin": 3.3,
            "gross_margin_4q_avg": 3.39,
            "net_income": -68175,
            "revenue": 2351059,
            "common_shares": 1634000,
            "book_valuer_per_share": 8.42,
            "book_valuer_per_share_4q_avg": 6.43,
            "equity": 1458077,
            "current_ratio": 94.13,
            "debt_ratio": 68.26,
            "inventory_turnover_ratio": 2.43,
            "account_receivable_turnover_ratio": 3.33,
            "reinvestment_rate": null,
            "research_to_sale_ratio": null,
            "price_fair": 44.52,
            "eps_avg_yearly": 1.27,
            "eps_latest_yearly": 1.12,
            "eps_growth_yearly": 26.05
        },
        "20091": {
            "year_quarter": 20091,
            "year": 2009,
            "quarter": 1,
            "eps": 0.49,
            "eps_growth_year": null,
            "eps_4q": -1.16,
            "eps_4q_growth_year": null,
            "roe": 5.17,
            "roe_4q": -12.01,
            "gross_profit": 157401,
            "gross_margin": 8.84,
            "gross_margin_4q_avg": 4.69,
            "net_income": 77807,
            "revenue": 1780128,
            "common_shares": 1634000,
            "book_valuer_per_share": 8.99,
            "book_valuer_per_share_4q_avg": 7.11,
            "equity": 1552754,
            "current_ratio": 99.95,
            "debt_ratio": 63.35,
            "inventory_turnover_ratio": 2.65,
            "account_receivable_turnover_ratio": 1.36,
            "reinvestment_rate": 2415.11,
            "research_to_sale_ratio": null,
            "price_fair": 44.52,
            "eps_avg_yearly": 1.27,
            "eps_latest_yearly": 1.12,
            "eps_growth_yearly": 26.05
        },
        "20092": {
            "year_quarter": 20092,
            "year": 2009,
            "quarter": 2,
            "eps": 0.62,
            "eps_growth_year": null,
            "eps_4q": 0.7,
            "eps_4q_growth_year": null,
            "roe": 6.56,
            "roe_4q": 7.370000000000001,
            "gross_profit": 293080,
            "gross_margin": 11.62,
            "gross_margin_4q_avg": 7,
            "net_income": 104613,
            "revenue": 2521749,
            "common_shares": 1634000,
            "book_valuer_per_share": 9.5,
            "book_valuer_per_share_4q_avg": 8.13,
            "equity": 1636805,
            "current_ratio": 105.76,
            "debt_ratio": 64.23,
            "inventory_turnover_ratio": 3.75,
            "account_receivable_turnover_ratio": 1.75,
            "reinvestment_rate": 1063.58,
            "research_to_sale_ratio": null,
            "price_fair": 51.57,
            "eps_avg_yearly": 1.47,
            "eps_latest_yearly": 2.48,
            "eps_growth_yearly": 39.4
        },
        "20093": {
            "year_quarter": 20093,
            "year": 2009,
            "quarter": 3,
            "eps": 0.79,
            "eps_growth_year": 3850,
            "eps_4q": 1.47,
            "eps_4q_growth_year": null,
            "roe": 7.67,
            "roe_4q": 14.759999999999998,
            "gross_profit": 292667,
            "gross_margin": 10.58,
            "gross_margin_4q_avg": 8.59,
            "net_income": 129860,
            "revenue": 2766452,
            "common_shares": 1634000,
            "book_valuer_per_share": 10.21,
            "book_valuer_per_share_4q_avg": 9.28,
            "equity": 1751369,
            "current_ratio": 109.19,
            "debt_ratio": 68.03,
            "inventory_turnover_ratio": 3.66,
            "account_receivable_turnover_ratio": 1.45,
            "reinvestment_rate": 614.03,
            "research_to_sale_ratio": null,
            "price_fair": 62.3,
            "eps_avg_yearly": 1.78,
            "eps_latest_yearly": 3.16,
            "eps_growth_yearly": 55.6
        },
        "20094": {
            "year_quarter": 20094,
            "year": 2009,
            "quarter": 4,
            "eps": 0.13,
            "eps_growth_year": null,
            "eps_4q": 2.03,
            "eps_4q_growth_year": null,
            "roe": 1.27,
            "roe_4q": 20.67,
            "gross_profit": 181481,
            "gross_margin": 8.87,
            "gross_margin_4q_avg": 9.98,
            "net_income": 22354,
            "revenue": 2046758,
            "common_shares": 1634000,
            "book_valuer_per_share": 10.33,
            "book_valuer_per_share_4q_avg": 9.76,
            "equity": 1762939,
            "current_ratio": 115.03,
            "debt_ratio": 59.9,
            "inventory_turnover_ratio": 2.95,
            "account_receivable_turnover_ratio": 2.92,
            "reinvestment_rate": 374.07,
            "research_to_sale_ratio": null,
            "price_fair": 4.8,
            "eps_avg_yearly": 1.6,
            "eps_latest_yearly": 0.52,
            "eps_growth_yearly": -0.09
        },
        "20101": {
            "year_quarter": 20101,
            "year": 2010,
            "quarter": 1,
            "eps": 0.03,
            "eps_growth_year": -93.88,
            "eps_4q": 1.56,
            "eps_4q_growth_year": null,
            "roe": 0.18,
            "roe_4q": 15.68,
            "gross_profit": 132334,
            "gross_margin": 7.79,
            "gross_margin_4q_avg": 9.72,
            "net_income": 3191,
            "revenue": 1697764,
            "common_shares": 1634000,
            "book_valuer_per_share": 10.83,
            "book_valuer_per_share_4q_avg": 10.22,
            "equity": 1769216,
            "current_ratio": 157.55,
            "debt_ratio": 58.05,
            "inventory_turnover_ratio": 4.76,
            "account_receivable_turnover_ratio": 1.31,
            "reinvestment_rate": 307.88,
            "research_to_sale_ratio": null,
            "price_fair": 4.25,
            "eps_avg_yearly": 1.42,
            "eps_latest_yearly": 0.12,
            "eps_growth_yearly": -38.54
        },
        "20102": {
            "year_quarter": 20102,
            "year": 2010,
            "quarter": 2,
            "eps": -0.38,
            "eps_growth_year": -160.82,
            "eps_4q": 0.57,
            "eps_4q_growth_year": -18.85,
            "roe": -3.47,
            "roe_4q": 5.65,
            "gross_profit": 119802,
            "gross_margin": 4.61,
            "gross_margin_4q_avg": 7.96,
            "net_income": -60531,
            "revenue": 2599062,
            "common_shares": 1634000,
            "book_valuer_per_share": 10.05,
            "book_valuer_per_share_4q_avg": 10.36,
            "equity": 1719385,
            "current_ratio": 144.42,
            "debt_ratio": 63.73,
            "inventory_turnover_ratio": 13.09,
            "account_receivable_turnover_ratio": 1.93,
            "reinvestment_rate": 406.21,
            "research_to_sale_ratio": null,
            "price_fair": 4.25,
            "eps_avg_yearly": 1.42,
            "eps_latest_yearly": 0.12,
            "eps_growth_yearly": -38.54
        },
        "20103": {
            "year_quarter": 20103,
            "year": 2010,
            "quarter": 3,
            "eps": 2.28,
            "eps_growth_year": 189.24,
            "eps_4q": 2.06,
            "eps_4q_growth_year": 40.34,
            "roe": 20.04,
            "roe_4q": 18.02,
            "gross_profit": 50110,
            "gross_margin": 7.51,
            "gross_margin_4q_avg": 7.2,
            "net_income": 372422,
            "revenue": 667432,
            "common_shares": 1634000,
            "book_valuer_per_share": 12.21,
            "book_valuer_per_share_4q_avg": 10.86,
            "equity": 1997680,
            "current_ratio": 240.8,
            "debt_ratio": 37.07,
            "inventory_turnover_ratio": 2.77,
            "account_receivable_turnover_ratio": 0.53,
            "reinvestment_rate": -1.18,
            "research_to_sale_ratio": 2.96,
            "price_fair": 4.25,
            "eps_avg_yearly": 1.42,
            "eps_latest_yearly": 0.12,
            "eps_growth_yearly": -38.54
        },
        "20104": {
            "year_quarter": 20104,
            "year": 2010,
            "quarter": 4,
            "eps": 0.5,
            "eps_growth_year": 286.9,
            "eps_4q": 2.44,
            "eps_4q_growth_year": 20.25,
            "roe": 4.06,
            "roe_4q": 20.81,
            "gross_profit": 140609,
            "gross_margin": 30.92,
            "gross_margin_4q_avg": 12.71,
            "net_income": 82538,
            "revenue": 454825,
            "common_shares": 1634000,
            "book_valuer_per_share": 12.65,
            "book_valuer_per_share_4q_avg": 11.44,
            "equity": 2068139,
            "current_ratio": 517.14,
            "debt_ratio": 17.36,
            "inventory_turnover_ratio": 1.61,
            "account_receivable_turnover_ratio": 0.75,
            "reinvestment_rate": -92.72,
            "research_to_sale_ratio": 1.73,
            "price_fair": 4.49,
            "eps_avg_yearly": 1.5,
            "eps_latest_yearly": 2,
            "eps_growth_yearly": -101.48
        },
        "20111": {
            "year_quarter": 20111,
            "year": 2011,
            "quarter": 1,
            "eps": -0.05,
            "eps_growth_year": -266.67,
            "eps_4q": 2.37,
            "eps_4q_growth_year": 51.17,
            "roe": -0.37,
            "roe_4q": 20.259999999999998,
            "gross_profit": 13339,
            "gross_margin": 11.6,
            "gross_margin_4q_avg": 13.66,
            "net_income": -7659,
            "revenue": 114986,
            "common_shares": 1634000,
            "book_valuer_per_share": 12.66,
            "book_valuer_per_share_4q_avg": 11.89,
            "equity": 2078664,
            "current_ratio": 1028.02,
            "debt_ratio": 8.67,
            "inventory_turnover_ratio": 0.5,
            "account_receivable_turnover_ratio": 0.6,
            "reinvestment_rate": 140.41,
            "research_to_sale_ratio": 5.07,
            "price_fair": 4.58,
            "eps_avg_yearly": 1.53,
            "eps_latest_yearly": 2,
            "eps_growth_yearly": -112.62
        },
        "20112": {
            "year_quarter": 20112,
            "year": 2011,
            "quarter": 2,
            "eps": -0.34,
            "eps_growth_year": null,
            "eps_4q": 2.4,
            "eps_4q_growth_year": 324.28,
            "roe": -2.92,
            "roe_4q": 20.81,
            "gross_profit": 13538,
            "gross_margin": 10.92,
            "gross_margin_4q_avg": 15.24,
            "net_income": -56711,
            "revenue": 123925,
            "common_shares": 1634000,
            "book_valuer_per_share": 10.98,
            "book_valuer_per_share_4q_avg": 12.13,
            "equity": 1802850,
            "current_ratio": 593.36,
            "debt_ratio": 12.01,
            "inventory_turnover_ratio": 0.57,
            "account_receivable_turnover_ratio": 1.03,
            "reinvestment_rate": 345.57,
            "research_to_sale_ratio": 4.71,
            "price_fair": 4.7,
            "eps_avg_yearly": 1.57,
            "eps_latest_yearly": 2,
            "eps_growth_yearly": -131.39
        },
        "20113": {
            "year_quarter": 20113,
            "year": 2011,
            "quarter": 3,
            "eps": -0.61,
            "eps_growth_year": -126.5,
            "eps_4q": -0.49,
            "eps_4q_growth_year": -123.88,
            "roe": -5.53,
            "roe_4q": -4.759999999999999,
            "gross_profit": 32768,
            "gross_margin": 17.02,
            "gross_margin_4q_avg": 17.62,
            "net_income": -97971,
            "revenue": 192534,
            "common_shares": 1634000,
            "book_valuer_per_share": 10.59,
            "book_valuer_per_share_4q_avg": 11.72,
            "equity": 1740593,
            "current_ratio": 462.33,
            "debt_ratio": 15.2,
            "inventory_turnover_ratio": 1.02,
            "account_receivable_turnover_ratio": 2.97,
            "reinvestment_rate": 791.81,
            "research_to_sale_ratio": 3.57,
            "price_fair": 4.97,
            "eps_avg_yearly": 1.66,
            "eps_latest_yearly": 2,
            "eps_growth_yearly": -147.67
        },
        "20114": {
            "year_quarter": 20114,
            "year": 2011,
            "quarter": 4,
            "eps": 0.01,
            "eps_growth_year": -98.27,
            "eps_4q": -0.99,
            "eps_4q_growth_year": -140.49,
            "roe": 0.09,
            "roe_4q": -8.729999999999999,
            "gross_profit": 28546,
            "gross_margin": 14.34,
            "gross_margin_4q_avg": 13.47,
            "net_income": 1543,
            "revenue": 199135,
            "common_shares": 1634000,
            "book_valuer_per_share": 10.59,
            "book_valuer_per_share_4q_avg": 11.21,
            "equity": 1740898,
            "current_ratio": 661.66,
            "debt_ratio": 10.5,
            "inventory_turnover_ratio": 1.15,
            "account_receivable_turnover_ratio": 4.04,
            "reinvestment_rate": -215.93,
            "research_to_sale_ratio": 3.6,
            "price_fair": 4.97,
            "eps_avg_yearly": 1.66,
            "eps_latest_yearly": 2,
            "eps_growth_yearly": -147.67
        },
        "20121": {
            "year_quarter": 20121,
            "year": 2012,
            "quarter": 1,
            "eps": 0.42,
            "eps_growth_year": null,
            "eps_4q": -0.52,
            "eps_4q_growth_year": -122.04,
            "roe": 3.86,
            "roe_4q": -4.5,
            "gross_profit": 27523,
            "gross_margin": 16.14,
            "gross_margin_4q_avg": 14.61,
            "net_income": 68627,
            "revenue": 170499,
            "common_shares": 1634000,
            "book_valuer_per_share": 11.03,
            "book_valuer_per_share_4q_avg": 10.8,
            "equity": 1813397,
            "current_ratio": 373.33,
            "debt_ratio": 19.8,
            "inventory_turnover_ratio": 0.32,
            "account_receivable_turnover_ratio": 7.77,
            "reinvestment_rate": -80.99,
            "research_to_sale_ratio": 5.13,
            "price_fair": 58.1,
            "eps_avg_yearly": 1.66,
            "eps_latest_yearly": 1.68,
            "eps_growth_yearly": 2610.27
        },
        "20122": {
            "year_quarter": 20122,
            "year": 2012,
            "quarter": 2,
            "eps": -0.19,
            "eps_growth_year": null,
            "eps_4q": -0.37,
            "eps_4q_growth_year": -115.4,
            "roe": -1.73,
            "roe_4q": -3.3100000000000005,
            "gross_profit": 34205,
            "gross_margin": 17.95,
            "gross_margin_4q_avg": 16.36,
            "net_income": -31033,
            "revenue": 190580,
            "common_shares": 1634000,
            "book_valuer_per_share": 10.83,
            "book_valuer_per_share_4q_avg": 10.76,
            "equity": 1781268,
            "current_ratio": 310.54,
            "debt_ratio": 23.9,
            "inventory_turnover_ratio": 0.21,
            "account_receivable_turnover_ratio": 7.67,
            "reinvestment_rate": -54.11,
            "research_to_sale_ratio": 5.33,
            "price_fair": 58.1,
            "eps_avg_yearly": 1.66,
            "eps_latest_yearly": 1.68,
            "eps_growth_yearly": 2610.27
        },
        "20123": {
            "year_quarter": 20123,
            "year": 2012,
            "quarter": 3,
            "eps": 0.27,
            "eps_growth_year": null,
            "eps_4q": 0.51,
            "eps_4q_growth_year": null,
            "roe": 2.51,
            "roe_4q": 4.7299999999999995,
            "gross_profit": 50441,
            "gross_margin": 22.67,
            "gross_margin_4q_avg": 17.78,
            "net_income": 45207,
            "revenue": 222463,
            "common_shares": 1634000,
            "book_valuer_per_share": 11.09,
            "book_valuer_per_share_4q_avg": 10.89,
            "equity": 1825540,
            "current_ratio": 315.29,
            "debt_ratio": 23.68,
            "inventory_turnover_ratio": 0.23,
            "account_receivable_turnover_ratio": 6.57,
            "reinvestment_rate": -55.34,
            "research_to_sale_ratio": 4.49,
            "price_fair": 58.1,
            "eps_avg_yearly": 1.66,
            "eps_latest_yearly": 1.68,
            "eps_growth_yearly": 2610.27
        },
        "20124": {
            "year_quarter": 20124,
            "year": 2012,
            "quarter": 4,
            "eps": 0.26,
            "eps_growth_year": 2930.06,
            "eps_4q": 0.76,
            "eps_4q_growth_year": null,
            "roe": 2.38,
            "roe_4q": 7.02,
            "gross_profit": 71162,
            "gross_margin": 24.24,
            "gross_margin_4q_avg": 20.25,
            "net_income": 43944,
            "revenue": 293626,
            "common_shares": 1634000,
            "book_valuer_per_share": 11.34,
            "book_valuer_per_share_4q_avg": 11.07,
            "equity": 1867234,
            "current_ratio": 304.37,
            "debt_ratio": 25.07,
            "inventory_turnover_ratio": 0.28,
            "account_receivable_turnover_ratio": 7.5,
            "reinvestment_rate": -121.5,
            "research_to_sale_ratio": 3.53,
            "price_fair": 55,
            "eps_avg_yearly": 1.57,
            "eps_latest_yearly": 1.04,
            "eps_growth_yearly": 2235.26
        },
        "20131": {
            "year_quarter": 20131,
            "year": 2013,
            "quarter": 1,
            "eps": 0.18,
            "eps_growth_year": -57.14,
            "eps_4q": 0.53,
            "eps_4q_growth_year": null,
            "roe": 1.62,
            "roe_4q": 4.779999999999999,
            "gross_profit": 36755,
            "gross_margin": 22.92,
            "gross_margin_4q_avg": 21.95,
            "net_income": 30653,
            "revenue": 160379,
            "common_shares": 1634000,
            "book_valuer_per_share": 11.61,
            "book_valuer_per_share_4q_avg": 11.22,
            "equity": 1911663,
            "current_ratio": 575.35,
            "debt_ratio": 27.6,
            "inventory_turnover_ratio": 0.12,
            "account_receivable_turnover_ratio": 3.95,
            "reinvestment_rate": -168.55,
            "research_to_sale_ratio": 5.61,
            "price_fair": 51.28,
            "eps_avg_yearly": 1.47,
            "eps_latest_yearly": 0.72,
            "eps_growth_yearly": 1940.47
        },
        "20132": {
            "year_quarter": 20132,
            "year": 2013,
            "quarter": 2,
            "eps": 0.16,
            "eps_growth_year": null,
            "eps_4q": 0.83,
            "eps_4q_growth_year": null,
            "roe": 1.36,
            "roe_4q": 7.87,
            "gross_profit": 40693,
            "gross_margin": 21.15,
            "gross_margin_4q_avg": 22.75,
            "net_income": 26177,
            "revenue": 192402,
            "common_shares": 1641625,
            "book_valuer_per_share": 11.7,
            "book_valuer_per_share_4q_avg": 11.44,
            "equity": 1935890,
            "current_ratio": 461.66,
            "debt_ratio": 39.63,
            "inventory_turnover_ratio": 0.12,
            "account_receivable_turnover_ratio": 2.9,
            "reinvestment_rate": -179.2,
            "research_to_sale_ratio": 5.1,
            "price_fair": 43.23,
            "eps_avg_yearly": 1.24,
            "eps_latest_yearly": 0.64,
            "eps_growth_yearly": 1921.65
        },
        "20133": {
            "year_quarter": 20133,
            "year": 2013,
            "quarter": 3,
            "eps": 0.14,
            "eps_growth_year": -48.17,
            "eps_4q": 0.71,
            "eps_4q_growth_year": 40.68,
            "roe": 1.25,
            "roe_4q": 6.61,
            "gross_profit": 49852,
            "gross_margin": 24.05,
            "gross_margin_4q_avg": 23.09,
            "net_income": 24433,
            "revenue": 207292,
            "common_shares": 1649750,
            "book_valuer_per_share": 11.79,
            "book_valuer_per_share_4q_avg": 11.61,
            "equity": 1961378,
            "current_ratio": 437.92,
            "debt_ratio": 39.9,
            "inventory_turnover_ratio": 0.11,
            "account_receivable_turnover_ratio": 2.39,
            "reinvestment_rate": -209.82,
            "research_to_sale_ratio": 4.53,
            "price_fair": 31.85,
            "eps_avg_yearly": 0.91,
            "eps_latest_yearly": 0.56,
            "eps_growth_yearly": 1901.69
        },
        "20134": {
            "year_quarter": 20134,
            "year": 2013,
            "quarter": 4,
            "eps": 0.18,
            "eps_growth_year": -32.55,
            "eps_4q": 0.64,
            "eps_4q_growth_year": -16.03,
            "roe": 1.58,
            "roe_4q": 5.8100000000000005,
            "gross_profit": 57925,
            "gross_margin": 24.72,
            "gross_margin_4q_avg": 23.21,
            "net_income": 31136,
            "revenue": 234321,
            "common_shares": 1724915,
            "book_valuer_per_share": 11.44,
            "book_valuer_per_share_4q_avg": 11.64,
            "equity": 1988606,
            "current_ratio": 553.9,
            "debt_ratio": 51.85,
            "inventory_turnover_ratio": 0.09,
            "account_receivable_turnover_ratio": 2.77,
            "reinvestment_rate": -379.17,
            "research_to_sale_ratio": 4.61,
            "price_fair": 32.73,
            "eps_avg_yearly": 0.94,
            "eps_latest_yearly": 0.72,
            "eps_growth_yearly": 1957.75
        },
        "20141": {
            "year_quarter": 20141,
            "year": 2014,
            "quarter": 1,
            "eps": 0.15,
            "eps_growth_year": -16.67,
            "eps_4q": 0.61,
            "eps_4q_growth_year": 15.6,
            "roe": 1.31,
            "roe_4q": 5.500000000000001,
            "gross_profit": 47129,
            "gross_margin": 22.64,
            "gross_margin_4q_avg": 23.14,
            "net_income": 26415,
            "revenue": 208177,
            "common_shares": 1746733,
            "book_valuer_per_share": 11.57,
            "book_valuer_per_share_4q_avg": 11.63,
            "equity": 2037868,
            "current_ratio": 440.92,
            "debt_ratio": 53.53,
            "inventory_turnover_ratio": 0.06,
            "account_receivable_turnover_ratio": 2.47,
            "reinvestment_rate": -163.46,
            "research_to_sale_ratio": 5.06,
            "price_fair": 34.83,
            "eps_avg_yearly": 1,
            "eps_latest_yearly": 0.6,
            "eps_growth_yearly": 1987.88
        },
        "20142": {
            "year_quarter": 20142,
            "year": 2014,
            "quarter": 2,
            "eps": 0.02,
            "eps_growth_year": -87.5,
            "eps_4q": 0.46,
            "eps_4q_growth_year": -44.81,
            "roe": 0.22,
            "roe_4q": 4.36,
            "gross_profit": 49954,
            "gross_margin": 25.01,
            "gross_margin_4q_avg": 24.11,
            "net_income": 4453,
            "revenue": 199744,
            "common_shares": 1749331,
            "book_valuer_per_share": 11.51,
            "book_valuer_per_share_4q_avg": 11.58,
            "equity": 2030572,
            "current_ratio": 463.4,
            "debt_ratio": 53.01,
            "inventory_turnover_ratio": 0.06,
            "account_receivable_turnover_ratio": 2.66,
            "reinvestment_rate": -141.1,
            "research_to_sale_ratio": 5.75,
            "price_fair": 31.27,
            "eps_avg_yearly": 0.89,
            "eps_latest_yearly": 0.08,
            "eps_growth_yearly": 1728.48
        },
        "20143": {
            "year_quarter": 20143,
            "year": 2014,
            "quarter": 3,
            "eps": 0.39,
            "eps_growth_year": 178.57,
            "eps_4q": 0.72,
            "eps_4q_growth_year": 0.74,
            "roe": 3.49,
            "roe_4q": 6.6000000000000005,
            "gross_profit": 88839,
            "gross_margin": 26.99,
            "gross_margin_4q_avg": 24.84,
            "net_income": 72329,
            "revenue": 329109,
            "common_shares": 1830686,
            "book_valuer_per_share": 11.42,
            "book_valuer_per_share_4q_avg": 11.49,
            "equity": 2110061,
            "current_ratio": 458.11,
            "debt_ratio": 52.65,
            "inventory_turnover_ratio": 0.09,
            "account_receivable_turnover_ratio": 2.96,
            "reinvestment_rate": -49.39,
            "research_to_sale_ratio": 3.16,
            "price_fair": 33.6,
            "eps_avg_yearly": 0.96,
            "eps_latest_yearly": 1.56,
            "eps_growth_yearly": 2295.63
        },
        "20144": {
            "year_quarter": 20144,
            "year": 2014,
            "quarter": 4,
            "eps": 0.17,
            "eps_growth_year": -3.79,
            "eps_4q": 0.72,
            "eps_4q_growth_year": 12.58,
            "roe": 1.52,
            "roe_4q": 6.539999999999999,
            "gross_profit": 48527,
            "gross_margin": 21.33,
            "gross_margin_4q_avg": 23.99,
            "net_income": 32470,
            "revenue": 227481,
            "common_shares": 1834078,
            "book_valuer_per_share": 11.61,
            "book_valuer_per_share_4q_avg": 11.53,
            "equity": 2149109,
            "current_ratio": 201.98,
            "debt_ratio": 53.31,
            "inventory_turnover_ratio": 0.07,
            "account_receivable_turnover_ratio": 1.85,
            "reinvestment_rate": -325.09,
            "research_to_sale_ratio": 7.42,
            "price_fair": 28.98,
            "eps_avg_yearly": 0.83,
            "eps_latest_yearly": 0.68,
            "eps_growth_yearly": 2304.3
        },
        "20151": {
            "year_quarter": 20151,
            "year": 2015,
            "quarter": 1,
            "eps": 0.23,
            "eps_growth_year": 53.33,
            "eps_4q": 0.81,
            "eps_4q_growth_year": 33.35,
            "roe": 1.99,
            "roe_4q": 7.22,
            "gross_profit": 94997,
            "gross_margin": 25.35,
            "gross_margin_4q_avg": 24.67,
            "net_income": 43250,
            "revenue": 374695,
            "common_shares": 1836249,
            "book_valuer_per_share": 11.8,
            "book_valuer_per_share_4q_avg": 11.59,
            "equity": 2187262,
            "current_ratio": 195.42,
            "debt_ratio": 53.14,
            "inventory_turnover_ratio": 0.11,
            "account_receivable_turnover_ratio": 4.3,
            "reinvestment_rate": -264.59,
            "research_to_sale_ratio": 3.73,
            "price_fair": 29.27,
            "eps_avg_yearly": 0.84,
            "eps_latest_yearly": 0.92,
            "eps_growth_yearly": 2107.65
        },
        "20152": {
            "year_quarter": 20152,
            "year": 2015,
            "quarter": 2,
            "eps": 0.09,
            "eps_growth_year": 350,
            "eps_4q": 0.83,
            "eps_4q_growth_year": 79.21,
            "roe": 0.8,
            "roe_4q": 7.800000000000001,
            "gross_profit": 65287,
            "gross_margin": 27.61,
            "gross_margin_4q_avg": 25.32,
            "net_income": 17783,
            "revenue": 236425,
            "common_shares": 1836249,
            "book_valuer_per_share": 12.13,
            "book_valuer_per_share_4q_avg": 11.74,
            "equity": 2249477,
            "current_ratio": 193.53,
            "debt_ratio": 52.97,
            "inventory_turnover_ratio": 0.07,
            "account_receivable_turnover_ratio": 2.12,
            "reinvestment_rate": -303.98,
            "research_to_sale_ratio": 6.6,
            "price_fair": 27.88,
            "eps_avg_yearly": 0.8,
            "eps_latest_yearly": 0.36,
            "eps_growth_yearly": 1911.72
        },
        "20153": {
            "year_quarter": 20153,
            "year": 2015,
            "quarter": 3,
            "eps": -0.12,
            "eps_growth_year": -130.77,
            "eps_4q": 0.34,
            "eps_4q_growth_year": -52.27,
            "roe": -0.97,
            "roe_4q": 3.34,
            "gross_profit": 71133,
            "gross_margin": 23.77,
            "gross_margin_4q_avg": 24.52,
            "net_income": -21663,
            "revenue": 299280,
            "common_shares": 1962155,
            "book_valuer_per_share": 11.25,
            "book_valuer_per_share_4q_avg": 11.7,
            "equity": 2231640,
            "current_ratio": 189.04,
            "debt_ratio": 53.61,
            "inventory_turnover_ratio": 0.09,
            "account_receivable_turnover_ratio": 1.67,
            "reinvestment_rate": -184.29,
            "research_to_sale_ratio": 6.65,
            "price_fair": 27.88,
            "eps_avg_yearly": 0.8,
            "eps_latest_yearly": 0.36,
            "eps_growth_yearly": 1911.72
        },
        "20154": {
            "year_quarter": 20154,
            "year": 2015,
            "quarter": 4,
            "eps": 0.06,
            "eps_growth_year": -64,
            "eps_4q": 0.24,
            "eps_4q_growth_year": -66.47,
            "roe": 0.54,
            "roe_4q": 2.3600000000000003,
            "gross_profit": 94333,
            "gross_margin": 29.2,
            "gross_margin_4q_avg": 26.48,
            "net_income": 12094,
            "revenue": 323040,
            "common_shares": 1990455,
            "book_valuer_per_share": 11.18,
            "book_valuer_per_share_4q_avg": 11.59,
            "equity": 2257037,
            "current_ratio": 159.91,
            "debt_ratio": 55.91,
            "inventory_turnover_ratio": 0.09,
            "account_receivable_turnover_ratio": 1.36,
            "reinvestment_rate": -174.71,
            "research_to_sale_ratio": 10.91,
            "price_fair": 27.88,
            "eps_avg_yearly": 0.8,
            "eps_latest_yearly": 0.36,
            "eps_growth_yearly": 1911.72
        },
        "20161": {
            "year_quarter": 20161,
            "year": 2016,
            "quarter": 1,
            "eps": -0.36,
            "eps_growth_year": -256.52,
            "eps_4q": -0.34,
            "eps_4q_growth_year": -141.52,
            "roe": -3.24,
            "roe_4q": -2.87,
            "gross_profit": 83050,
            "gross_margin": 20.62,
            "gross_margin_4q_avg": 25.3,
            "net_income": -72051,
            "revenue": 402791,
            "common_shares": 1990455,
            "book_valuer_per_share": 10.85,
            "book_valuer_per_share_4q_avg": 11.35,
            "equity": 2192517,
            "current_ratio": 148.49,
            "debt_ratio": 59.32,
            "inventory_turnover_ratio": 0.11,
            "account_receivable_turnover_ratio": 1.51,
            "reinvestment_rate": -283.31,
            "research_to_sale_ratio": 4.49,
            "price_fair": 25.07,
            "eps_avg_yearly": 0.72,
            "eps_latest_yearly": 0.36,
            "eps_growth_yearly": 594.61
        },
        "20162": {
            "year_quarter": 20162,
            "year": 2016,
            "quarter": 2,
            "eps": 0.12,
            "eps_growth_year": 33.33,
            "eps_4q": -0.3,
            "eps_4q_growth_year": -136.19,
            "roe": 1.12,
            "roe_4q": -2.55,
            "gross_profit": 93223,
            "gross_margin": 19.86,
            "gross_margin_4q_avg": 23.36,
            "net_income": 24681,
            "revenue": 469415,
            "common_shares": 1990455,
            "book_valuer_per_share": 10.93,
            "book_valuer_per_share_4q_avg": 11.05,
            "equity": 2207782,
            "current_ratio": 152.14,
            "debt_ratio": 57.48,
            "inventory_turnover_ratio": 0.13,
            "account_receivable_turnover_ratio": 1.68,
            "reinvestment_rate": -234.76,
            "research_to_sale_ratio": 5.37,
            "price_fair": 25.07,
            "eps_avg_yearly": 0.72,
            "eps_latest_yearly": 0.36,
            "eps_growth_yearly": 594.61
        },
        "20163": {
            "year_quarter": 20163,
            "year": 2016,
            "quarter": 3,
            "eps": 0.19,
            "eps_growth_year": null,
            "eps_4q": 0.01,
            "eps_4q_growth_year": -97.25,
            "roe": 1.69,
            "roe_4q": 0.10999999999999988,
            "gross_profit": 75429,
            "gross_margin": 16.33,
            "gross_margin_4q_avg": 21.5,
            "net_income": 37599,
            "revenue": 461914,
            "common_shares": 1996426,
            "book_valuer_per_share": 11.02,
            "book_valuer_per_share_4q_avg": 11,
            "equity": 2232973,
            "current_ratio": 153.48,
            "debt_ratio": 57.62,
            "inventory_turnover_ratio": 0.13,
            "account_receivable_turnover_ratio": 2.14,
            "reinvestment_rate": -258.51,
            "research_to_sale_ratio": 5.59,
            "price_fair": 25.2,
            "eps_avg_yearly": 0.72,
            "eps_latest_yearly": 0.76,
            "eps_growth_yearly": 564.5
        },
        "20164": {
            "year_quarter": 20164,
            "year": 2016,
            "quarter": 4,
            "eps": 0.19,
            "eps_growth_year": 200.1,
            "eps_4q": 0.13,
            "eps_4q_growth_year": -44.9,
            "roe": 1.6,
            "roe_4q": 1.17,
            "gross_profit": 86060,
            "gross_margin": 14.66,
            "gross_margin_4q_avg": 17.87,
            "net_income": 36177,
            "revenue": 586839,
            "common_shares": 1996426,
            "book_valuer_per_share": 11.21,
            "book_valuer_per_share_4q_avg": 11,
            "equity": 2274979,
            "current_ratio": 151.46,
            "debt_ratio": 59.18,
            "inventory_turnover_ratio": 0.16,
            "account_receivable_turnover_ratio": 4.11,
            "reinvestment_rate": -98.86,
            "research_to_sale_ratio": 5.1,
            "price_fair": 24.38,
            "eps_avg_yearly": 0.7,
            "eps_latest_yearly": 0.76,
            "eps_growth_yearly": 565.74
        },
        "20171": {
            "year_quarter": 20171,
            "year": 2017,
            "quarter": 1,
            "eps": -0.08,
            "eps_growth_year": null,
            "eps_4q": 0.34,
            "eps_4q_growth_year": null,
            "roe": -0.84,
            "roe_4q": 3.5700000000000003,
            "gross_profit": 53191,
            "gross_margin": 19.07,
            "gross_margin_4q_avg": 17.48,
            "net_income": -20105,
            "revenue": 278898,
            "common_shares": 1996426,
            "book_valuer_per_share": 12.47,
            "book_valuer_per_share_4q_avg": 11.41,
            "equity": 2524874,
            "current_ratio": 168.41,
            "debt_ratio": 54.47,
            "inventory_turnover_ratio": 0.07,
            "account_receivable_turnover_ratio": 2.47,
            "reinvestment_rate": -34.18,
            "research_to_sale_ratio": 8.97,
            "price_fair": 24.31,
            "eps_avg_yearly": 0.69,
            "eps_latest_yearly": 0.76,
            "eps_growth_yearly": 628.35
        },
        "20172": {
            "year_quarter": 20172,
            "year": 2017,
            "quarter": 2,
            "eps": 0.02,
            "eps_growth_year": -83.33,
            "eps_4q": 0.26,
            "eps_4q_growth_year": null,
            "roe": 0.22,
            "roe_4q": 2.67,
            "gross_profit": 64488,
            "gross_margin": 16.71,
            "gross_margin_4q_avg": 16.69,
            "net_income": 5602,
            "revenue": 386038,
            "common_shares": 2392809,
            "book_valuer_per_share": 10.44,
            "book_valuer_per_share_4q_avg": 11.29,
            "equity": 2534666,
            "current_ratio": 163.07,
            "debt_ratio": 56.28,
            "inventory_turnover_ratio": 0.09,
            "account_receivable_turnover_ratio": 5.28,
            "reinvestment_rate": -35.46,
            "research_to_sale_ratio": 7.43,
            "price_fair": 24.5,
            "eps_avg_yearly": 0.7,
            "eps_latest_yearly": 0.76,
            "eps_growth_yearly": 695.63
        },
        "20173": {
            "year_quarter": 20173,
            "year": 2017,
            "quarter": 3,
            "eps": -0.18,
            "eps_growth_year": -194.74,
            "eps_4q": -0.07,
            "eps_4q_growth_year": -871.99,
            "roe": -1.63,
            "roe_4q": -0.6499999999999999,
            "gross_profit": 81657,
            "gross_margin": 14.42,
            "gross_margin_4q_avg": 16.22,
            "net_income": -41036,
            "revenue": 566435,
            "common_shares": 2392809,
            "book_valuer_per_share": 10.28,
            "book_valuer_per_share_4q_avg": 11.1,
            "equity": 2496850,
            "current_ratio": 154.9,
            "debt_ratio": 62.54,
            "inventory_turnover_ratio": 0.13,
            "account_receivable_turnover_ratio": 5.54,
            "reinvestment_rate": -45.15,
            "research_to_sale_ratio": 4.49,
            "price_fair": 25.04,
            "eps_avg_yearly": 0.72,
            "eps_latest_yearly": 0.76,
            "eps_growth_yearly": 778.48
        },
        "20174": {
            "year_quarter": 20174,
            "year": 2017,
            "quarter": 4,
            "eps": -0.21,
            "eps_growth_year": -211.11,
            "eps_4q": -0.43,
            "eps_4q_growth_year": -425.02,
            "roe": -1.85,
            "roe_4q": -4.1,
            "gross_profit": 100409,
            "gross_margin": 14.55,
            "gross_margin_4q_avg": 16.19,
            "net_income": -46201,
            "revenue": 690154,
            "common_shares": 2399028,
            "book_valuer_per_share": 10.16,
            "book_valuer_per_share_4q_avg": 10.84,
            "equity": 2484622,
            "current_ratio": 142.4,
            "debt_ratio": 65.27,
            "inventory_turnover_ratio": 0.15,
            "account_receivable_turnover_ratio": 5.51,
            "reinvestment_rate": 38.62,
            "research_to_sale_ratio": 4.11,
            "price_fair": 25.03,
            "eps_avg_yearly": 0.72,
            "eps_latest_yearly": 0.76,
            "eps_growth_yearly": 861.51
        },
        "20181": {
            "year_quarter": 20181,
            "year": 2018,
            "quarter": 1,
            "eps": -0.15,
            "eps_growth_year": null,
            "eps_4q": -0.5,
            "eps_4q_growth_year": -249.51,
            "roe": -1.42,
            "roe_4q": -4.680000000000001,
            "gross_profit": 70362,
            "gross_margin": 13.48,
            "gross_margin_4q_avg": 14.79,
            "net_income": -36153,
            "revenue": 521977,
            "common_shares": 2399028,
            "book_valuer_per_share": 10.58,
            "book_valuer_per_share_4q_avg": 10.37,
            "equity": 2593339,
            "current_ratio": 147.35,
            "debt_ratio": 64.28,
            "inventory_turnover_ratio": 0.11,
            "account_receivable_turnover_ratio": 4.79,
            "reinvestment_rate": 258.32,
            "research_to_sale_ratio": 4.11,
            "price_fair": 25.6,
            "eps_avg_yearly": 0.73,
            "eps_latest_yearly": 0.76,
            "eps_growth_yearly": 994.1
        },
        "20182": {
            "year_quarter": 20182,
            "year": 2018,
            "quarter": 2,
            "eps": 0.14,
            "eps_growth_year": 600,
            "eps_4q": -0.38,
            "eps_4q_growth_year": -248.6,
            "roe": 1.4,
            "roe_4q": -3.5,
            "gross_profit": 85361,
            "gross_margin": 14.29,
            "gross_margin_4q_avg": 14.19,
            "net_income": 36552,
            "revenue": 597336,
            "common_shares": 2399028,
            "book_valuer_per_share": 10.74,
            "book_valuer_per_share_4q_avg": 10.44,
            "equity": 2634761,
            "current_ratio": 145.12,
            "debt_ratio": 65.87,
            "inventory_turnover_ratio": 0.13,
            "account_receivable_turnover_ratio": 4.22,
            "reinvestment_rate": 283.18,
            "research_to_sale_ratio": 4.27,
            "price_fair": 29.4,
            "eps_avg_yearly": 0.84,
            "eps_latest_yearly": 0.76,
            "eps_growth_yearly": 1217.57
        },
        "20183": {
            "year_quarter": 20183,
            "year": 2018,
            "quarter": 3,
            "eps": 0.46,
            "eps_growth_year": null,
            "eps_4q": 0.24,
            "eps_4q_growth_year": null,
            "roe": 4.3,
            "roe_4q": 2.4299999999999993,
            "gross_profit": 222548,
            "gross_margin": 20.66,
            "gross_margin_4q_avg": 15.75,
            "net_income": 115574,
            "revenue": 1077078,
            "common_shares": 2397403,
            "book_valuer_per_share": 11.19,
            "book_valuer_per_share_4q_avg": 10.67,
            "equity": 2745894,
            "current_ratio": 138.92,
            "debt_ratio": 69.03,
            "inventory_turnover_ratio": 0.2,
            "account_receivable_turnover_ratio": 5.38,
            "reinvestment_rate": 198.26,
            "research_to_sale_ratio": 3,
            "price_fair": 31.03,
            "eps_avg_yearly": 0.89,
            "eps_latest_yearly": 1.84,
            "eps_growth_yearly": 136.61
        },
        "20184": {
            "year_quarter": 20184,
            "year": 2018,
            "quarter": 4,
            "eps": 2.99,
            "eps_growth_year": null,
            "eps_4q": 3.44,
            "eps_4q_growth_year": null,
            "roe": 22.73,
            "roe_4q": 27.009999999999998,
            "gross_profit": 1126228,
            "gross_margin": 28.65,
            "gross_margin_4q_avg": 19.27,
            "net_income": 758446,
            "revenue": 3931542,
            "common_shares": 2397403,
            "book_valuer_per_share": 14.01,
            "book_valuer_per_share_4q_avg": 11.63,
            "equity": 3928649,
            "current_ratio": 229.4,
            "debt_ratio": 51.78,
            "inventory_turnover_ratio": 0.81,
            "account_receivable_turnover_ratio": 20.86,
            "reinvestment_rate": 63.58,
            "research_to_sale_ratio": 0.71,
            "price_fair": 96.83,
            "eps_avg_yearly": 2.77,
            "eps_latest_yearly": 11.96,
            "eps_growth_yearly": 540.89
        },
        "20191": {
            "year_quarter": 20191,
            "year": 2019,
            "quarter": 1,
            "eps": 0.63,
            "eps_growth_year": null,
            "eps_4q": 4.21,
            "eps_4q_growth_year": null,
            "roe": 7.9,
            "roe_4q": 36.33,
            "gross_profit": 176569,
            "gross_margin": 16.05,
            "gross_margin_4q_avg": 19.91,
            "net_income": 323378,
            "revenue": 1099941,
            "common_shares": 2397403,
            "book_valuer_per_share": 14.64,
            "book_valuer_per_share_4q_avg": 12.65,
            "equity": 4255237,
            "current_ratio": 269.43,
            "debt_ratio": 48.31,
            "inventory_turnover_ratio": 0.36,
            "account_receivable_turnover_ratio": 6.75,
            "reinvestment_rate": 60.99,
            "research_to_sale_ratio": 2.79,
            "price_fair": 106.17,
            "eps_avg_yearly": 3.03,
            "eps_latest_yearly": 2.52,
            "eps_growth_yearly": 464.74
        },
        "20192": {
            "year_quarter": 20192,
            "year": 2019,
            "quarter": 2,
            "eps": 0.07,
            "eps_growth_year": -50,
            "eps_4q": 3.77,
            "eps_4q_growth_year": null,
            "roe": 0.76,
            "roe_4q": 35.69,
            "gross_profit": 149461,
            "gross_margin": 13.01,
            "gross_margin_4q_avg": 19.59,
            "net_income": 31865,
            "revenue": 1148572,
            "common_shares": 2397403,
            "book_valuer_per_share": 14.19,
            "book_valuer_per_share_4q_avg": 13.51,
            "equity": 4164767,
            "current_ratio": 224.26,
            "debt_ratio": 52.17,
            "inventory_turnover_ratio": 0.38,
            "account_receivable_turnover_ratio": 6.01,
            "reinvestment_rate": 61.56,
            "research_to_sale_ratio": 3.34,
            "price_fair": 105.7,
            "eps_avg_yearly": 3.02,
            "eps_latest_yearly": 0.28,
            "eps_growth_yearly": 446.06
        },
        "20193": {
            "year_quarter": 20193,
            "year": 2019,
            "quarter": 3,
            "eps": -0.13,
            "eps_growth_year": -128.26,
            "eps_4q": 3.22,
            "eps_4q_growth_year": 1224.99,
            "roe": -0.93,
            "roe_4q": 30.46,
            "gross_profit": 149244,
            "gross_margin": 13.96,
            "gross_margin_4q_avg": 17.92,
            "net_income": -40850,
            "revenue": 1069334,
            "common_shares": 2636343,
            "book_valuer_per_share": 12.79,
            "book_valuer_per_share_4q_avg": 13.91,
            "equity": 4617386,
            "current_ratio": 195.42,
            "debt_ratio": 55.72,
            "inventory_turnover_ratio": 0.28,
            "account_receivable_turnover_ratio": 4.78,
            "reinvestment_rate": 59.04,
            "research_to_sale_ratio": 4.23,
            "price_fair": 105.7,
            "eps_avg_yearly": 3.02,
            "eps_latest_yearly": 0.28,
            "eps_growth_yearly": 446.06
        },
        "20194": {
            "year_quarter": 20194,
            "year": 2019,
            "quarter": 4,
            "eps": 0.2,
            "eps_growth_year": -93.41,
            "eps_4q": 0.71,
            "eps_4q_growth_year": -79.47,
            "roe": 0.96,
            "roe_4q": 8.69,
            "gross_profit": 295267,
            "gross_margin": 18.24,
            "gross_margin_4q_avg": 15.32,
            "net_income": 44399,
            "revenue": 1619094,
            "common_shares": 2636343,
            "book_valuer_per_share": 12.97,
            "book_valuer_per_share_4q_avg": 13.65,
            "equity": 4648056,
            "current_ratio": 153.66,
            "debt_ratio": 66.25,
            "inventory_turnover_ratio": 0.24,
            "account_receivable_turnover_ratio": 6.98,
            "reinvestment_rate": 66.02,
            "research_to_sale_ratio": 2.69,
            "price_fair": 105.7,
            "eps_avg_yearly": 3.02,
            "eps_latest_yearly": 0.28,
            "eps_growth_yearly": 446.06
        },
        "20201": {
            "year_quarter": 20201,
            "year": 2020,
            "quarter": 1,
            "eps": -0.58,
            "eps_growth_year": -192.06,
            "eps_4q": -0.43,
            "eps_4q_growth_year": -110.32,
            "roe": -3.5,
            "roe_4q": -2.71,
            "gross_profit": 101252,
            "gross_margin": 11.88,
            "gross_margin_4q_avg": 14.27,
            "net_income": -159634,
            "revenue": 852501,
            "common_shares": 2672103,
            "book_valuer_per_share": 12.22,
            "book_valuer_per_share_4q_avg": 13.04,
            "equity": 4484479,
            "current_ratio": 154.17,
            "debt_ratio": 66.99,
            "inventory_turnover_ratio": 0.11,
            "account_receivable_turnover_ratio": 3.71,
            "reinvestment_rate": 70.47,
            "research_to_sale_ratio": 4.76,
            "price_fair": 105.7,
            "eps_avg_yearly": 3.02,
            "eps_latest_yearly": 0.28,
            "eps_growth_yearly": 446.06
        },
        "20202": {
            "year_quarter": 20202,
            "year": 2020,
            "quarter": 2,
            "eps": 0.15,
            "eps_growth_year": 114.29,
            "eps_4q": -0.35,
            "eps_4q_growth_year": -109.36,
            "roe": 0.72,
            "roe_4q": -2.7500000000000004,
            "gross_profit": 125815,
            "gross_margin": 13.06,
            "gross_margin_4q_avg": 14.29,
            "net_income": 32789,
            "revenue": 963079,
            "common_shares": 2672103,
            "book_valuer_per_share": 12.37,
            "book_valuer_per_share_4q_avg": 12.59,
            "equity": 4661394,
            "current_ratio": 151.49,
            "debt_ratio": 68.48,
            "inventory_turnover_ratio": 0.11,
            "account_receivable_turnover_ratio": 4.65,
            "reinvestment_rate": 70.41,
            "research_to_sale_ratio": 3.82,
            "price_fair": 105.7,
            "eps_avg_yearly": 3.02,
            "eps_latest_yearly": 0.28,
            "eps_growth_yearly": 446.06
        },
        "20203": {
            "year_quarter": 20203,
            "year": 2020,
            "quarter": 3,
            "eps": 0.27,
            "eps_growth_year": null,
            "eps_4q": 0.04,
            "eps_4q_growth_year": -98.87,
            "roe": 1.11,
            "roe_4q": -0.71,
            "gross_profit": 281846,
            "gross_margin": 18.76,
            "gross_margin_4q_avg": 15.49,
            "net_income": 50438,
            "revenue": 1502431,
            "common_shares": 2400593,
            "book_valuer_per_share": 12.97,
            "book_valuer_per_share_4q_avg": 12.63,
            "equity": 4459472,
            "current_ratio": 145.14,
            "debt_ratio": 70.04,
            "inventory_turnover_ratio": 0.14,
            "account_receivable_turnover_ratio": 7.05,
            "reinvestment_rate": 74.78,
            "research_to_sale_ratio": 2.54,
            "price_fair": 107.57,
            "eps_avg_yearly": 3.07,
            "eps_latest_yearly": 1.08,
            "eps_growth_yearly": 460.5
        },
        "20204": {
            "year_quarter": 20204,
            "year": 2020,
            "quarter": 4,
            "eps": 0.82,
            "eps_growth_year": 316.61,
            "eps_4q": 0.64,
            "eps_4q_growth_year": -9.2,
            "roe": 4.71,
            "roe_4q": 3.04,
            "gross_profit": 317036,
            "gross_margin": 15.94,
            "gross_margin_4q_avg": 14.91,
            "net_income": 198411,
            "revenue": 1988525,
            "common_shares": 2400593,
            "book_valuer_per_share": 13.89,
            "book_valuer_per_share_4q_avg": 12.86,
            "equity": 3957910,
            "current_ratio": 159.99,
            "debt_ratio": 65.84,
            "inventory_turnover_ratio": 0.21,
            "account_receivable_turnover_ratio": 16.49,
            "reinvestment_rate": 15.83,
            "research_to_sale_ratio": 2.11,
            "price_fair": 122.27,
            "eps_avg_yearly": 3.49,
            "eps_latest_yearly": 3.28,
            "eps_growth_yearly": 596.3
        },
        "20211": {
            "year_quarter": 20211,
            "year": 2021,
            "quarter": 1,
            "eps": 0.15,
            "eps_growth_year": null,
            "eps_4q": 1.42,
            "eps_4q_growth_year": null,
            "roe": 0.89,
            "roe_4q": 7.43,
            "gross_profit": 81252,
            "gross_margin": 37.1,
            "gross_margin_4q_avg": 21.22,
            "net_income": 35350,
            "revenue": 219014,
            "common_shares": 2399694,
            "book_valuer_per_share": 14.05,
            "book_valuer_per_share_4q_avg": 13.32,
            "equity": 3996502,
            "current_ratio": 156.13,
            "debt_ratio": 67.1,
            "inventory_turnover_ratio": 0.02,
            "account_receivable_turnover_ratio": 73.69,
            "reinvestment_rate": 15.9,
            "research_to_sale_ratio": 0,
            "price_fair": 107.8,
            "eps_avg_yearly": 3.08,
            "eps_latest_yearly": 0.6,
            "eps_growth_yearly": 464.43
        },
        "20212": {
            "year_quarter": 20212,
            "year": 2021,
            "quarter": 2,
            "eps": 1.38,
            "eps_growth_year": 820,
            "eps_4q": 2.62,
            "eps_4q_growth_year": null,
            "roe": 7.88,
            "roe_4q": 14.59,
            "gross_profit": 338470,
            "gross_margin": 36.72,
            "gross_margin_4q_avg": 27.13,
            "net_income": 328212,
            "revenue": 921851,
            "common_shares": 2399694,
            "book_valuer_per_share": 15.44,
            "book_valuer_per_share_4q_avg": 14.09,
            "equity": 4329141,
            "current_ratio": 172.75,
            "debt_ratio": 61.88,
            "inventory_turnover_ratio": 0.08,
            "account_receivable_turnover_ratio": 50,
            "reinvestment_rate": 12.72,
            "research_to_sale_ratio": 0,
            "price_fair": 118.48,
            "eps_avg_yearly": 3.39,
            "eps_latest_yearly": 5.52,
            "eps_growth_yearly": 816.37
        },
        "20213": {
            "year_quarter": 20213,
            "year": 2021,
            "quarter": 3,
            "eps": 0.16,
            "eps_growth_year": -40.74,
            "eps_4q": 2.44,
            "eps_4q_growth_year": 6602.61,
            "roe": 0.87,
            "roe_4q": 14.350000000000001,
            "gross_profit": 40404,
            "gross_margin": 34.29,
            "gross_margin_4q_avg": 31.01,
            "net_income": 37730,
            "revenue": 117837,
            "common_shares": 2399694,
            "book_valuer_per_share": 15.53,
            "book_valuer_per_share_4q_avg": 14.73,
            "equity": 4350559,
            "current_ratio": 154.98,
            "debt_ratio": 62.7,
            "inventory_turnover_ratio": 0.01,
            "account_receivable_turnover_ratio": 6.14,
            "reinvestment_rate": 12.19,
            "research_to_sale_ratio": 0,
            "price_fair": 107.8,
            "eps_avg_yearly": 3.08,
            "eps_latest_yearly": 0.64,
            "eps_growth_yearly": 686.37
        },
        "20214": {
            "year_quarter": 20214,
            "year": 2021,
            "quarter": 4,
            "eps": 0.33,
            "eps_growth_year": -59.85,
            "eps_4q": 1.99,
            "eps_4q_growth_year": 210.38,
            "roe": 1.76,
            "roe_4q": 11.4,
            "gross_profit": 97386,
            "gross_margin": 36.12,
            "gross_margin_4q_avg": 36.06,
            "net_income": 76743,
            "revenue": 269608,
            "common_shares": 2446356,
            "book_valuer_per_share": 15.58,
            "book_valuer_per_share_4q_avg": 15.15,
            "equity": 4386425,
            "current_ratio": 152.5,
            "debt_ratio": 63.65,
            "inventory_turnover_ratio": 0.02,
            "account_receivable_turnover_ratio": 37.29,
            "reinvestment_rate": 11.07,
            "research_to_sale_ratio": 0,
            "price_fair": 101.64,
            "eps_avg_yearly": 2.9,
            "eps_latest_yearly": 1.32,
            "eps_growth_yearly": 660.24
        },
        "20221": {
            "year_quarter": 20221,
            "year": 2022,
            "quarter": 1,
            "eps": 0.1,
            "eps_growth_year": -33.33,
            "eps_4q": 1.95,
            "eps_4q_growth_year": 37.28,
            "roe": 0.52,
            "roe_4q": 11.030000000000001,
            "gross_profit": 11717,
            "gross_margin": 37.92,
            "gross_margin_4q_avg": 36.26,
            "net_income": 23053,
            "revenue": 30903,
            "common_shares": 2413476,
            "book_valuer_per_share": 15.68,
            "book_valuer_per_share_4q_avg": 15.56,
            "equity": 4409651,
            "current_ratio": 146.3,
            "debt_ratio": 66.22,
            "inventory_turnover_ratio": 0,
            "account_receivable_turnover_ratio": 4.1,
            "reinvestment_rate": 6.74,
            "research_to_sale_ratio": null,
            "price_fair": 93.67,
            "eps_avg_yearly": 2.68,
            "eps_latest_yearly": 0.4,
            "eps_growth_yearly": 574.87
        },
        "20222": {
            "year_quarter": 20222,
            "year": 2022,
            "quarter": 2,
            "eps": 0.3,
            "eps_growth_year": -78.26,
            "eps_4q": 0.85,
            "eps_4q_growth_year": -67.69,
            "roe": 1.62,
            "roe_4q": 4.7700000000000005,
            "gross_profit": 127622,
            "gross_margin": 28.06,
            "gross_margin_4q_avg": 34.1,
            "net_income": 71755,
            "revenue": 454858,
            "common_shares": 2413476,
            "book_valuer_per_share": 15.8,
            "book_valuer_per_share_4q_avg": 15.65,
            "equity": 4437741,
            "current_ratio": 145.27,
            "debt_ratio": 66.56,
            "inventory_turnover_ratio": 0.04,
            "account_receivable_turnover_ratio": 33.43,
            "reinvestment_rate": -13.47,
            "research_to_sale_ratio": null,
            "price_fair": 89.37,
            "eps_avg_yearly": 2.55,
            "eps_latest_yearly": 1.2,
            "eps_growth_yearly": 593.63
        },
        "20223": {
            "year_quarter": 20223,
            "year": 2022,
            "quarter": 3,
            "eps": -0.12,
            "eps_growth_year": -175,
            "eps_4q": 0.58,
            "eps_4q_growth_year": -76.13,
            "roe": -0.66,
            "roe_4q": 3.24,
            "gross_profit": 5761,
            "gross_margin": 19.34,
            "gross_margin_4q_avg": 30.36,
            "net_income": -29217,
            "revenue": 29783,
            "common_shares": 2533121,
            "book_valuer_per_share": 14.98,
            "book_valuer_per_share_4q_avg": 15.51,
            "equity": 4426390,
            "current_ratio": 146.9,
            "debt_ratio": 69.13,
            "inventory_turnover_ratio": 0,
            "account_receivable_turnover_ratio": 2.1,
            "reinvestment_rate": -15.3,
            "research_to_sale_ratio": null,
            "price_fair": 91.64,
            "eps_avg_yearly": 2.62,
            "eps_latest_yearly": 1.2,
            "eps_growth_yearly": 564.48
        },
        "20224": {
            "year_quarter": 20224,
            "year": 2022,
            "quarter": 4,
            "eps": 0.29,
            "eps_growth_year": -12.77,
            "eps_4q": 0.56,
            "eps_4q_growth_year": -72.04,
            "roe": 1.63,
            "roe_4q": 3.11,
            "gross_profit": 10253,
            "gross_margin": 32.09,
            "gross_margin_4q_avg": 29.35,
            "net_income": 72557,
            "revenue": 31951,
            "common_shares": 2533121,
            "book_valuer_per_share": 15.27,
            "book_valuer_per_share_4q_avg": 15.43,
            "equity": 4498907,
            "current_ratio": 134.58,
            "debt_ratio": 69.87,
            "inventory_turnover_ratio": 0,
            "account_receivable_turnover_ratio": 4.86,
            "reinvestment_rate": -55.04,
            "research_to_sale_ratio": null,
            "price_fair": 58.94,
            "eps_avg_yearly": 1.68,
            "eps_latest_yearly": 1.2,
            "eps_growth_yearly": 400.93
        },
        "20231": {
            "year_quarter": 20231,
            "year": 2023,
            "quarter": 1,
            "eps": -0.28,
            "eps_growth_year": -380,
            "eps_4q": 0.18,
            "eps_4q_growth_year": -90.76,
            "roe": -1.58,
            "roe_4q": 1.0099999999999998,
            "gross_profit": 6148,
            "gross_margin": 22,
            "gross_margin_4q_avg": 25.37,
            "net_income": -71047,
            "revenue": 27945,
            "common_shares": 2532491,
            "book_valuer_per_share": 15.18,
            "book_valuer_per_share_4q_avg": 15.31,
            "equity": 4474216,
            "current_ratio": 125.83,
            "debt_ratio": 72.12,
            "inventory_turnover_ratio": 0,
            "account_receivable_turnover_ratio": 4.27,
            "reinvestment_rate": -77.22,
            "research_to_sale_ratio": null,
            "price_fair": 55.69,
            "eps_avg_yearly": 1.59,
            "eps_latest_yearly": 1.2,
            "eps_growth_yearly": 480.56
        }
    },
    "months": {
        "2001-06": {
            "month": "2001-06",
            "price": "17.65",
            "revenue": 863666
        },
        "2001-07": {
            "month": "2001-07",
            "price": "12.29",
            "revenue": 870874
        },
        "2001-08": {
            "month": "2001-08",
            "price": "12.41",
            "revenue": 916903
        },
        "2001-09": {
            "month": "2001-09",
            "price": "10.24",
            "revenue": 978070
        },
        "2001-10": {
            "month": "2001-10",
            "price": "7.96",
            "revenue": 995289
        },
        "2001-11": {
            "month": "2001-11",
            "price": "11.37",
            "revenue": 1096527
        },
        "2001-12": {
            "month": "2001-12",
            "price": "30.27",
            "revenue": 1089672
        },
        "2002-01": {
            "month": "2002-01",
            "price": "44.70",
            "revenue": 975900
        },
        "2002-02": {
            "month": "2002-02",
            "price": "46.84",
            "revenue": 969371
        },
        "2002-03": {
            "month": "2002-03",
            "price": "44.97",
            "revenue": 1851174
        },
        "2002-04": {
            "month": "2002-04",
            "price": "43.80",
            "revenue": 1183775
        },
        "2002-05": {
            "month": "2002-05",
            "price": "35.58",
            "revenue": 936996
        },
        "2002-06": {
            "month": "2002-06",
            "price": "29.22",
            "revenue": 523087
        },
        "2002-07": {
            "month": "2002-07",
            "price": "22.63",
            "revenue": 762018
        },
        "2002-08": {
            "month": "2002-08",
            "price": "23.23",
            "revenue": 874073
        },
        "2002-09": {
            "month": "2002-09",
            "price": "16.28",
            "revenue": 815338
        },
        "2002-10": {
            "month": "2002-10",
            "price": "14.84",
            "revenue": 981549
        },
        "2002-11": {
            "month": "2002-11",
            "price": "16.42",
            "revenue": 1053191
        },
        "2002-12": {
            "month": "2002-12",
            "price": "15.04",
            "revenue": 989872
        },
        "2003-01": {
            "month": "2003-01",
            "price": "15.68",
            "revenue": 948457
        },
        "2003-02": {
            "month": "2003-02",
            "price": "15.70",
            "revenue": 512241
        },
        "2003-03": {
            "month": "2003-03",
            "price": "14.98",
            "revenue": 1045381
        },
        "2003-04": {
            "month": "2003-04",
            "price": "13.37",
            "revenue": 615390
        },
        "2003-05": {
            "month": "2003-05",
            "price": "10.50",
            "revenue": 649600
        },
        "2003-06": {
            "month": "2003-06",
            "price": "14.42",
            "revenue": 1246155
        },
        "2003-07": {
            "month": "2003-07",
            "price": "17.79",
            "revenue": 926513
        },
        "2003-08": {
            "month": "2003-08",
            "price": "15.03",
            "revenue": 1104897
        },
        "2003-09": {
            "month": "2003-09",
            "price": "12.91",
            "revenue": 1183788
        },
        "2003-10": {
            "month": "2003-10",
            "price": "13.00",
            "revenue": 930380
        },
        "2003-11": {
            "month": "2003-11",
            "price": "12.74",
            "revenue": 1251081
        },
        "2003-12": {
            "month": "2003-12",
            "price": "13.12",
            "revenue": 1148413
        },
        "2004-01": {
            "month": "2004-01",
            "price": "12.98",
            "revenue": 755439
        },
        "2004-02": {
            "month": "2004-02",
            "price": "14.37",
            "revenue": 830975
        },
        "2004-03": {
            "month": "2004-03",
            "price": "13.55",
            "revenue": 1032768
        },
        "2004-04": {
            "month": "2004-04",
            "price": "13.11",
            "revenue": 957768
        },
        "2004-05": {
            "month": "2004-05",
            "price": "11.78",
            "revenue": 890383
        },
        "2004-06": {
            "month": "2004-06",
            "price": "10.29",
            "revenue": 977229
        },
        "2004-07": {
            "month": "2004-07",
            "price": "8.69",
            "revenue": 407854
        },
        "2004-08": {
            "month": "2004-08",
            "price": "7.42",
            "revenue": 294864
        },
        "2004-09": {
            "month": "2004-09",
            "price": "6.83",
            "revenue": 592329
        },
        "2004-10": {
            "month": "2004-10",
            "price": "7.08",
            "revenue": 834812
        },
        "2004-11": {
            "month": "2004-11",
            "price": "7.75",
            "revenue": 782936
        },
        "2004-12": {
            "month": "2004-12",
            "price": "7.91",
            "revenue": 677181
        },
        "2005-01": {
            "month": "2005-01",
            "price": "8.45",
            "revenue": 863188
        },
        "2005-02": {
            "month": "2005-02",
            "price": "8.59",
            "revenue": 464400
        },
        "2005-03": {
            "month": "2005-03",
            "price": "8.71",
            "revenue": 659927
        },
        "2005-04": {
            "month": "2005-04",
            "price": "8.24",
            "revenue": 1027705
        },
        "2005-05": {
            "month": "2005-05",
            "price": "7.12",
            "revenue": 1178753
        },
        "2005-06": {
            "month": "2005-06",
            "price": "7.84",
            "revenue": 932749
        },
        "2005-07": {
            "month": "2005-07",
            "price": "9.02",
            "revenue": 1132746
        },
        "2005-08": {
            "month": "2005-08",
            "price": "9.00",
            "revenue": 1547061
        },
        "2005-09": {
            "month": "2005-09",
            "price": "9.70",
            "revenue": 1419465
        },
        "2005-10": {
            "month": "2005-10",
            "price": "10.20",
            "revenue": 1494457
        },
        "2005-11": {
            "month": "2005-11",
            "price": "10.26",
            "revenue": 1635963
        },
        "2005-12": {
            "month": "2005-12",
            "price": "9.61",
            "revenue": 1789291
        },
        "2006-01": {
            "month": "2006-01",
            "price": "9.70",
            "revenue": 1739978
        },
        "2006-02": {
            "month": "2006-02",
            "price": "10.19",
            "revenue": 810914
        },
        "2006-03": {
            "month": "2006-03",
            "price": "9.68",
            "revenue": 1575894
        },
        "2006-04": {
            "month": "2006-04",
            "price": "10.18",
            "revenue": 1593630
        },
        "2006-05": {
            "month": "2006-05",
            "price": "9.92",
            "revenue": 1377085
        },
        "2006-06": {
            "month": "2006-06",
            "price": "8.59",
            "revenue": 1072679
        },
        "2006-07": {
            "month": "2006-07",
            "price": "7.73",
            "revenue": 1083726
        },
        "2006-08": {
            "month": "2006-08",
            "price": "7.25",
            "revenue": 1282534
        },
        "2006-09": {
            "month": "2006-09",
            "price": "6.62",
            "revenue": 2082286
        },
        "2006-10": {
            "month": "2006-10",
            "price": "7.40",
            "revenue": 2553941
        },
        "2006-11": {
            "month": "2006-11",
            "price": "8.18",
            "revenue": 2533703
        },
        "2006-12": {
            "month": "2006-12",
            "price": "9.08",
            "revenue": 2312576
        },
        "2007-01": {
            "month": "2007-01",
            "price": "8.91",
            "revenue": 2449751
        },
        "2007-02": {
            "month": "2007-02",
            "price": "8.28",
            "revenue": 1604742
        },
        "2007-03": {
            "month": "2007-03",
            "price": "8.87",
            "revenue": 1791218
        },
        "2007-04": {
            "month": "2007-04",
            "price": "11.44",
            "revenue": 1429007
        },
        "2007-05": {
            "month": "2007-05",
            "price": "13.05",
            "revenue": 1885133
        },
        "2007-06": {
            "month": "2007-06",
            "price": "13.72",
            "revenue": 1868534
        },
        "2007-07": {
            "month": "2007-07",
            "price": "16.89",
            "revenue": 2019294
        },
        "2007-08": {
            "month": "2007-08",
            "price": "18.65",
            "revenue": 1911822
        },
        "2007-09": {
            "month": "2007-09",
            "price": "18.75",
            "revenue": 2568017
        },
        "2007-10": {
            "month": "2007-10",
            "price": "18.24",
            "revenue": 2139507
        },
        "2007-11": {
            "month": "2007-11",
            "price": "14.01",
            "revenue": 1594157
        },
        "2007-12": {
            "month": "2007-12",
            "price": "11.00",
            "revenue": 1387318
        },
        "2008-01": {
            "month": "2008-01",
            "price": "9.36",
            "revenue": 1051484
        },
        "2008-02": {
            "month": "2008-02",
            "price": "8.93",
            "revenue": 747052
        },
        "2008-03": {
            "month": "2008-03",
            "price": "9.67",
            "revenue": 1080066
        },
        "2008-04": {
            "month": "2008-04",
            "price": "9.80",
            "revenue": 1300738
        },
        "2008-05": {
            "month": "2008-05",
            "price": "9.25",
            "revenue": 1273069
        },
        "2008-06": {
            "month": "2008-06",
            "price": "7.90",
            "revenue": 1168684
        },
        "2008-07": {
            "month": "2008-07",
            "price": "6.17",
            "revenue": 845359
        },
        "2008-08": {
            "month": "2008-08",
            "price": "5.39",
            "revenue": 769921
        },
        "2008-09": {
            "month": "2008-09",
            "price": "4.74",
            "revenue": 1165549
        },
        "2008-10": {
            "month": "2008-10",
            "price": "4.11",
            "revenue": 1185508
        },
        "2008-11": {
            "month": "2008-11",
            "price": "4.04",
            "revenue": 582836
        },
        "2008-12": {
            "month": "2008-12",
            "price": "3.33",
            "revenue": 468151
        },
        "2009-01": {
            "month": "2009-01",
            "price": "3.28",
            "revenue": 484802
        },
        "2009-02": {
            "month": "2009-02",
            "price": "3.25",
            "revenue": 521369
        },
        "2009-03": {
            "month": "2009-03",
            "price": "6.83",
            "revenue": 798076
        },
        "2009-04": {
            "month": "2009-04",
            "price": "7.18",
            "revenue": 871649
        },
        "2009-05": {
            "month": "2009-05",
            "price": "9.64",
            "revenue": 705724
        },
        "2009-06": {
            "month": "2009-06",
            "price": "10.53",
            "revenue": 937944
        },
        "2009-07": {
            "month": "2009-07",
            "price": "12.55",
            "revenue": 874069
        },
        "2009-08": {
            "month": "2009-08",
            "price": "13.42",
            "revenue": 820043
        },
        "2009-09": {
            "month": "2009-09",
            "price": "16.00",
            "revenue": 1078656
        },
        "2009-10": {
            "month": "2009-10",
            "price": "17.31",
            "revenue": 712574
        },
        "2009-11": {
            "month": "2009-11",
            "price": "19.87",
            "revenue": 716597
        },
        "2009-12": {
            "month": "2009-12",
            "price": "20.21",
            "revenue": 614078
        },
        "2010-01": {
            "month": "2010-01",
            "price": "20.37",
            "revenue": 660238
        },
        "2010-02": {
            "month": "2010-02",
            "price": "17.23",
            "revenue": 575348
        },
        "2010-03": {
            "month": "2010-03",
            "price": "18.12",
            "revenue": 469048
        },
        "2010-04": {
            "month": "2010-04",
            "price": "17.37",
            "revenue": 662827
        },
        "2010-05": {
            "month": "2010-05",
            "price": "12.94",
            "revenue": 759443
        },
        "2010-06": {
            "month": "2010-06",
            "price": "11.70",
            "revenue": 595190
        },
        "2010-07": {
            "month": "2010-07",
            "price": "13.78",
            "revenue": 456319
        },
        "2010-08": {
            "month": "2010-08",
            "price": "10.54",
            "revenue": 492857
        },
        "2010-09": {
            "month": "2010-09",
            "price": "10.21",
            "revenue": 355397
        },
        "2010-10": {
            "month": "2010-10",
            "price": "10.20",
            "revenue": 67702
        },
        "2010-11": {
            "month": "2010-11",
            "price": "9.74",
            "revenue": 63989
        },
        "2010-12": {
            "month": "2010-12",
            "price": "9.96",
            "revenue": 423651
        },
        "2011-01": {
            "month": "2011-01",
            "price": "10.66",
            "revenue": 24552
        },
        "2011-02": {
            "month": "2011-02",
            "price": "11.56",
            "revenue": 43876
        },
        "2011-03": {
            "month": "2011-03",
            "price": "11.21",
            "revenue": 47069
        },
        "2011-04": {
            "month": "2011-04",
            "price": "12.79",
            "revenue": 29094
        },
        "2011-05": {
            "month": "2011-05",
            "price": "12.22",
            "revenue": 59799
        },
        "2011-06": {
            "month": "2011-06",
            "price": "9.67",
            "revenue": 35372
        },
        "2011-07": {
            "month": "2011-07",
            "price": "8.50",
            "revenue": 54391
        },
        "2011-08": {
            "month": "2011-08",
            "price": "7.43",
            "revenue": 78132
        },
        "2011-09": {
            "month": "2011-09",
            "price": "6.84",
            "revenue": 59769
        },
        "2011-10": {
            "month": "2011-10",
            "price": "6.82",
            "revenue": 82302
        },
        "2011-11": {
            "month": "2011-11",
            "price": "6.41",
            "revenue": 61166
        },
        "2011-12": {
            "month": "2011-12",
            "price": "6.56",
            "revenue": 55227
        },
        "2012-01": {
            "month": "2012-01",
            "price": "6.53",
            "revenue": 48201
        },
        "2012-02": {
            "month": "2012-02",
            "price": "7.34",
            "revenue": 57096
        },
        "2012-03": {
            "month": "2012-03",
            "price": "7.83",
            "revenue": 65845
        },
        "2012-04": {
            "month": "2012-04",
            "price": "7.50",
            "revenue": 63507
        },
        "2012-05": {
            "month": "2012-05",
            "price": "7.23",
            "revenue": 68748
        },
        "2012-06": {
            "month": "2012-06",
            "price": "6.42",
            "revenue": 57453
        },
        "2012-07": {
            "month": "2012-07",
            "price": "6.42",
            "revenue": 57519
        },
        "2012-08": {
            "month": "2012-08",
            "price": "6.37",
            "revenue": 66636
        },
        "2012-09": {
            "month": "2012-09",
            "price": "6.61",
            "revenue": 98738
        },
        "2012-10": {
            "month": "2012-10",
            "price": "6.91",
            "revenue": 123279
        },
        "2012-11": {
            "month": "2012-11",
            "price": "6.74",
            "revenue": 89082
        },
        "2012-12": {
            "month": "2012-12",
            "price": "7.06",
            "revenue": 80029
        },
        "2013-01": {
            "month": "2013-01",
            "price": "7.46",
            "revenue": 52838
        },
        "2013-02": {
            "month": "2013-02",
            "price": "7.78",
            "revenue": 56508
        },
        "2013-03": {
            "month": "2013-03",
            "price": "7.86",
            "revenue": 51304
        },
        "2013-04": {
            "month": "2013-04",
            "price": "8.29",
            "revenue": 59650
        },
        "2013-05": {
            "month": "2013-05",
            "price": "9.51",
            "revenue": 63073
        },
        "2013-06": {
            "month": "2013-06",
            "price": "9.55",
            "revenue": 69782
        },
        "2013-07": {
            "month": "2013-07",
            "price": "9.50",
            "revenue": 66971
        },
        "2013-08": {
            "month": "2013-08",
            "price": "9.27",
            "revenue": 72197
        },
        "2013-09": {
            "month": "2013-09",
            "price": "8.97",
            "revenue": 68754
        },
        "2013-10": {
            "month": "2013-10",
            "price": "9.17",
            "revenue": 62368
        },
        "2013-11": {
            "month": "2013-11",
            "price": "8.45",
            "revenue": 69271
        },
        "2013-12": {
            "month": "2013-12",
            "price": "8.78",
            "revenue": 101381
        },
        "2014-01": {
            "month": "2014-01",
            "price": "9.26",
            "revenue": 65382
        },
        "2014-02": {
            "month": "2014-02",
            "price": "9.24",
            "revenue": 69055
        },
        "2014-03": {
            "month": "2014-03",
            "price": "9.45",
            "revenue": 73914
        },
        "2014-04": {
            "month": "2014-04",
            "price": "9.36",
            "revenue": 63954
        },
        "2014-05": {
            "month": "2014-05",
            "price": "8.98",
            "revenue": 68149
        },
        "2014-06": {
            "month": "2014-06",
            "price": "9.33",
            "revenue": 67468
        },
        "2014-07": {
            "month": "2014-07",
            "price": "9.55",
            "revenue": 79838
        },
        "2014-08": {
            "month": "2014-08",
            "price": "9.35",
            "revenue": 72338
        },
        "2014-09": {
            "month": "2014-09",
            "price": "8.82",
            "revenue": 176786
        },
        "2014-10": {
            "month": "2014-10",
            "price": "8.52",
            "revenue": 74443
        },
        "2014-11": {
            "month": "2014-11",
            "price": "8.54",
            "revenue": 69999
        },
        "2014-12": {
            "month": "2014-12",
            "price": "8.68",
            "revenue": 83353
        },
        "2015-01": {
            "month": "2015-01",
            "price": "9.08",
            "revenue": 73202
        },
        "2015-02": {
            "month": "2015-02",
            "price": "8.88",
            "revenue": 65212
        },
        "2015-03": {
            "month": "2015-03",
            "price": "8.56",
            "revenue": 236457
        },
        "2015-04": {
            "month": "2015-04",
            "price": "9.48",
            "revenue": 80599
        },
        "2015-05": {
            "month": "2015-05",
            "price": "10.17",
            "revenue": 83267
        },
        "2015-06": {
            "month": "2015-06",
            "price": "8.02",
            "revenue": 72428
        },
        "2015-07": {
            "month": "2015-07",
            "price": "7.57",
            "revenue": 90227
        },
        "2015-08": {
            "month": "2015-08",
            "price": "6.54",
            "revenue": 92516
        },
        "2015-09": {
            "month": "2015-09",
            "price": "7.15",
            "revenue": 116502
        },
        "2015-10": {
            "month": "2015-10",
            "price": "7.09",
            "revenue": 99372
        },
        "2015-11": {
            "month": "2015-11",
            "price": "6.79",
            "revenue": 95934
        },
        "2015-12": {
            "month": "2015-12",
            "price": "6.61",
            "revenue": 121956
        },
        "2016-01": {
            "month": "2016-01",
            "price": "6.23",
            "revenue": 144932
        },
        "2016-02": {
            "month": "2016-02",
            "price": "6.14",
            "revenue": 108661
        },
        "2016-03": {
            "month": "2016-03",
            "price": "6.32",
            "revenue": 147681
        },
        "2016-04": {
            "month": "2016-04",
            "price": "6.09",
            "revenue": 143533
        },
        "2016-05": {
            "month": "2016-05",
            "price": "5.61",
            "revenue": 171751
        },
        "2016-06": {
            "month": "2016-06",
            "price": "5.67",
            "revenue": 155731
        },
        "2016-07": {
            "month": "2016-07",
            "price": "5.96",
            "revenue": 154477
        },
        "2016-08": {
            "month": "2016-08",
            "price": "5.86",
            "revenue": 110712
        },
        "2016-09": {
            "month": "2016-09",
            "price": "6.18",
            "revenue": 198436
        },
        "2016-10": {
            "month": "2016-10",
            "price": "6.72",
            "revenue": 174045
        },
        "2016-11": {
            "month": "2016-11",
            "price": "6.17",
            "revenue": 177559
        },
        "2016-12": {
            "month": "2016-12",
            "price": "6.67",
            "revenue": 232611
        },
        "2017-01": {
            "month": "2017-01",
            "price": "7.78",
            "revenue": 97641
        },
        "2017-02": {
            "month": "2017-02",
            "price": "8.21",
            "revenue": 78391
        },
        "2017-03": {
            "month": "2017-03",
            "price": "7.44",
            "revenue": 101293
        },
        "2017-04": {
            "month": "2017-04",
            "price": "6.69",
            "revenue": 127801
        },
        "2017-05": {
            "month": "2017-05",
            "price": "6.84",
            "revenue": 121482
        },
        "2017-06": {
            "month": "2017-06",
            "price": "7.02",
            "revenue": 135376
        },
        "2017-07": {
            "month": "2017-07",
            "price": "7.12",
            "revenue": 156310
        },
        "2017-08": {
            "month": "2017-08",
            "price": "7.70",
            "revenue": 172071
        },
        "2017-09": {
            "month": "2017-09",
            "price": "7.97",
            "revenue": 240101
        },
        "2017-10": {
            "month": "2017-10",
            "price": "7.57",
            "revenue": 187924
        },
        "2017-11": {
            "month": "2017-11",
            "price": "7.76",
            "revenue": 292926
        },
        "2017-12": {
            "month": "2017-12",
            "price": "7.88",
            "revenue": 208793
        },
        "2018-01": {
            "month": "2018-01",
            "price": "8.11",
            "revenue": 240727
        },
        "2018-02": {
            "month": "2018-02",
            "price": "7.88",
            "revenue": 117843
        },
        "2018-03": {
            "month": "2018-03",
            "price": "8.40",
            "revenue": 162341
        },
        "2018-04": {
            "month": "2018-04",
            "price": "8.13",
            "revenue": 171852
        },
        "2018-05": {
            "month": "2018-05",
            "price": "8.24",
            "revenue": 203342
        },
        "2018-06": {
            "month": "2018-06",
            "price": "9.08",
            "revenue": 221397
        },
        "2018-07": {
            "month": "2018-07",
            "price": "9.27",
            "revenue": 271824
        },
        "2018-08": {
            "month": "2018-08",
            "price": "10.04",
            "revenue": 252524
        },
        "2018-09": {
            "month": "2018-09",
            "price": "14.30",
            "revenue": 551433
        },
        "2018-10": {
            "month": "2018-10",
            "price": "14.58",
            "revenue": 2220682
        },
        "2018-11": {
            "month": "2018-11",
            "price": "13.56",
            "revenue": 888205
        },
        "2018-12": {
            "month": "2018-12",
            "price": "13.31",
            "revenue": 738581
        },
        "2019-01": {
            "month": "2019-01",
            "price": "12.40",
            "revenue": 469998
        },
        "2019-02": {
            "month": "2019-02",
            "price": "12.28",
            "revenue": 248715
        },
        "2019-03": {
            "month": "2019-03",
            "price": "12.31",
            "revenue": 444228
        },
        "2019-04": {
            "month": "2019-04",
            "price": "14.52",
            "revenue": 400040
        },
        "2019-05": {
            "month": "2019-05",
            "price": "14.05",
            "revenue": 404858
        },
        "2019-06": {
            "month": "2019-06",
            "price": "13.11",
            "revenue": 338021
        },
        "2019-07": {
            "month": "2019-07",
            "price": "14.33",
            "revenue": 304607
        },
        "2019-08": {
            "month": "2019-08",
            "price": "12.85",
            "revenue": 403033
        },
        "2019-09": {
            "month": "2019-09",
            "price": "12.32",
            "revenue": 346822
        },
        "2019-10": {
            "month": "2019-10",
            "price": "11.69",
            "revenue": 356567
        },
        "2019-11": {
            "month": "2019-11",
            "price": "10.89",
            "revenue": 784433
        },
        "2019-12": {
            "month": "2019-12",
            "price": "11.00",
            "revenue": 490793
        },
        "2020-01": {
            "month": "2020-01",
            "price": "10.61",
            "revenue": 291524
        },
        "2020-02": {
            "month": "2020-02",
            "price": "9.70",
            "revenue": 210661
        },
        "2020-03": {
            "month": "2020-03",
            "price": "7.29",
            "revenue": 357473
        },
        "2020-04": {
            "month": "2020-04",
            "price": "7.37",
            "revenue": 307611
        },
        "2020-05": {
            "month": "2020-05",
            "price": "7.92",
            "revenue": 280664
        },
        "2020-06": {
            "month": "2020-06",
            "price": "8.23",
            "revenue": 367647
        },
        "2020-07": {
            "month": "2020-07",
            "price": "8.36",
            "revenue": 576015
        },
        "2020-08": {
            "month": "2020-08",
            "price": "8.80",
            "revenue": 528439
        },
        "2020-09": {
            "month": "2020-09",
            "price": "10.22",
            "revenue": 398053
        },
        "2020-10": {
            "month": "2020-10",
            "price": "10.24",
            "revenue": 425870
        },
        "2020-11": {
            "month": "2020-11",
            "price": "10.99",
            "revenue": 1068509
        },
        "2020-12": {
            "month": "2020-12",
            "price": "11.41",
            "revenue": 504004
        },
        "2021-01": {
            "month": "2021-01",
            "price": "10.21",
            "revenue": 201314
        },
        "2021-02": {
            "month": "2021-02",
            "price": "9.96",
            "revenue": 8752
        },
        "2021-03": {
            "month": "2021-03",
            "price": "10.48",
            "revenue": 8948
        },
        "2021-04": {
            "month": "2021-04",
            "price": "11.21",
            "revenue": 874108
        },
        "2021-05": {
            "month": "2021-05",
            "price": "10.48",
            "revenue": 9497
        },
        "2021-06": {
            "month": "2021-06",
            "price": "10.00",
            "revenue": 38246
        },
        "2021-07": {
            "month": "2021-07",
            "price": "10.31",
            "revenue": 9108
        },
        "2021-08": {
            "month": "2021-08",
            "price": "11.12",
            "revenue": 110321
        },
        "2021-09": {
            "month": "2021-09",
            "price": "11.66",
            "revenue": 8408
        },
        "2021-10": {
            "month": "2021-10",
            "price": "11.64",
            "revenue": 8663
        },
        "2021-11": {
            "month": "2021-11",
            "price": "11.66",
            "revenue": 251671
        },
        "2021-12": {
            "month": "2021-12",
            "price": "13.10",
            "revenue": 9274
        },
        "2022-01": {
            "month": "2022-01",
            "price": "12.59",
            "revenue": 9539
        },
        "2022-02": {
            "month": "2022-02",
            "price": "13.54",
            "revenue": 11267
        },
        "2022-03": {
            "month": "2022-03",
            "price": "13.45",
            "revenue": 10097
        },
        "2022-04": {
            "month": "2022-04",
            "price": "13.68",
            "revenue": 9441
        },
        "2022-05": {
            "month": "2022-05",
            "price": "13.15",
            "revenue": 435359
        },
        "2022-06": {
            "month": "2022-06",
            "price": "12.72",
            "revenue": 10058
        },
        "2022-07": {
            "month": "2022-07",
            "price": "11.39",
            "revenue": 9867
        },
        "2022-08": {
            "month": "2022-08",
            "price": "12.43",
            "revenue": 9811
        },
        "2022-09": {
            "month": "2022-09",
            "price": "12.56",
            "revenue": 10105
        },
        "2022-10": {
            "month": "2022-10",
            "price": "12.24",
            "revenue": 10514
        },
        "2022-11": {
            "month": "2022-11",
            "price": "12.40",
            "revenue": 9963
        },
        "2022-12": {
            "month": "2022-12",
            "price": "13.37",
            "revenue": 9968
        },
        "2023-01": {
            "month": "2023-01",
            "price": "13.15",
            "revenue": 9105
        },
        "2023-02": {
            "month": "2023-02",
            "price": "13.11",
            "revenue": 9195
        },
        "2023-03": {
            "month": "2023-03",
            "price": "14.55",
            "revenue": 9645
        },
        "2023-04": {
            "month": "2023-04",
            "price": "16.30",
            "revenue": 42154
        }
    }
}
