{
    "summary": {
        "stock_name": "昶虹",
        "stock_id": "2443",
        "category": "其他",
        "main_business": "電腦軟硬體及週邊設備、光碟片製造加工及買賣業務<br>CC01050資料儲存及處理設備製造業CC01080電子零組件製造業<br>C601040加工紙業F109020文具批發業",
        "website_url": "http://www.leaddata.com.tw",
        "ceo": "吳陵雲",
        "pe_ratio": 3,
        "report_year_from": 2001,
        "report_year_to": 2023,
        "age": 22,
        "eps_negative_percentage": 70,
        "eps_growth_avg": {
            "last_all": -100,
            "last_2y": null,
            "last_4y": null,
            "last_8y": -100,
            "last_12y": -100,
            "last_16y": -100,
            "last_20y": -100,
            "at_2006_last_3y": -100,
            "at_2007_last_3y": -100,
            "at_2008_last_3y": -100,
            "at_2009_last_3y": -100,
            "at_2010_last_3y": -100,
            "at_2011_last_3y": -100,
            "at_2012_last_3y": -100,
            "at_2013_last_3y": -100,
            "at_2014_last_3y": -100,
            "at_2015_last_3y": -100,
            "at_2016_last_3y": -100,
            "at_2017_last_3y": -100,
            "at_2018_last_3y": null,
            "at_2019_last_3y": null,
            "at_2020_last_3y": null,
            "at_2021_last_3y": null,
            "at_2022_last_3y": null,
            "at_2023_last_3y": null,
            "at_2006_last_all": -100,
            "at_2007_last_all": -100,
            "at_2008_last_all": -100,
            "at_2009_last_all": -100,
            "at_2010_last_all": -100,
            "at_2011_last_all": -100,
            "at_2012_last_all": -100,
            "at_2013_last_all": -100,
            "at_2014_last_all": -100,
            "at_2015_last_all": -100,
            "at_2016_last_all": -100,
            "at_2017_last_all": -100,
            "at_2018_last_all": -100,
            "at_2019_last_all": -100,
            "at_2020_last_all": -100,
            "at_2021_last_all": -100,
            "at_2022_last_all": -100,
            "at_2023_last_all": -100
        },
        "latest_eps": 1.03,
        "latest_price": 3.55,
        "latest_roe": 32.33,
        "latest_gross_margin": 40.38,
        "latest_equity": 533681,
        "latest_revenue": 2682,
        "latest_gross_profit": 1083,
        "latest_net_income": 50820,
        "latest_debt_ratio": 10.63,
        "latest_current_ratio": 956.05,
        "latest_account_receivable_turnover_ratio": 0.09,
        "latest_inventory_turnover_ratio": 57.11,
        "latest_reinvestment_rate": null,
        "latest_research_to_sale_ratio": null
    },
    "eps_dividends": {
        "2001": {
            "cash": 0,
            "stock": 1,
            "eps": 0.05
        },
        "2002": {
            "cash": 0,
            "stock": 0,
            "eps": -1.37
        },
        "2003": {
            "cash": 0,
            "stock": 0,
            "eps": 0.57
        },
        "2004": {
            "cash": 0,
            "stock": 1,
            "eps": -0.74
        },
        "2005": {
            "cash": 0,
            "stock": 0,
            "eps": -1.08
        },
        "2006": {
            "cash": 0,
            "stock": 0,
            "eps": -0.48
        },
        "2007": {
            "cash": 0,
            "stock": 0,
            "eps": 0.14
        },
        "2008": {
            "cash": 0,
            "stock": 0,
            "eps": -1.49
        },
        "2009": {
            "cash": 0,
            "stock": 0,
            "eps": 0.1
        },
        "2010": {
            "cash": 0,
            "stock": 0,
            "eps": -2.69
        },
        "2011": {
            "cash": 0,
            "stock": 0,
            "eps": -0.33
        },
        "2012": {
            "cash": 0,
            "stock": 0,
            "eps": -2.97
        },
        "2013": {
            "cash": 0,
            "stock": 0,
            "eps": 4.6
        },
        "2014": {
            "cash": 0,
            "stock": 0,
            "eps": -0.87
        },
        "2015": {
            "cash": 0,
            "stock": 0,
            "eps": -1.64
        },
        "2016": {
            "cash": 0,
            "stock": 0,
            "eps": -1.53
        },
        "2017": {
            "cash": 0,
            "stock": 0,
            "eps": -1.86
        },
        "2018": {
            "cash": 0,
            "stock": 0,
            "eps": -2.67
        },
        "2019": {
            "cash": 0,
            "stock": 0,
            "eps": -1.9
        },
        "2020": {
            "cash": 0,
            "stock": 0,
            "eps": -3.09
        },
        "2021": {
            "cash": 0,
            "stock": 0,
            "eps": -0.73
        },
        "2022": {
            "cash": 0,
            "stock": 0,
            "eps": 0.49
        },
        "2023": {
            "cash": 0,
            "stock": 0,
            "eps": 0.35
        }
    },
    "dividends": {
        "2001-06-22": {
            "cash": 0,
            "stock": 1
        },
        "2004-06-15": {
            "cash": 0,
            "stock": 0.6
        }
    },
    "prices": {
        "200101": "10.80",
        "200102": "16.32",
        "200103": "18.55",
        "200104": "22.61",
        "200105": "20.23",
        "200106": "22.58",
        "200107": "18.43",
        "200108": "15.20",
        "200109": "10.57",
        "200110": "9.22",
        "200111": "10.62",
        "200112": "11.34",
        "200201": "13.54",
        "200202": "13.08",
        "200203": "14.27",
        "200204": "18.79",
        "200205": "14.86",
        "200206": "14.52",
        "200207": "11.13",
        "200208": "10.00",
        "200209": "8.46",
        "200210": "9.71",
        "200211": "9.89",
        "200212": "8.35",
        "200301": "8.53",
        "200302": "8.12",
        "200303": "7.76",
        "200304": "7.09",
        "200305": "7.86",
        "200306": "13.40",
        "200307": "20.81",
        "200308": "18.30",
        "200309": "15.95",
        "200310": "16.37",
        "200311": "16.32",
        "200312": "16.21",
        "200401": "16.21",
        "200402": "16.82",
        "200403": "15.90",
        "200404": "16.56",
        "200405": "11.61",
        "200406": "10.15",
        "200407": "9.11",
        "200408": "8.06",
        "200409": "7.74",
        "200410": "7.33",
        "200411": "6.30",
        "200412": "5.43",
        "200501": "5.32",
        "200502": "5.48",
        "200503": "5.83",
        "200504": "4.94",
        "200505": "4.71",
        "200506": "6.39",
        "200507": "6.21",
        "200508": "5.03",
        "200509": "4.38",
        "200510": "3.39",
        "200511": "3.06",
        "200512": "3.87",
        "200601": "5.02",
        "200602": "5.09",
        "200603": "5.64",
        "200604": "5.61",
        "200605": "5.06",
        "200606": "4.05",
        "200607": "3.60",
        "200608": "3.34",
        "200609": "3.09",
        "200610": "4.01",
        "200611": "4.98",
        "200612": "6.50",
        "200701": "7.34",
        "200702": "6.65",
        "200703": "6.45",
        "200704": "7.36",
        "200705": "7.49",
        "200706": "12.01",
        "200707": "13.10",
        "200708": "10.89",
        "200709": "11.89",
        "200710": "12.59",
        "200711": "11.44",
        "200712": "10.06",
        "200801": "7.28",
        "200802": "6.85",
        "200803": "7.32",
        "200804": "7.15",
        "200805": "6.57",
        "200806": "5.35",
        "200807": "3.90",
        "200808": "3.84",
        "200809": "2.87",
        "200810": "2.56",
        "200811": "1.94",
        "200812": "1.88",
        "200901": "1.88",
        "200902": "1.89",
        "200903": "2.89",
        "200904": "4.06",
        "200905": "3.97",
        "200906": "3.80",
        "200907": "3.72",
        "200908": "3.58",
        "200909": "3.98",
        "200910": "6.25",
        "200911": "6.59",
        "200912": "7.20",
        "201001": "8.14",
        "201002": "7.34",
        "201003": "8.02",
        "201004": "8.15",
        "201005": "6.95",
        "201006": "6.54",
        "201007": "6.84",
        "201008": "6.76",
        "201009": "6.15",
        "201010": "5.89",
        "201011": "5.15",
        "201012": "5.36",
        "201101": "5.19",
        "201102": "4.93",
        "201103": "4.37",
        "201104": "4.13",
        "201105": "3.26",
        "201106": "3.00",
        "201107": "2.73",
        "201108": "2.42",
        "201109": "2.72",
        "201110": "2.68",
        "201111": "2.83",
        "201112": "2.57",
        "201201": "2.56",
        "201202": "3.17",
        "201203": "3.05",
        "201204": "2.63",
        "201205": "2.48",
        "201206": "2.20",
        "201207": "2.02",
        "201208": "1.95",
        "201209": "2.07",
        "201210": "1.97",
        "201211": "1.78",
        "201212": "2.22",
        "201301": "2.38",
        "201302": "2.35",
        "201303": "2.30",
        "201304": "1.54",
        "201305": "1.63",
        "201306": "1.72",
        "201307": "1.76",
        "201308": "1.83",
        "201309": "2.75",
        "201310": "5.21",
        "201311": "5.29",
        "201312": "7.24",
        "201401": "7.14",
        "201402": "7.60",
        "201403": "9.81",
        "201404": "12.37",
        "201405": "11.42",
        "201406": "10.85",
        "201407": "11.01",
        "201408": "11.03",
        "201409": "11.01",
        "201410": "10.36",
        "201411": "10.34",
        "201412": "10.56",
        "201501": "10.40",
        "201502": "10.90",
        "201503": "12.92",
        "201504": "13.78",
        "201505": "13.99",
        "201506": "14.47",
        "201507": "13.61",
        "201508": "6.41",
        "201509": "7.86",
        "201510": "7.81",
        "201511": "7.09",
        "201512": "7.48",
        "201601": "7.33",
        "201602": "7.29",
        "201603": "7.00",
        "201604": "7.75",
        "201605": "7.51",
        "201606": "7.79",
        "201607": "7.70",
        "201608": "7.55",
        "201609": "7.51",
        "201610": "7.18",
        "201611": "6.58",
        "201612": "6.08",
        "201701": "6.10",
        "201702": "6.80",
        "201703": "6.89",
        "201704": "6.29",
        "201705": "6.07",
        "201706": "7.49",
        "201707": "7.33",
        "201708": "6.88",
        "201709": "6.81",
        "201710": "6.55",
        "201711": "6.44",
        "201712": "6.25",
        "201801": "6.24",
        "201802": "5.88",
        "201803": "6.06",
        "201804": "5.84",
        "201805": "6.04",
        "201806": "6.93",
        "201807": "6.19",
        "201808": "6.40",
        "201809": "6.25",
        "201810": "5.58",
        "201811": "4.95",
        "201812": "4.76",
        "201901": "4.35",
        "201902": "4.36",
        "201903": "4.33",
        "201904": "3.89",
        "201905": "3.56",
        "201906": "3.30",
        "201907": "3.11",
        "201908": "3.01",
        "201909": "2.92",
        "201910": "2.72",
        "201911": "2.84",
        "201912": "3.29",
        "202001": "4.04",
        "202002": "3.81",
        "202003": "2.97",
        "202004": "2.90",
        "202005": "2.87",
        "202006": "3.04",
        "202007": "3.50",
        "202008": "3.86",
        "202009": "4.70",
        "202010": "5.13",
        "202011": "4.01",
        "202012": "3.11",
        "202101": "2.69",
        "202102": "2.60",
        "202103": "2.65",
        "202104": "2.92",
        "202105": "2.92",
        "202106": "2.91",
        "202107": "3.09",
        "202108": "2.96",
        "202109": "2.86",
        "202110": "2.95",
        "202111": "2.99",
        "202112": "3.04",
        "202201": "4.02",
        "202202": "3.82",
        "202203": "3.39",
        "202204": "3.13",
        "202205": "3.45",
        "202206": "3.63",
        "202207": "3.54",
        "202208": "3.24",
        "202209": "2.96",
        "202210": "2.69",
        "202211": "2.88",
        "202212": "2.81",
        "202301": "2.85",
        "202302": "2.86",
        "202303": "2.91",
        "202304": "4.00",
        "202305": "3.45"
    },
    "quarters": {
        "20011": {
            "year_quarter": 20011,
            "year": 2001,
            "quarter": 1,
            "eps": -0.49,
            "eps_growth_year": -159.76,
            "eps_4q": -1.39,
            "eps_4q_growth_year": null,
            "roe": -3.18,
            "roe_4q": -3.18,
            "gross_profit": -11779,
            "gross_margin": -2.09,
            "gross_margin_4q_avg": -2.09,
            "net_income": -138266,
            "revenue": 564543,
            "common_shares": 2802380,
            "book_valuer_per_share": 15.28,
            "book_valuer_per_share_4q_avg": 15.28,
            "equity": 4282185,
            "current_ratio": 81.84,
            "debt_ratio": 42.64,
            "inventory_turnover_ratio": 1.31,
            "account_receivable_turnover_ratio": null,
            "reinvestment_rate": null,
            "research_to_sale_ratio": null,
            "price_fair": 0,
            "eps_avg_yearly": 0,
            "eps_latest_yearly": 0,
            "eps_growth_yearly": 0
        },
        "20012": {
            "year_quarter": 20012,
            "year": 2001,
            "quarter": 2,
            "eps": 0.01,
            "eps_growth_year": -80,
            "eps_4q": -1.44,
            "eps_4q_growth_year": null,
            "roe": 0.09,
            "roe_4q": -3.0900000000000003,
            "gross_profit": 76726,
            "gross_margin": 8.26,
            "gross_margin_4q_avg": 3.09,
            "net_income": 3797,
            "revenue": 928765,
            "common_shares": 2802380,
            "book_valuer_per_share": 15.22,
            "book_valuer_per_share_4q_avg": 15.25,
            "equity": 4266536,
            "current_ratio": 78.98,
            "debt_ratio": 40.22,
            "inventory_turnover_ratio": 1.69,
            "account_receivable_turnover_ratio": null,
            "reinvestment_rate": null,
            "research_to_sale_ratio": null,
            "price_fair": 0,
            "eps_avg_yearly": 0,
            "eps_latest_yearly": 0,
            "eps_growth_yearly": 0
        },
        "20013": {
            "year_quarter": 20013,
            "year": 2001,
            "quarter": 3,
            "eps": 0.2,
            "eps_growth_year": null,
            "eps_4q": -0.78,
            "eps_4q_growth_year": null,
            "roe": 1.41,
            "roe_4q": -1.6800000000000002,
            "gross_profit": 217870,
            "gross_margin": 22.25,
            "gross_margin_4q_avg": 9.47,
            "net_income": 60285,
            "revenue": 979066,
            "common_shares": 3082618,
            "book_valuer_per_share": 13.97,
            "book_valuer_per_share_4q_avg": 14.82,
            "equity": 4305551,
            "current_ratio": 83.77,
            "debt_ratio": 38.42,
            "inventory_turnover_ratio": 1.57,
            "account_receivable_turnover_ratio": null,
            "reinvestment_rate": null,
            "research_to_sale_ratio": null,
            "price_fair": 0,
            "eps_avg_yearly": 0,
            "eps_latest_yearly": 0,
            "eps_growth_yearly": 0
        },
        "20014": {
            "year_quarter": 20014,
            "year": 2001,
            "quarter": 4,
            "eps": 0.33,
            "eps_growth_year": null,
            "eps_4q": 0.09,
            "eps_4q_growth_year": null,
            "roe": 2.25,
            "roe_4q": 0.5699999999999998,
            "gross_profit": 153636,
            "gross_margin": 16.32,
            "gross_margin_4q_avg": 11.19,
            "net_income": 103135,
            "revenue": 941643,
            "common_shares": 3082618,
            "book_valuer_per_share": 14.43,
            "book_valuer_per_share_4q_avg": 14.73,
            "equity": 4843952,
            "current_ratio": 120.93,
            "debt_ratio": 40.86,
            "inventory_turnover_ratio": 1.48,
            "account_receivable_turnover_ratio": null,
            "reinvestment_rate": null,
            "research_to_sale_ratio": null,
            "price_fair": 0,
            "eps_avg_yearly": 0,
            "eps_latest_yearly": 0,
            "eps_growth_yearly": 0
        },
        "20021": {
            "year_quarter": 20021,
            "year": 2002,
            "quarter": 1,
            "eps": -0.06,
            "eps_growth_year": null,
            "eps_4q": 0.44,
            "eps_4q_growth_year": null,
            "roe": -0.41,
            "roe_4q": 3.34,
            "gross_profit": 110873,
            "gross_margin": 14.4,
            "gross_margin_4q_avg": 15.31,
            "net_income": -19878,
            "revenue": 769983,
            "common_shares": 3082618,
            "book_valuer_per_share": 15.96,
            "book_valuer_per_share_4q_avg": 14.9,
            "equity": 4920744,
            "current_ratio": 100.5,
            "debt_ratio": 36.46,
            "inventory_turnover_ratio": 1.16,
            "account_receivable_turnover_ratio": null,
            "reinvestment_rate": null,
            "research_to_sale_ratio": null,
            "price_fair": 0,
            "eps_avg_yearly": 0,
            "eps_latest_yearly": 0,
            "eps_growth_yearly": 0
        },
        "20022": {
            "year_quarter": 20022,
            "year": 2002,
            "quarter": 2,
            "eps": -0.58,
            "eps_growth_year": -5900,
            "eps_4q": -0.14,
            "eps_4q_growth_year": null,
            "roe": -3.8,
            "roe_4q": -0.55,
            "gross_profit": 32171,
            "gross_margin": 3.68,
            "gross_margin_4q_avg": 14.16,
            "net_income": -186382,
            "revenue": 874661,
            "common_shares": 3082618,
            "book_valuer_per_share": 15.82,
            "book_valuer_per_share_4q_avg": 15.05,
            "equity": 4877802,
            "current_ratio": 93.74,
            "debt_ratio": 35.79,
            "inventory_turnover_ratio": 1.46,
            "account_receivable_turnover_ratio": null,
            "reinvestment_rate": null,
            "research_to_sale_ratio": null,
            "price_fair": 0,
            "eps_avg_yearly": 0,
            "eps_latest_yearly": 0,
            "eps_growth_yearly": 0
        },
        "20023": {
            "year_quarter": 20023,
            "year": 2002,
            "quarter": 3,
            "eps": -0.27,
            "eps_growth_year": -235,
            "eps_4q": -0.52,
            "eps_4q_growth_year": null,
            "roe": -1.9,
            "roe_4q": -3.8599999999999994,
            "gross_profit": -13577,
            "gross_margin": -1.58,
            "gross_margin_4q_avg": 8.21,
            "net_income": -91805,
            "revenue": 861609,
            "common_shares": 3743018,
            "book_valuer_per_share": 12.84,
            "book_valuer_per_share_4q_avg": 14.76,
            "equity": 4807153,
            "current_ratio": 85.93,
            "debt_ratio": 35.92,
            "inventory_turnover_ratio": 1.42,
            "account_receivable_turnover_ratio": null,
            "reinvestment_rate": null,
            "research_to_sale_ratio": null,
            "price_fair": 0,
            "eps_avg_yearly": 0,
            "eps_latest_yearly": 0,
            "eps_growth_yearly": 0
        },
        "20024": {
            "year_quarter": 20024,
            "year": 2002,
            "quarter": 4,
            "eps": -0.46,
            "eps_growth_year": -239.39,
            "eps_4q": -1.37,
            "eps_4q_growth_year": -1577.22,
            "roe": -3.46,
            "roe_4q": -9.57,
            "gross_profit": -10815,
            "gross_margin": -1.29,
            "gross_margin_4q_avg": 3.8,
            "net_income": -164224,
            "revenue": 838535,
            "common_shares": 3744518,
            "book_valuer_per_share": 12.34,
            "book_valuer_per_share_4q_avg": 14.24,
            "equity": 4690001,
            "current_ratio": 81.75,
            "debt_ratio": 41.23,
            "inventory_turnover_ratio": 1.26,
            "account_receivable_turnover_ratio": null,
            "reinvestment_rate": null,
            "research_to_sale_ratio": null,
            "price_fair": 0,
            "eps_avg_yearly": 0,
            "eps_latest_yearly": 0,
            "eps_growth_yearly": 0
        },
        "20031": {
            "year_quarter": 20031,
            "year": 2003,
            "quarter": 1,
            "eps": 0,
            "eps_growth_year": null,
            "eps_4q": -1.18,
            "eps_4q_growth_year": -364.73,
            "roe": 0.03,
            "roe_4q": -9.129999999999999,
            "gross_profit": 54493,
            "gross_margin": 6.38,
            "gross_margin_4q_avg": 1.8,
            "net_income": 1555,
            "revenue": 854440,
            "common_shares": 3744518,
            "book_valuer_per_share": 12.29,
            "book_valuer_per_share_4q_avg": 13.32,
            "equity": 4603550,
            "current_ratio": 71.86,
            "debt_ratio": 35.52,
            "inventory_turnover_ratio": 1.32,
            "account_receivable_turnover_ratio": null,
            "reinvestment_rate": null,
            "research_to_sale_ratio": null,
            "price_fair": 0,
            "eps_avg_yearly": 0,
            "eps_latest_yearly": 0,
            "eps_growth_yearly": 0
        },
        "20032": {
            "year_quarter": 20032,
            "year": 2003,
            "quarter": 2,
            "eps": 0.27,
            "eps_growth_year": null,
            "eps_4q": -0.42,
            "eps_4q_growth_year": null,
            "roe": 2.15,
            "roe_4q": -3.18,
            "gross_profit": 213203,
            "gross_margin": 18.8,
            "gross_margin_4q_avg": 5.58,
            "net_income": 100003,
            "revenue": 1134264,
            "common_shares": 3753918,
            "book_valuer_per_share": 12.56,
            "book_valuer_per_share_4q_avg": 12.51,
            "equity": 4713052,
            "current_ratio": 92.51,
            "debt_ratio": 34.54,
            "inventory_turnover_ratio": 2,
            "account_receivable_turnover_ratio": null,
            "reinvestment_rate": null,
            "research_to_sale_ratio": null,
            "price_fair": 0,
            "eps_avg_yearly": 0,
            "eps_latest_yearly": 0,
            "eps_growth_yearly": 0
        },
        "20033": {
            "year_quarter": 20033,
            "year": 2003,
            "quarter": 3,
            "eps": 0.25,
            "eps_growth_year": null,
            "eps_4q": 0.09,
            "eps_4q_growth_year": null,
            "roe": 2,
            "roe_4q": 0.7200000000000006,
            "gross_profit": 206902,
            "gross_margin": 15.94,
            "gross_margin_4q_avg": 9.96,
            "net_income": 95374,
            "revenue": 1297648,
            "common_shares": 3781818,
            "book_valuer_per_share": 12.74,
            "book_valuer_per_share_4q_avg": 12.48,
            "equity": 4819180,
            "current_ratio": 97.24,
            "debt_ratio": 34.04,
            "inventory_turnover_ratio": 2.23,
            "account_receivable_turnover_ratio": null,
            "reinvestment_rate": null,
            "research_to_sale_ratio": null,
            "price_fair": 3,
            "eps_avg_yearly": 1,
            "eps_latest_yearly": 1,
            "eps_growth_yearly": -29.63
        },
        "20034": {
            "year_quarter": 20034,
            "year": 2003,
            "quarter": 4,
            "eps": 0.05,
            "eps_growth_year": null,
            "eps_4q": 0.59,
            "eps_4q_growth_year": null,
            "roe": 0.38,
            "roe_4q": 4.56,
            "gross_profit": 188687,
            "gross_margin": 13.61,
            "gross_margin_4q_avg": 13.68,
            "net_income": 18385,
            "revenue": 1386282,
            "common_shares": 3782418,
            "book_valuer_per_share": 12.93,
            "book_valuer_per_share_4q_avg": 12.63,
            "equity": 4978716,
            "current_ratio": 102.6,
            "debt_ratio": 45.39,
            "inventory_turnover_ratio": 2.01,
            "account_receivable_turnover_ratio": null,
            "reinvestment_rate": null,
            "research_to_sale_ratio": null,
            "price_fair": 1.8,
            "eps_avg_yearly": 0.6,
            "eps_latest_yearly": 0.2,
            "eps_growth_yearly": -174.81
        },
        "20041": {
            "year_quarter": 20041,
            "year": 2004,
            "quarter": 1,
            "eps": 0.14,
            "eps_growth_year": null,
            "eps_4q": 0.72,
            "eps_4q_growth_year": null,
            "roe": 1.04,
            "roe_4q": 5.57,
            "gross_profit": 182639,
            "gross_margin": 16.25,
            "gross_margin_4q_avg": 16.15,
            "net_income": 51361,
            "revenue": 1123609,
            "common_shares": 3782418,
            "book_valuer_per_share": 12.98,
            "book_valuer_per_share_4q_avg": 12.8,
            "equity": 4910317,
            "current_ratio": 98.2,
            "debt_ratio": 41.13,
            "inventory_turnover_ratio": 1.56,
            "account_receivable_turnover_ratio": null,
            "reinvestment_rate": null,
            "research_to_sale_ratio": null,
            "price_fair": 20.53,
            "eps_avg_yearly": 0.59,
            "eps_latest_yearly": 0.56,
            "eps_growth_yearly": 123.46
        },
        "20042": {
            "year_quarter": 20042,
            "year": 2004,
            "quarter": 2,
            "eps": 0.06,
            "eps_growth_year": -77.78,
            "eps_4q": 0.51,
            "eps_4q_growth_year": null,
            "roe": 0.45,
            "roe_4q": 3.87,
            "gross_profit": 115420,
            "gross_margin": 11.86,
            "gross_margin_4q_avg": 14.42,
            "net_income": 22216,
            "revenue": 973157,
            "common_shares": 3782418,
            "book_valuer_per_share": 13.02,
            "book_valuer_per_share_4q_avg": 12.92,
            "equity": 4925852,
            "current_ratio": 94.95,
            "debt_ratio": 41.04,
            "inventory_turnover_ratio": 1.45,
            "account_receivable_turnover_ratio": null,
            "reinvestment_rate": null,
            "research_to_sale_ratio": null,
            "price_fair": 17.5,
            "eps_avg_yearly": 0.5,
            "eps_latest_yearly": 0.24,
            "eps_growth_yearly": 35.45
        },
        "20043": {
            "year_quarter": 20043,
            "year": 2004,
            "quarter": 3,
            "eps": -0.06,
            "eps_growth_year": -124,
            "eps_4q": 0.17,
            "eps_4q_growth_year": 99.72,
            "roe": -0.47,
            "roe_4q": 1.4,
            "gross_profit": 27303,
            "gross_margin": 3.45,
            "gross_margin_4q_avg": 11.29,
            "net_income": -23113,
            "revenue": 790684,
            "common_shares": 4020794,
            "book_valuer_per_share": 12.19,
            "book_valuer_per_share_4q_avg": 12.78,
            "equity": 4899909,
            "current_ratio": 82.44,
            "debt_ratio": 37.65,
            "inventory_turnover_ratio": 1.19,
            "account_receivable_turnover_ratio": null,
            "reinvestment_rate": null,
            "research_to_sale_ratio": null,
            "price_fair": 17.5,
            "eps_avg_yearly": 0.5,
            "eps_latest_yearly": 0.24,
            "eps_growth_yearly": 35.45
        },
        "20044": {
            "year_quarter": 20044,
            "year": 2004,
            "quarter": 4,
            "eps": -0.88,
            "eps_growth_year": -1860,
            "eps_4q": -0.78,
            "eps_4q_growth_year": -233.82,
            "roe": -7.49,
            "roe_4q": -6.47,
            "gross_profit": -77612,
            "gross_margin": -9.86,
            "gross_margin_4q_avg": 5.43,
            "net_income": -354622,
            "revenue": 787347,
            "common_shares": 4020794,
            "book_valuer_per_share": 11.07,
            "book_valuer_per_share_4q_avg": 12.32,
            "equity": 4573050,
            "current_ratio": 94.28,
            "debt_ratio": 40.32,
            "inventory_turnover_ratio": 1.15,
            "account_receivable_turnover_ratio": null,
            "reinvestment_rate": null,
            "research_to_sale_ratio": null,
            "price_fair": 17.5,
            "eps_avg_yearly": 0.5,
            "eps_latest_yearly": 0.24,
            "eps_growth_yearly": 35.45
        },
        "20051": {
            "year_quarter": 20051,
            "year": 2005,
            "quarter": 1,
            "eps": -0.4,
            "eps_growth_year": -385.71,
            "eps_4q": -1.25,
            "eps_4q_growth_year": -273.36,
            "roe": -3.68,
            "roe_4q": -11.190000000000001,
            "gross_profit": -77803,
            "gross_margin": -10.2,
            "gross_margin_4q_avg": -1.19,
            "net_income": -166754,
            "revenue": 762834,
            "common_shares": 4420794,
            "book_valuer_per_share": 10.16,
            "book_valuer_per_share_4q_avg": 11.61,
            "equity": 4492810,
            "current_ratio": 81.01,
            "debt_ratio": 35.75,
            "inventory_turnover_ratio": 1.19,
            "account_receivable_turnover_ratio": null,
            "reinvestment_rate": null,
            "research_to_sale_ratio": null,
            "price_fair": 17.5,
            "eps_avg_yearly": 0.5,
            "eps_latest_yearly": 0.24,
            "eps_growth_yearly": 35.45
        },
        "20052": {
            "year_quarter": 20052,
            "year": 2005,
            "quarter": 2,
            "eps": -0.38,
            "eps_growth_year": -733.33,
            "eps_4q": -1.6,
            "eps_4q_growth_year": -416.07,
            "roe": -3.68,
            "roe_4q": -15.320000000000002,
            "gross_profit": -79465,
            "gross_margin": -10.16,
            "gross_margin_4q_avg": -6.69,
            "net_income": -162471,
            "revenue": 782154,
            "common_shares": 4420794,
            "book_valuer_per_share": 9.8,
            "book_valuer_per_share_4q_avg": 10.81,
            "equity": 4333228,
            "current_ratio": 83.71,
            "debt_ratio": 37.43,
            "inventory_turnover_ratio": 1.57,
            "account_receivable_turnover_ratio": null,
            "reinvestment_rate": null,
            "research_to_sale_ratio": null,
            "price_fair": 17.5,
            "eps_avg_yearly": 0.5,
            "eps_latest_yearly": 0.24,
            "eps_growth_yearly": 35.45
        },
        "20053": {
            "year_quarter": 20053,
            "year": 2005,
            "quarter": 3,
            "eps": -0.31,
            "eps_growth_year": null,
            "eps_4q": -1.85,
            "eps_4q_growth_year": -1182,
            "roe": -3.17,
            "roe_4q": -18.02,
            "gross_profit": -66580,
            "gross_margin": -9.51,
            "gross_margin_4q_avg": -9.93,
            "net_income": -135205,
            "revenue": 699836,
            "common_shares": 4420794,
            "book_valuer_per_share": 9.52,
            "book_valuer_per_share_4q_avg": 10.14,
            "equity": 4209609,
            "current_ratio": 72.05,
            "debt_ratio": 36.92,
            "inventory_turnover_ratio": 1.44,
            "account_receivable_turnover_ratio": null,
            "reinvestment_rate": null,
            "research_to_sale_ratio": null,
            "price_fair": 17.5,
            "eps_avg_yearly": 0.5,
            "eps_latest_yearly": 0.24,
            "eps_growth_yearly": 35.45
        },
        "20054": {
            "year_quarter": 20054,
            "year": 2005,
            "quarter": 4,
            "eps": 0.01,
            "eps_growth_year": null,
            "eps_4q": -1.06,
            "eps_4q_growth_year": null,
            "roe": 0.1,
            "roe_4q": -10.43,
            "gross_profit": -11707,
            "gross_margin": -1.27,
            "gross_margin_4q_avg": -7.79,
            "net_income": 4221,
            "revenue": 918269,
            "common_shares": 4420794,
            "book_valuer_per_share": 9.58,
            "book_valuer_per_share_4q_avg": 9.77,
            "equity": 4261916,
            "current_ratio": 84.6,
            "debt_ratio": 42.29,
            "inventory_turnover_ratio": 1.47,
            "account_receivable_turnover_ratio": null,
            "reinvestment_rate": null,
            "research_to_sale_ratio": null,
            "price_fair": 17.5,
            "eps_avg_yearly": 0.5,
            "eps_latest_yearly": 0.24,
            "eps_growth_yearly": 35.45
        },
        "20061": {
            "year_quarter": 20061,
            "year": 2006,
            "quarter": 1,
            "eps": -0.11,
            "eps_growth_year": null,
            "eps_4q": -0.78,
            "eps_4q_growth_year": null,
            "roe": -1.14,
            "roe_4q": -7.890000000000001,
            "gross_profit": 48333,
            "gross_margin": 4.28,
            "gross_margin_4q_avg": -4.17,
            "net_income": -48014,
            "revenue": 1129547,
            "common_shares": 4420794,
            "book_valuer_per_share": 9.49,
            "book_valuer_per_share_4q_avg": 9.6,
            "equity": 4197264,
            "current_ratio": 79.2,
            "debt_ratio": 38.68,
            "inventory_turnover_ratio": 1.58,
            "account_receivable_turnover_ratio": null,
            "reinvestment_rate": null,
            "research_to_sale_ratio": null,
            "price_fair": 17.5,
            "eps_avg_yearly": 0.5,
            "eps_latest_yearly": 0.24,
            "eps_growth_yearly": 35.45
        },
        "20062": {
            "year_quarter": 20062,
            "year": 2006,
            "quarter": 2,
            "eps": -0.13,
            "eps_growth_year": null,
            "eps_4q": -0.53,
            "eps_4q_growth_year": null,
            "roe": -1.33,
            "roe_4q": -5.539999999999999,
            "gross_profit": 54379,
            "gross_margin": 5.66,
            "gross_margin_4q_avg": -0.21,
            "net_income": -55363,
            "revenue": 960963,
            "common_shares": 4420794,
            "book_valuer_per_share": 9.37,
            "book_valuer_per_share_4q_avg": 9.49,
            "equity": 4144359,
            "current_ratio": 79.4,
            "debt_ratio": 36.84,
            "inventory_turnover_ratio": 1.33,
            "account_receivable_turnover_ratio": null,
            "reinvestment_rate": null,
            "research_to_sale_ratio": null,
            "price_fair": 17.5,
            "eps_avg_yearly": 0.5,
            "eps_latest_yearly": 0.24,
            "eps_growth_yearly": 35.45
        },
        "20063": {
            "year_quarter": 20063,
            "year": 2006,
            "quarter": 3,
            "eps": 0.05,
            "eps_growth_year": null,
            "eps_4q": -0.19,
            "eps_4q_growth_year": null,
            "roe": 0.51,
            "roe_4q": -1.8599999999999999,
            "gross_profit": 57209,
            "gross_margin": 6.29,
            "gross_margin_4q_avg": 3.74,
            "net_income": 21064,
            "revenue": 910168,
            "common_shares": 4420794,
            "book_valuer_per_share": 9.44,
            "book_valuer_per_share_4q_avg": 9.47,
            "equity": 4174127,
            "current_ratio": 86.3,
            "debt_ratio": 36.44,
            "inventory_turnover_ratio": 1.13,
            "account_receivable_turnover_ratio": null,
            "reinvestment_rate": null,
            "research_to_sale_ratio": null,
            "price_fair": 17.5,
            "eps_avg_yearly": 0.5,
            "eps_latest_yearly": 0.24,
            "eps_growth_yearly": 35.45
        },
        "20064": {
            "year_quarter": 20064,
            "year": 2006,
            "quarter": 4,
            "eps": -0.29,
            "eps_growth_year": -3000,
            "eps_4q": -0.48,
            "eps_4q_growth_year": null,
            "roe": -3.11,
            "roe_4q": -5.069999999999999,
            "gross_profit": 115637,
            "gross_margin": 7.26,
            "gross_margin_4q_avg": 5.87,
            "net_income": -128653,
            "revenue": 1593758,
            "common_shares": 4420794,
            "book_valuer_per_share": 9.2,
            "book_valuer_per_share_4q_avg": 9.38,
            "equity": 4095132,
            "current_ratio": 93.88,
            "debt_ratio": 43.57,
            "inventory_turnover_ratio": 1.72,
            "account_receivable_turnover_ratio": null,
            "reinvestment_rate": null,
            "research_to_sale_ratio": null,
            "price_fair": 17.5,
            "eps_avg_yearly": 0.5,
            "eps_latest_yearly": 0.24,
            "eps_growth_yearly": 35.45
        },
        "20071": {
            "year_quarter": 20071,
            "year": 2007,
            "quarter": 1,
            "eps": 0.01,
            "eps_growth_year": null,
            "eps_4q": -0.43,
            "eps_4q_growth_year": null,
            "roe": 0.09,
            "roe_4q": -3.84,
            "gross_profit": 88749,
            "gross_margin": 6.34,
            "gross_margin_4q_avg": 6.39,
            "net_income": 3670,
            "revenue": 1400816,
            "common_shares": 4420794,
            "book_valuer_per_share": 9.24,
            "book_valuer_per_share_4q_avg": 9.31,
            "equity": 4086481,
            "current_ratio": 93.43,
            "debt_ratio": 35.31,
            "inventory_turnover_ratio": 1.58,
            "account_receivable_turnover_ratio": null,
            "reinvestment_rate": null,
            "research_to_sale_ratio": null,
            "price_fair": 17.5,
            "eps_avg_yearly": 0.5,
            "eps_latest_yearly": 0.24,
            "eps_growth_yearly": 35.45
        },
        "20072": {
            "year_quarter": 20072,
            "year": 2007,
            "quarter": 2,
            "eps": 0.04,
            "eps_growth_year": null,
            "eps_4q": -0.2,
            "eps_4q_growth_year": null,
            "roe": 0.43,
            "roe_4q": -2.08,
            "gross_profit": 109342,
            "gross_margin": 8.19,
            "gross_margin_4q_avg": 7.02,
            "net_income": 17583,
            "revenue": 1335827,
            "common_shares": 4420794,
            "book_valuer_per_share": 9.43,
            "book_valuer_per_share_4q_avg": 9.33,
            "equity": 4170605,
            "current_ratio": 89.87,
            "debt_ratio": 35.8,
            "inventory_turnover_ratio": 1.58,
            "account_receivable_turnover_ratio": null,
            "reinvestment_rate": null,
            "research_to_sale_ratio": null,
            "price_fair": 15.12,
            "eps_avg_yearly": 0.43,
            "eps_latest_yearly": 0.16,
            "eps_growth_yearly": 268.36
        },
        "20073": {
            "year_quarter": 20073,
            "year": 2007,
            "quarter": 3,
            "eps": 0.13,
            "eps_growth_year": 160,
            "eps_4q": -0.11,
            "eps_4q_growth_year": null,
            "roe": 1.41,
            "roe_4q": -1.18,
            "gross_profit": 89781,
            "gross_margin": 6.74,
            "gross_margin_4q_avg": 7.13,
            "net_income": 59129,
            "revenue": 1331577,
            "common_shares": 4420794,
            "book_valuer_per_share": 9.54,
            "book_valuer_per_share_4q_avg": 9.35,
            "equity": 4217872,
            "current_ratio": 94.73,
            "debt_ratio": 34.13,
            "inventory_turnover_ratio": 1.53,
            "account_receivable_turnover_ratio": null,
            "reinvestment_rate": null,
            "research_to_sale_ratio": null,
            "price_fair": 11.76,
            "eps_avg_yearly": 0.34,
            "eps_latest_yearly": 0.52,
            "eps_growth_yearly": 454.29
        },
        "20074": {
            "year_quarter": 20074,
            "year": 2007,
            "quarter": 4,
            "eps": -0.04,
            "eps_growth_year": null,
            "eps_4q": 0.13,
            "eps_4q_growth_year": null,
            "roe": -0.35,
            "roe_4q": 1.58,
            "gross_profit": 79012,
            "gross_margin": 6.66,
            "gross_margin_4q_avg": 6.98,
            "net_income": -15848,
            "revenue": 1187240,
            "common_shares": 4420794,
            "book_valuer_per_share": 9.54,
            "book_valuer_per_share_4q_avg": 9.44,
            "equity": 4722611,
            "current_ratio": 119.59,
            "debt_ratio": 41.15,
            "inventory_turnover_ratio": 1.3,
            "account_receivable_turnover_ratio": null,
            "reinvestment_rate": null,
            "research_to_sale_ratio": null,
            "price_fair": 12.95,
            "eps_avg_yearly": 0.37,
            "eps_latest_yearly": 0.52,
            "eps_growth_yearly": 647.86
        },
        "20081": {
            "year_quarter": 20081,
            "year": 2008,
            "quarter": 1,
            "eps": -0.12,
            "eps_growth_year": -1300,
            "eps_4q": 0.03,
            "eps_4q_growth_year": null,
            "roe": -0.81,
            "roe_4q": 0.6799999999999997,
            "gross_profit": 206795,
            "gross_margin": 11.08,
            "gross_margin_4q_avg": 8.17,
            "net_income": -37690,
            "revenue": 1865806,
            "common_shares": 4420794,
            "book_valuer_per_share": 9.36,
            "book_valuer_per_share_4q_avg": 9.47,
            "equity": 4624056,
            "current_ratio": 121.67,
            "debt_ratio": 40.17,
            "inventory_turnover_ratio": 1.89,
            "account_receivable_turnover_ratio": null,
            "reinvestment_rate": null,
            "research_to_sale_ratio": null,
            "price_fair": 10.73,
            "eps_avg_yearly": 0.31,
            "eps_latest_yearly": 0.52,
            "eps_growth_yearly": 623.81
        },
        "20082": {
            "year_quarter": 20082,
            "year": 2008,
            "quarter": 2,
            "eps": -0.12,
            "eps_growth_year": -400,
            "eps_4q": -0.13,
            "eps_4q_growth_year": null,
            "roe": -0.76,
            "roe_4q": -0.51,
            "gross_profit": 176443,
            "gross_margin": 10.16,
            "gross_margin_4q_avg": 8.66,
            "net_income": -35119,
            "revenue": 1736415,
            "common_shares": 4420794,
            "book_valuer_per_share": 9.29,
            "book_valuer_per_share_4q_avg": 9.43,
            "equity": 4637466,
            "current_ratio": 110.68,
            "debt_ratio": 36.92,
            "inventory_turnover_ratio": 1.8,
            "account_receivable_turnover_ratio": null,
            "reinvestment_rate": null,
            "research_to_sale_ratio": null,
            "price_fair": 11.9,
            "eps_avg_yearly": 0.34,
            "eps_latest_yearly": 0.52,
            "eps_growth_yearly": 1050
        },
        "20083": {
            "year_quarter": 20083,
            "year": 2008,
            "quarter": 3,
            "eps": -0.05,
            "eps_growth_year": -138.46,
            "eps_4q": -0.32,
            "eps_4q_growth_year": null,
            "roe": -0.31,
            "roe_4q": -2.23,
            "gross_profit": 208384,
            "gross_margin": 13.59,
            "gross_margin_4q_avg": 10.37,
            "net_income": -14573,
            "revenue": 1533906,
            "common_shares": 4420794,
            "book_valuer_per_share": 9.21,
            "book_valuer_per_share_4q_avg": 9.35,
            "equity": 4617377,
            "current_ratio": 115.7,
            "debt_ratio": 34.46,
            "inventory_turnover_ratio": 1.5,
            "account_receivable_turnover_ratio": null,
            "reinvestment_rate": null,
            "research_to_sale_ratio": null,
            "price_fair": 11.9,
            "eps_avg_yearly": 0.34,
            "eps_latest_yearly": 0.52,
            "eps_growth_yearly": 1050
        },
        "20084": {
            "year_quarter": 20084,
            "year": 2008,
            "quarter": 4,
            "eps": -1.2,
            "eps_growth_year": null,
            "eps_4q": -1.57,
            "eps_4q_growth_year": -1305.17,
            "roe": -12.19,
            "roe_4q": -14.07,
            "gross_profit": 150520,
            "gross_margin": 10.98,
            "gross_margin_4q_avg": 11.45,
            "net_income": -529179,
            "revenue": 1370311,
            "common_shares": 4420794,
            "book_valuer_per_share": 8.01,
            "book_valuer_per_share_4q_avg": 8.97,
            "equity": 4063818,
            "current_ratio": 128.83,
            "debt_ratio": 35.08,
            "inventory_turnover_ratio": 1.55,
            "account_receivable_turnover_ratio": 5,
            "reinvestment_rate": null,
            "research_to_sale_ratio": null,
            "price_fair": 11.9,
            "eps_avg_yearly": 0.34,
            "eps_latest_yearly": 0.52,
            "eps_growth_yearly": 1050
        },
        "20091": {
            "year_quarter": 20091,
            "year": 2009,
            "quarter": 1,
            "eps": 0.08,
            "eps_growth_year": null,
            "eps_4q": -1.05,
            "eps_4q_growth_year": -3667.75,
            "roe": 1.05,
            "roe_4q": -12.209999999999999,
            "gross_profit": 173678,
            "gross_margin": 14.58,
            "gross_margin_4q_avg": 12.33,
            "net_income": 43139,
            "revenue": 1191166,
            "common_shares": 4420794,
            "book_valuer_per_share": 8.08,
            "book_valuer_per_share_4q_avg": 8.65,
            "equity": 4120480,
            "current_ratio": 136.31,
            "debt_ratio": 34.8,
            "inventory_turnover_ratio": 1.66,
            "account_receivable_turnover_ratio": 2.06,
            "reinvestment_rate": null,
            "research_to_sale_ratio": null,
            "price_fair": 11.9,
            "eps_avg_yearly": 0.34,
            "eps_latest_yearly": 0.52,
            "eps_growth_yearly": 1050
        },
        "20092": {
            "year_quarter": 20092,
            "year": 2009,
            "quarter": 2,
            "eps": 0.03,
            "eps_growth_year": null,
            "eps_4q": -2.08,
            "eps_4q_growth_year": null,
            "roe": 0.18,
            "roe_4q": -11.27,
            "gross_profit": 166235,
            "gross_margin": 13.88,
            "gross_margin_4q_avg": 13.26,
            "net_income": 7314,
            "revenue": 1197846,
            "common_shares": 3540370,
            "book_valuer_per_share": 10.38,
            "book_valuer_per_share_4q_avg": 8.92,
            "equity": 4211414,
            "current_ratio": 157.13,
            "debt_ratio": 30.11,
            "inventory_turnover_ratio": 2.07,
            "account_receivable_turnover_ratio": 2.07,
            "reinvestment_rate": null,
            "research_to_sale_ratio": null,
            "price_fair": 9.33,
            "eps_avg_yearly": 0.27,
            "eps_latest_yearly": 0.12,
            "eps_growth_yearly": 616.67
        },
        "20093": {
            "year_quarter": 20093,
            "year": 2009,
            "quarter": 3,
            "eps": 0.04,
            "eps_growth_year": null,
            "eps_4q": -0.71,
            "eps_4q_growth_year": null,
            "roe": 0.63,
            "roe_4q": -10.33,
            "gross_profit": 218809,
            "gross_margin": 18.08,
            "gross_margin_4q_avg": 14.38,
            "net_income": 26455,
            "revenue": 1210428,
            "common_shares": 3540370,
            "book_valuer_per_share": 10.49,
            "book_valuer_per_share_4q_avg": 9.24,
            "equity": 4221034,
            "current_ratio": 158.75,
            "debt_ratio": 30.14,
            "inventory_turnover_ratio": 2.19,
            "account_receivable_turnover_ratio": 2.03,
            "reinvestment_rate": null,
            "research_to_sale_ratio": null,
            "price_fair": 8.4,
            "eps_avg_yearly": 0.24,
            "eps_latest_yearly": 0.16,
            "eps_growth_yearly": 495.83
        },
        "20094": {
            "year_quarter": 20094,
            "year": 2009,
            "quarter": 4,
            "eps": -0.05,
            "eps_growth_year": null,
            "eps_4q": 0.11,
            "eps_4q_growth_year": null,
            "roe": -0.32,
            "roe_4q": 1.54,
            "gross_profit": 188899,
            "gross_margin": 18.06,
            "gross_margin_4q_avg": 16.15,
            "net_income": -13293,
            "revenue": 1046065,
            "common_shares": 3540370,
            "book_valuer_per_share": 10.28,
            "book_valuer_per_share_4q_avg": 9.81,
            "equity": 4087199,
            "current_ratio": 166.42,
            "debt_ratio": 28.55,
            "inventory_turnover_ratio": 1.89,
            "account_receivable_turnover_ratio": 3.86,
            "reinvestment_rate": null,
            "research_to_sale_ratio": null,
            "price_fair": 8.4,
            "eps_avg_yearly": 0.24,
            "eps_latest_yearly": 0.16,
            "eps_growth_yearly": 495.83
        },
        "20101": {
            "year_quarter": 20101,
            "year": 2010,
            "quarter": 1,
            "eps": -0.02,
            "eps_growth_year": -125,
            "eps_4q": -0,
            "eps_4q_growth_year": null,
            "roe": -0.35,
            "roe_4q": 0.14000000000000007,
            "gross_profit": 178474,
            "gross_margin": 18.35,
            "gross_margin_4q_avg": 17.09,
            "net_income": -14365,
            "revenue": 972501,
            "common_shares": 3540370,
            "book_valuer_per_share": 10.23,
            "book_valuer_per_share_4q_avg": 10.35,
            "equity": 4132656,
            "current_ratio": 183.98,
            "debt_ratio": 26.65,
            "inventory_turnover_ratio": 1.76,
            "account_receivable_turnover_ratio": 1.83,
            "reinvestment_rate": null,
            "research_to_sale_ratio": 1.3,
            "price_fair": 8.4,
            "eps_avg_yearly": 0.24,
            "eps_latest_yearly": 0.16,
            "eps_growth_yearly": 495.83
        },
        "20102": {
            "year_quarter": 20102,
            "year": 2010,
            "quarter": 2,
            "eps": -0.02,
            "eps_growth_year": -157.67,
            "eps_4q": -0.05,
            "eps_4q_growth_year": null,
            "roe": 0.55,
            "roe_4q": 0.51,
            "gross_profit": 135734,
            "gross_margin": 13.48,
            "gross_margin_4q_avg": 16.99,
            "net_income": 22385,
            "revenue": 1007282,
            "common_shares": 3540370,
            "book_valuer_per_share": 10.08,
            "book_valuer_per_share_4q_avg": 10.27,
            "equity": 4012692,
            "current_ratio": 161.95,
            "debt_ratio": 30.03,
            "inventory_turnover_ratio": 1.79,
            "account_receivable_turnover_ratio": 1.68,
            "reinvestment_rate": null,
            "research_to_sale_ratio": 1.41,
            "price_fair": 8.4,
            "eps_avg_yearly": 0.24,
            "eps_latest_yearly": 0.16,
            "eps_growth_yearly": 495.83
        },
        "20103": {
            "year_quarter": 20103,
            "year": 2010,
            "quarter": 3,
            "eps": -0.15,
            "eps_growth_year": -469.82,
            "eps_4q": -0.24,
            "eps_4q_growth_year": null,
            "roe": -1.1,
            "roe_4q": -1.22,
            "gross_profit": 112685,
            "gross_margin": 12.4,
            "gross_margin_4q_avg": 15.57,
            "net_income": -44266,
            "revenue": 908392,
            "common_shares": 3540370,
            "book_valuer_per_share": 10.04,
            "book_valuer_per_share_4q_avg": 10.16,
            "equity": 4010320,
            "current_ratio": 177.98,
            "debt_ratio": 27.66,
            "inventory_turnover_ratio": 1.56,
            "account_receivable_turnover_ratio": 1.49,
            "reinvestment_rate": null,
            "research_to_sale_ratio": 6.12,
            "price_fair": 8.4,
            "eps_avg_yearly": 0.24,
            "eps_latest_yearly": 0.16,
            "eps_growth_yearly": 495.83
        },
        "20104": {
            "year_quarter": 20104,
            "year": 2010,
            "quarter": 4,
            "eps": -2.5,
            "eps_growth_year": null,
            "eps_4q": -2.69,
            "eps_4q_growth_year": -2449.33,
            "roe": -25.03,
            "roe_4q": -25.930000000000003,
            "gross_profit": 73554,
            "gross_margin": 9,
            "gross_margin_4q_avg": 13.31,
            "net_income": -878069,
            "revenue": 816917,
            "common_shares": 3540370,
            "book_valuer_per_share": 7.26,
            "book_valuer_per_share_4q_avg": 9.4,
            "equity": 3006906,
            "current_ratio": 185.44,
            "debt_ratio": 30.06,
            "inventory_turnover_ratio": 1.62,
            "account_receivable_turnover_ratio": 1.51,
            "reinvestment_rate": null,
            "research_to_sale_ratio": 4.38,
            "price_fair": 8.4,
            "eps_avg_yearly": 0.24,
            "eps_latest_yearly": 0.16,
            "eps_growth_yearly": 495.83
        },
        "20111": {
            "year_quarter": 20111,
            "year": 2011,
            "quarter": 1,
            "eps": -0.36,
            "eps_growth_year": null,
            "eps_4q": -3.03,
            "eps_4q_growth_year": null,
            "roe": -4.18,
            "roe_4q": -29.76,
            "gross_profit": 50747,
            "gross_margin": 6.85,
            "gross_margin_4q_avg": 10.43,
            "net_income": -124180,
            "revenue": 741288,
            "common_shares": 3540370,
            "book_valuer_per_share": 6.99,
            "book_valuer_per_share_4q_avg": 8.59,
            "equity": 2937156,
            "current_ratio": 182.41,
            "debt_ratio": 32.87,
            "inventory_turnover_ratio": 1.79,
            "account_receivable_turnover_ratio": 1.43,
            "reinvestment_rate": null,
            "research_to_sale_ratio": 3.06,
            "price_fair": 8.4,
            "eps_avg_yearly": 0.24,
            "eps_latest_yearly": 0.16,
            "eps_growth_yearly": 495.83
        },
        "20112": {
            "year_quarter": 20112,
            "year": 2011,
            "quarter": 2,
            "eps": 0.14,
            "eps_growth_year": null,
            "eps_4q": -2.88,
            "eps_4q_growth_year": null,
            "roe": 1.51,
            "roe_4q": -28.800000000000004,
            "gross_profit": 66769,
            "gross_margin": 12.57,
            "gross_margin_4q_avg": 10.21,
            "net_income": 44229,
            "revenue": 531323,
            "common_shares": 3540370,
            "book_valuer_per_share": 7.08,
            "book_valuer_per_share_4q_avg": 7.84,
            "equity": 2937374,
            "current_ratio": 301.87,
            "debt_ratio": 22.76,
            "inventory_turnover_ratio": 1.85,
            "account_receivable_turnover_ratio": 1.32,
            "reinvestment_rate": null,
            "research_to_sale_ratio": 4.33,
            "price_fair": 9.33,
            "eps_avg_yearly": 0.27,
            "eps_latest_yearly": 0.16,
            "eps_growth_yearly": 261.11
        },
        "20113": {
            "year_quarter": 20113,
            "year": 2011,
            "quarter": 3,
            "eps": 0.28,
            "eps_growth_year": null,
            "eps_4q": -2.45,
            "eps_4q_growth_year": null,
            "roe": 3.03,
            "roe_4q": -24.67,
            "gross_profit": 50824,
            "gross_margin": 10.13,
            "gross_margin_4q_avg": 9.64,
            "net_income": 91568,
            "revenue": 501612,
            "common_shares": 3540370,
            "book_valuer_per_share": 7.53,
            "book_valuer_per_share_4q_avg": 7.22,
            "equity": 3111069,
            "current_ratio": 246.54,
            "debt_ratio": 21.92,
            "inventory_turnover_ratio": 3.4,
            "account_receivable_turnover_ratio": 1.35,
            "reinvestment_rate": null,
            "research_to_sale_ratio": 3.8,
            "price_fair": 16.33,
            "eps_avg_yearly": 0.47,
            "eps_latest_yearly": 1.12,
            "eps_growth_yearly": 94.44
        },
        "20114": {
            "year_quarter": 20114,
            "year": 2011,
            "quarter": 4,
            "eps": -0.39,
            "eps_growth_year": null,
            "eps_4q": -0.34,
            "eps_4q_growth_year": null,
            "roe": -5.21,
            "roe_4q": -4.85,
            "gross_profit": 51833,
            "gross_margin": 16.69,
            "gross_margin_4q_avg": 11.56,
            "net_income": -156628,
            "revenue": 310610,
            "common_shares": 3540370,
            "book_valuer_per_share": 7.03,
            "book_valuer_per_share_4q_avg": 7.16,
            "equity": 2901502,
            "current_ratio": 346.95,
            "debt_ratio": 17.8,
            "inventory_turnover_ratio": 2.58,
            "account_receivable_turnover_ratio": 0.8,
            "reinvestment_rate": null,
            "research_to_sale_ratio": 9.2,
            "price_fair": 16.33,
            "eps_avg_yearly": 0.47,
            "eps_latest_yearly": 1.12,
            "eps_growth_yearly": 94.44
        },
        "20121": {
            "year_quarter": 20121,
            "year": 2012,
            "quarter": 1,
            "eps": -0.06,
            "eps_growth_year": null,
            "eps_4q": -0.04,
            "eps_4q_growth_year": null,
            "roe": -0.82,
            "roe_4q": -1.4900000000000004,
            "gross_profit": 31977,
            "gross_margin": 12.19,
            "gross_margin_4q_avg": 12.9,
            "net_income": -23784,
            "revenue": 262273,
            "common_shares": 3540370,
            "book_valuer_per_share": 7.17,
            "book_valuer_per_share_4q_avg": 7.2,
            "equity": 2864723,
            "current_ratio": 464.97,
            "debt_ratio": 11.57,
            "inventory_turnover_ratio": 3.27,
            "account_receivable_turnover_ratio": 0.92,
            "reinvestment_rate": null,
            "research_to_sale_ratio": 6.19,
            "price_fair": 16.33,
            "eps_avg_yearly": 0.47,
            "eps_latest_yearly": 1.12,
            "eps_growth_yearly": 94.44
        },
        "20122": {
            "year_quarter": 20122,
            "year": 2012,
            "quarter": 2,
            "eps": -0.08,
            "eps_growth_year": -159.22,
            "eps_4q": -0.25,
            "eps_4q_growth_year": null,
            "roe": -1.09,
            "roe_4q": -4.09,
            "gross_profit": 41721,
            "gross_margin": 15.52,
            "gross_margin_4q_avg": 13.63,
            "net_income": -30929,
            "revenue": 268766,
            "common_shares": 3540370,
            "book_valuer_per_share": 7.06,
            "book_valuer_per_share_4q_avg": 7.2,
            "equity": 2822032,
            "current_ratio": 638.01,
            "debt_ratio": 8.84,
            "inventory_turnover_ratio": 4.79,
            "account_receivable_turnover_ratio": 1.17,
            "reinvestment_rate": null,
            "research_to_sale_ratio": 5.69,
            "price_fair": 16.33,
            "eps_avg_yearly": 0.47,
            "eps_latest_yearly": 1.12,
            "eps_growth_yearly": 94.44
        },
        "20123": {
            "year_quarter": 20123,
            "year": 2012,
            "quarter": 3,
            "eps": -0.07,
            "eps_growth_year": -124.37,
            "eps_4q": -0.6,
            "eps_4q_growth_year": null,
            "roe": -1.08,
            "roe_4q": -8.2,
            "gross_profit": -7431,
            "gross_margin": -5.1,
            "gross_margin_4q_avg": 9.83,
            "net_income": -30041,
            "revenue": 145775,
            "common_shares": 3540370,
            "book_valuer_per_share": 6.86,
            "book_valuer_per_share_4q_avg": 7.03,
            "equity": 2740970,
            "current_ratio": 1001.32,
            "debt_ratio": 5.98,
            "inventory_turnover_ratio": 4.52,
            "account_receivable_turnover_ratio": 0.84,
            "reinvestment_rate": null,
            "research_to_sale_ratio": 9.69,
            "price_fair": 16.33,
            "eps_avg_yearly": 0.47,
            "eps_latest_yearly": 1.12,
            "eps_growth_yearly": 94.44
        },
        "20124": {
            "year_quarter": 20124,
            "year": 2012,
            "quarter": 4,
            "eps": -2.76,
            "eps_growth_year": null,
            "eps_4q": -2.97,
            "eps_4q_growth_year": null,
            "roe": -49.34,
            "roe_4q": -52.330000000000005,
            "gross_profit": 32635,
            "gross_margin": 20.73,
            "gross_margin_4q_avg": 10.84,
            "net_income": -1087167,
            "revenue": 157417,
            "common_shares": 3540370,
            "book_valuer_per_share": 4.12,
            "book_valuer_per_share_4q_avg": 6.3,
            "equity": 1666160,
            "current_ratio": 215.71,
            "debt_ratio": 27.39,
            "inventory_turnover_ratio": 4.5,
            "account_receivable_turnover_ratio": 1.45,
            "reinvestment_rate": null,
            "research_to_sale_ratio": 10.32,
            "price_fair": 16.33,
            "eps_avg_yearly": 0.47,
            "eps_latest_yearly": 1.12,
            "eps_growth_yearly": 94.44
        },
        "20131": {
            "year_quarter": 20131,
            "year": 2013,
            "quarter": 1,
            "eps": -0.12,
            "eps_growth_year": null,
            "eps_4q": -3.03,
            "eps_4q_growth_year": null,
            "roe": -2.79,
            "roe_4q": -54.300000000000004,
            "gross_profit": 14409,
            "gross_margin": 12.74,
            "gross_margin_4q_avg": 10.97,
            "net_income": -46051,
            "revenue": 113145,
            "common_shares": 3540370,
            "book_valuer_per_share": 4.05,
            "book_valuer_per_share_4q_avg": 5.52,
            "equity": 1639708,
            "current_ratio": 712.39,
            "debt_ratio": 29.1,
            "inventory_turnover_ratio": 3.94,
            "account_receivable_turnover_ratio": 1.23,
            "reinvestment_rate": null,
            "research_to_sale_ratio": 8.03,
            "price_fair": 16.33,
            "eps_avg_yearly": 0.47,
            "eps_latest_yearly": 1.12,
            "eps_growth_yearly": 94.44
        },
        "20132": {
            "year_quarter": 20132,
            "year": 2013,
            "quarter": 2,
            "eps": -0.02,
            "eps_growth_year": null,
            "eps_4q": -2.97,
            "eps_4q_growth_year": null,
            "roe": -0.37,
            "roe_4q": -53.58,
            "gross_profit": 33403,
            "gross_margin": 23.85,
            "gross_margin_4q_avg": 13.06,
            "net_income": -6095,
            "revenue": 140065,
            "common_shares": 3540370,
            "book_valuer_per_share": 4.06,
            "book_valuer_per_share_4q_avg": 4.77,
            "equity": 1648982,
            "current_ratio": 868.97,
            "debt_ratio": 27.85,
            "inventory_turnover_ratio": 3.39,
            "account_receivable_turnover_ratio": 1.54,
            "reinvestment_rate": null,
            "research_to_sale_ratio": 6.05,
            "price_fair": 22.4,
            "eps_avg_yearly": 0.64,
            "eps_latest_yearly": 1.12,
            "eps_growth_yearly": 266.67
        },
        "20133": {
            "year_quarter": 20133,
            "year": 2013,
            "quarter": 3,
            "eps": 0.03,
            "eps_growth_year": null,
            "eps_4q": -7.03,
            "eps_4q_growth_year": null,
            "roe": 0.6,
            "roe_4q": -51.900000000000006,
            "gross_profit": 12889,
            "gross_margin": 8.96,
            "gross_margin_4q_avg": 16.57,
            "net_income": 9960,
            "revenue": 143896,
            "common_shares": 1456870,
            "book_valuer_per_share": 9.94,
            "book_valuer_per_share_4q_avg": 5.54,
            "equity": 1664751,
            "current_ratio": 450.11,
            "debt_ratio": 33.9,
            "inventory_turnover_ratio": 3.33,
            "account_receivable_turnover_ratio": 1.35,
            "reinvestment_rate": null,
            "research_to_sale_ratio": 6.28,
            "price_fair": 39.2,
            "eps_avg_yearly": 1.12,
            "eps_latest_yearly": 1.12,
            "eps_growth_yearly": 400
        },
        "20134": {
            "year_quarter": 20134,
            "year": 2013,
            "quarter": 4,
            "eps": 4.71,
            "eps_growth_year": null,
            "eps_4q": 4.4,
            "eps_4q_growth_year": null,
            "roe": 38.79,
            "roe_4q": 36.230000000000004,
            "gross_profit": 2724,
            "gross_margin": 2.29,
            "gross_margin_4q_avg": 11.96,
            "net_income": 810193,
            "revenue": 119129,
            "common_shares": 1456870,
            "book_valuer_per_share": 14.86,
            "book_valuer_per_share_4q_avg": 8.23,
            "equity": 2512879,
            "current_ratio": 1203.53,
            "debt_ratio": 9.66,
            "inventory_turnover_ratio": 3.9,
            "account_receivable_turnover_ratio": 1.43,
            "reinvestment_rate": null,
            "research_to_sale_ratio": 6.04,
            "price_fair": 349.3,
            "eps_avg_yearly": 9.98,
            "eps_latest_yearly": 18.84,
            "eps_growth_yearly": 31400
        },
        "20141": {
            "year_quarter": 20141,
            "year": 2014,
            "quarter": 1,
            "eps": -0.07,
            "eps_growth_year": null,
            "eps_4q": 4.61,
            "eps_4q_growth_year": null,
            "roe": -0.27,
            "roe_4q": 38.75,
            "gross_profit": 24859,
            "gross_margin": 26.22,
            "gross_margin_4q_avg": 15.33,
            "net_income": -6884,
            "revenue": 94818,
            "common_shares": 1456870,
            "book_valuer_per_share": 14.97,
            "book_valuer_per_share_4q_avg": 10.96,
            "equity": 2537918,
            "current_ratio": 1484.4,
            "debt_ratio": 9,
            "inventory_turnover_ratio": 3.89,
            "account_receivable_turnover_ratio": 1.92,
            "reinvestment_rate": null,
            "research_to_sale_ratio": 3.25,
            "price_fair": 349.3,
            "eps_avg_yearly": 9.98,
            "eps_latest_yearly": 18.84,
            "eps_growth_yearly": 31400
        },
        "20142": {
            "year_quarter": 20142,
            "year": 2014,
            "quarter": 2,
            "eps": -0.51,
            "eps_growth_year": null,
            "eps_4q": 4.18,
            "eps_4q_growth_year": null,
            "roe": -3.03,
            "roe_4q": 36.09,
            "gross_profit": 16413,
            "gross_margin": 18.51,
            "gross_margin_4q_avg": 14,
            "net_income": -73584,
            "revenue": 88660,
            "common_shares": 1456870,
            "book_valuer_per_share": 15.23,
            "book_valuer_per_share_4q_avg": 13.75,
            "equity": 2313078,
            "current_ratio": 988.47,
            "debt_ratio": 12.01,
            "inventory_turnover_ratio": 3.53,
            "account_receivable_turnover_ratio": 1.54,
            "reinvestment_rate": null,
            "research_to_sale_ratio": 6.14,
            "price_fair": 349.3,
            "eps_avg_yearly": 9.98,
            "eps_latest_yearly": 18.84,
            "eps_growth_yearly": 31400
        },
        "20143": {
            "year_quarter": 20143,
            "year": 2014,
            "quarter": 3,
            "eps": -0.19,
            "eps_growth_year": -733.33,
            "eps_4q": 3.95,
            "eps_4q_growth_year": null,
            "roe": -1.46,
            "roe_4q": 34.03,
            "gross_profit": 19703,
            "gross_margin": 26.46,
            "gross_margin_4q_avg": 18.37,
            "net_income": -33459,
            "revenue": 74471,
            "common_shares": 1456870,
            "book_valuer_per_share": 15,
            "book_valuer_per_share_4q_avg": 15.02,
            "equity": 2277476,
            "current_ratio": 848.18,
            "debt_ratio": 13.88,
            "inventory_turnover_ratio": 1.06,
            "account_receivable_turnover_ratio": 1.28,
            "reinvestment_rate": null,
            "research_to_sale_ratio": 3.93,
            "price_fair": 349.3,
            "eps_avg_yearly": 9.98,
            "eps_latest_yearly": 18.84,
            "eps_growth_yearly": 31400
        },
        "20144": {
            "year_quarter": 20144,
            "year": 2014,
            "quarter": 4,
            "eps": -0.1,
            "eps_growth_year": -102.03,
            "eps_4q": -0.86,
            "eps_4q_growth_year": -119.46,
            "roe": -0.62,
            "roe_4q": -5.379999999999999,
            "gross_profit": -8336,
            "gross_margin": -9.32,
            "gross_margin_4q_avg": 15.47,
            "net_income": -14119,
            "revenue": 89411,
            "common_shares": 1456870,
            "book_valuer_per_share": 15.12,
            "book_valuer_per_share_4q_avg": 15.08,
            "equity": 2271477,
            "current_ratio": 683.32,
            "debt_ratio": 14.36,
            "inventory_turnover_ratio": 1.03,
            "account_receivable_turnover_ratio": 2.33,
            "reinvestment_rate": null,
            "research_to_sale_ratio": 3.18,
            "price_fair": 349.3,
            "eps_avg_yearly": 9.98,
            "eps_latest_yearly": 18.84,
            "eps_growth_yearly": 31400
        },
        "20151": {
            "year_quarter": 20151,
            "year": 2015,
            "quarter": 1,
            "eps": -0.53,
            "eps_growth_year": null,
            "eps_4q": -1.32,
            "eps_4q_growth_year": -128.62,
            "roe": -3.57,
            "roe_4q": -8.68,
            "gross_profit": -3884,
            "gross_margin": -6.14,
            "gross_margin_4q_avg": 7.38,
            "net_income": -78880,
            "revenue": 63255,
            "common_shares": 1456870,
            "book_valuer_per_share": 14.3,
            "book_valuer_per_share_4q_avg": 14.91,
            "equity": 2149243,
            "current_ratio": 663.84,
            "debt_ratio": 14.46,
            "inventory_turnover_ratio": 0.44,
            "account_receivable_turnover_ratio": 2.19,
            "reinvestment_rate": null,
            "research_to_sale_ratio": 5.75,
            "price_fair": 349.3,
            "eps_avg_yearly": 9.98,
            "eps_latest_yearly": 18.84,
            "eps_growth_yearly": 31400
        },
        "20152": {
            "year_quarter": 20152,
            "year": 2015,
            "quarter": 2,
            "eps": -0.29,
            "eps_growth_year": null,
            "eps_4q": -1.12,
            "eps_4q_growth_year": -126.7,
            "roe": -2.08,
            "roe_4q": -7.73,
            "gross_profit": -17607,
            "gross_margin": -16.61,
            "gross_margin_4q_avg": -1.4,
            "net_income": -44166,
            "revenue": 106011,
            "common_shares": 1456870,
            "book_valuer_per_share": 13.95,
            "book_valuer_per_share_4q_avg": 14.59,
            "equity": 2096539,
            "current_ratio": 798.17,
            "debt_ratio": 12.33,
            "inventory_turnover_ratio": 0.73,
            "account_receivable_turnover_ratio": 2.82,
            "reinvestment_rate": null,
            "research_to_sale_ratio": 3.64,
            "price_fair": 349.3,
            "eps_avg_yearly": 9.98,
            "eps_latest_yearly": 18.84,
            "eps_growth_yearly": 31400
        },
        "20153": {
            "year_quarter": 20153,
            "year": 2015,
            "quarter": 3,
            "eps": -0.5,
            "eps_growth_year": null,
            "eps_4q": -1.42,
            "eps_4q_growth_year": -135.94,
            "roe": -3.59,
            "roe_4q": -9.86,
            "gross_profit": -10435,
            "gross_margin": -6.39,
            "gross_margin_4q_avg": -9.62,
            "net_income": -74553,
            "revenue": 163346,
            "common_shares": 1456870,
            "book_valuer_per_share": 13.65,
            "book_valuer_per_share_4q_avg": 14.26,
            "equity": 2052845,
            "current_ratio": 767.64,
            "debt_ratio": 12.73,
            "inventory_turnover_ratio": 1.52,
            "account_receivable_turnover_ratio": 2.51,
            "reinvestment_rate": null,
            "research_to_sale_ratio": 1.9,
            "price_fair": 659.4,
            "eps_avg_yearly": 18.84,
            "eps_latest_yearly": 18.84,
            "eps_growth_yearly": 62400
        },
        "20154": {
            "year_quarter": 20154,
            "year": 2015,
            "quarter": 4,
            "eps": -0.32,
            "eps_growth_year": null,
            "eps_4q": -1.65,
            "eps_4q_growth_year": null,
            "roe": -2.3,
            "roe_4q": -11.54,
            "gross_profit": -24451,
            "gross_margin": -16.87,
            "gross_margin_4q_avg": -11.5,
            "net_income": -46462,
            "revenue": 144976,
            "common_shares": 1456870,
            "book_valuer_per_share": 13.19,
            "book_valuer_per_share_4q_avg": 13.77,
            "equity": 1983843,
            "current_ratio": 848.2,
            "debt_ratio": 10.01,
            "inventory_turnover_ratio": 1.38,
            "account_receivable_turnover_ratio": 1.29,
            "reinvestment_rate": null,
            "research_to_sale_ratio": 2.62,
            "price_fair": 659.4,
            "eps_avg_yearly": 18.84,
            "eps_latest_yearly": 18.84,
            "eps_growth_yearly": 62400
        },
        "20161": {
            "year_quarter": 20161,
            "year": 2016,
            "quarter": 1,
            "eps": -0.32,
            "eps_growth_year": null,
            "eps_4q": -1.44,
            "eps_4q_growth_year": null,
            "roe": -2.4,
            "roe_4q": -10.37,
            "gross_profit": -7578,
            "gross_margin": -5.92,
            "gross_margin_4q_avg": -11.45,
            "net_income": -47007,
            "revenue": 128035,
            "common_shares": 1456870,
            "book_valuer_per_share": 12.84,
            "book_valuer_per_share_4q_avg": 13.41,
            "equity": 1933035,
            "current_ratio": 602.78,
            "debt_ratio": 12.81,
            "inventory_turnover_ratio": 0.77,
            "account_receivable_turnover_ratio": 1.15,
            "reinvestment_rate": null,
            "research_to_sale_ratio": 3.93,
            "price_fair": 659.4,
            "eps_avg_yearly": 18.84,
            "eps_latest_yearly": 18.84,
            "eps_growth_yearly": 62400
        },
        "20162": {
            "year_quarter": 20162,
            "year": 2016,
            "quarter": 2,
            "eps": -0.45,
            "eps_growth_year": null,
            "eps_4q": -1.59,
            "eps_4q_growth_year": null,
            "roe": -3.5,
            "roe_4q": -11.79,
            "gross_profit": -21068,
            "gross_margin": -15.75,
            "gross_margin_4q_avg": -11.23,
            "net_income": -65932,
            "revenue": 133735,
            "common_shares": 1456870,
            "book_valuer_per_share": 12.18,
            "book_valuer_per_share_4q_avg": 12.97,
            "equity": 1833308,
            "current_ratio": 710.82,
            "debt_ratio": 11.22,
            "inventory_turnover_ratio": 0.98,
            "account_receivable_turnover_ratio": 1.61,
            "reinvestment_rate": null,
            "research_to_sale_ratio": 4.91,
            "price_fair": 659.4,
            "eps_avg_yearly": 18.84,
            "eps_latest_yearly": 18.84,
            "eps_growth_yearly": 62400
        },
        "20163": {
            "year_quarter": 20163,
            "year": 2016,
            "quarter": 3,
            "eps": -0.42,
            "eps_growth_year": null,
            "eps_4q": -1.51,
            "eps_4q_growth_year": null,
            "roe": -3.43,
            "roe_4q": -11.629999999999999,
            "gross_profit": -18989,
            "gross_margin": -12.92,
            "gross_margin_4q_avg": -12.87,
            "net_income": -61417,
            "revenue": 146954,
            "common_shares": 1456870,
            "book_valuer_per_share": 11.59,
            "book_valuer_per_share_4q_avg": 12.45,
            "equity": 1745288,
            "current_ratio": 611.47,
            "debt_ratio": 12.34,
            "inventory_turnover_ratio": 1.57,
            "account_receivable_turnover_ratio": 1.65,
            "reinvestment_rate": null,
            "research_to_sale_ratio": 4.68,
            "price_fair": 659.4,
            "eps_avg_yearly": 18.84,
            "eps_latest_yearly": 18.84,
            "eps_growth_yearly": 62400
        },
        "20164": {
            "year_quarter": 20164,
            "year": 2016,
            "quarter": 4,
            "eps": -0.34,
            "eps_growth_year": null,
            "eps_4q": -1.53,
            "eps_4q_growth_year": null,
            "roe": -2.87,
            "roe_4q": -12.200000000000001,
            "gross_profit": 1510,
            "gross_margin": 0.74,
            "gross_margin_4q_avg": -8.46,
            "net_income": -49004,
            "revenue": 205256,
            "common_shares": 1456870,
            "book_valuer_per_share": 11.06,
            "book_valuer_per_share_4q_avg": 11.92,
            "equity": 1666964,
            "current_ratio": 433.67,
            "debt_ratio": 14.6,
            "inventory_turnover_ratio": 2.2,
            "account_receivable_turnover_ratio": 1.84,
            "reinvestment_rate": -2774.01,
            "research_to_sale_ratio": 3.49,
            "price_fair": 659.4,
            "eps_avg_yearly": 18.84,
            "eps_latest_yearly": 18.84,
            "eps_growth_yearly": 62400
        },
        "20171": {
            "year_quarter": 20171,
            "year": 2017,
            "quarter": 1,
            "eps": -0.39,
            "eps_growth_year": null,
            "eps_4q": -1.6,
            "eps_4q_growth_year": null,
            "roe": -3.61,
            "roe_4q": -13.41,
            "gross_profit": -4425,
            "gross_margin": -2.89,
            "gross_margin_4q_avg": -7.71,
            "net_income": -58425,
            "revenue": 153211,
            "common_shares": 1456870,
            "book_valuer_per_share": 10.41,
            "book_valuer_per_share_4q_avg": 11.31,
            "equity": 1569336,
            "current_ratio": 411.53,
            "debt_ratio": 14.84,
            "inventory_turnover_ratio": 1.31,
            "account_receivable_turnover_ratio": 1.47,
            "reinvestment_rate": -703.2,
            "research_to_sale_ratio": 3.9,
            "price_fair": 659.4,
            "eps_avg_yearly": 18.84,
            "eps_latest_yearly": 18.84,
            "eps_growth_yearly": 62400
        },
        "20172": {
            "year_quarter": 20172,
            "year": 2017,
            "quarter": 2,
            "eps": -0.45,
            "eps_growth_year": null,
            "eps_4q": -1.6,
            "eps_4q_growth_year": null,
            "roe": -4.29,
            "roe_4q": -14.2,
            "gross_profit": -16792,
            "gross_margin": -8.7,
            "gross_margin_4q_avg": -5.94,
            "net_income": -66249,
            "revenue": 193050,
            "common_shares": 1456870,
            "book_valuer_per_share": 10.13,
            "book_valuer_per_share_4q_avg": 10.8,
            "equity": 1521199,
            "current_ratio": 334.35,
            "debt_ratio": 18.51,
            "inventory_turnover_ratio": 1.02,
            "account_receivable_turnover_ratio": 1.66,
            "reinvestment_rate": null,
            "research_to_sale_ratio": 2.52,
            "price_fair": 659.4,
            "eps_avg_yearly": 18.84,
            "eps_latest_yearly": 18.84,
            "eps_growth_yearly": 62400
        },
        "20173": {
            "year_quarter": 20173,
            "year": 2017,
            "quarter": 3,
            "eps": -0.55,
            "eps_growth_year": null,
            "eps_4q": -1.73,
            "eps_4q_growth_year": null,
            "roe": -5.49,
            "roe_4q": -16.26,
            "gross_profit": -31560,
            "gross_margin": -16.2,
            "gross_margin_4q_avg": -6.76,
            "net_income": -81517,
            "revenue": 194794,
            "common_shares": 1456870,
            "book_valuer_per_share": 9.65,
            "book_valuer_per_share_4q_avg": 10.31,
            "equity": 1450216,
            "current_ratio": 337.5,
            "debt_ratio": 18.1,
            "inventory_turnover_ratio": 0.91,
            "account_receivable_turnover_ratio": 1.25,
            "reinvestment_rate": null,
            "research_to_sale_ratio": 2.45,
            "price_fair": 659.4,
            "eps_avg_yearly": 18.84,
            "eps_latest_yearly": 18.84,
            "eps_growth_yearly": 62400
        },
        "20174": {
            "year_quarter": 20174,
            "year": 2017,
            "quarter": 4,
            "eps": -0.47,
            "eps_growth_year": null,
            "eps_4q": -1.86,
            "eps_4q_growth_year": null,
            "roe": -4.76,
            "roe_4q": -18.15,
            "gross_profit": -1495,
            "gross_margin": -0.61,
            "gross_margin_4q_avg": -7.1,
            "net_income": -68917,
            "revenue": 244311,
            "common_shares": 1456870,
            "book_valuer_per_share": 9.6,
            "book_valuer_per_share_4q_avg": 9.95,
            "equity": 1443555,
            "current_ratio": 262.98,
            "debt_ratio": 21.65,
            "inventory_turnover_ratio": 0.96,
            "account_receivable_turnover_ratio": 1.28,
            "reinvestment_rate": null,
            "research_to_sale_ratio": 1.97,
            "price_fair": 0,
            "eps_avg_yearly": 0,
            "eps_latest_yearly": 0,
            "eps_growth_yearly": 0
        },
        "20181": {
            "year_quarter": 20181,
            "year": 2018,
            "quarter": 1,
            "eps": -0.25,
            "eps_growth_year": null,
            "eps_4q": -1.71,
            "eps_4q_growth_year": null,
            "roe": -2.55,
            "roe_4q": -17.09,
            "gross_profit": 34769,
            "gross_margin": 11.36,
            "gross_margin_4q_avg": -3.54,
            "net_income": -36473,
            "revenue": 306166,
            "common_shares": 1456870,
            "book_valuer_per_share": 9.4,
            "book_valuer_per_share_4q_avg": 9.7,
            "equity": 1413973,
            "current_ratio": 250.63,
            "debt_ratio": 25.62,
            "inventory_turnover_ratio": 1.14,
            "account_receivable_turnover_ratio": 1.3,
            "reinvestment_rate": null,
            "research_to_sale_ratio": 1.04,
            "price_fair": 0,
            "eps_avg_yearly": 0,
            "eps_latest_yearly": 0,
            "eps_growth_yearly": 0
        },
        "20182": {
            "year_quarter": 20182,
            "year": 2018,
            "quarter": 2,
            "eps": -0.75,
            "eps_growth_year": null,
            "eps_4q": -2.02,
            "eps_4q_growth_year": null,
            "roe": -8.29,
            "roe_4q": -21.09,
            "gross_profit": -24951,
            "gross_margin": -8.62,
            "gross_margin_4q_avg": -3.52,
            "net_income": -111975,
            "revenue": 289400,
            "common_shares": 1456870,
            "book_valuer_per_share": 8.56,
            "book_valuer_per_share_4q_avg": 9.3,
            "equity": 1288009,
            "current_ratio": 186.96,
            "debt_ratio": 35.57,
            "inventory_turnover_ratio": 0.98,
            "account_receivable_turnover_ratio": 1.4,
            "reinvestment_rate": null,
            "research_to_sale_ratio": 0.94,
            "price_fair": 0,
            "eps_avg_yearly": 0,
            "eps_latest_yearly": 0,
            "eps_growth_yearly": 0
        },
        "20183": {
            "year_quarter": 20183,
            "year": 2018,
            "quarter": 3,
            "eps": -0.95,
            "eps_growth_year": null,
            "eps_4q": -2.41,
            "eps_4q_growth_year": null,
            "roe": -11.46,
            "roe_4q": -27.060000000000002,
            "gross_profit": -1243,
            "gross_margin": -0.29,
            "gross_margin_4q_avg": 0.46,
            "net_income": -139092,
            "revenue": 423056,
            "common_shares": 1456870,
            "book_valuer_per_share": 7.55,
            "book_valuer_per_share_4q_avg": 8.78,
            "equity": 1138977,
            "current_ratio": 166.44,
            "debt_ratio": 41.62,
            "inventory_turnover_ratio": 1.22,
            "account_receivable_turnover_ratio": 2.22,
            "reinvestment_rate": null,
            "research_to_sale_ratio": 0.32,
            "price_fair": 0,
            "eps_avg_yearly": 0,
            "eps_latest_yearly": 0,
            "eps_growth_yearly": 0
        },
        "20184": {
            "year_quarter": 20184,
            "year": 2018,
            "quarter": 4,
            "eps": -0.72,
            "eps_growth_year": null,
            "eps_4q": -2.67,
            "eps_4q_growth_year": null,
            "roe": -9.82,
            "roe_4q": -32.12,
            "gross_profit": 2945,
            "gross_margin": 1.75,
            "gross_margin_4q_avg": 1.05,
            "net_income": -106504,
            "revenue": 168236,
            "common_shares": 1456870,
            "book_valuer_per_share": 6.82,
            "book_valuer_per_share_4q_avg": 8.08,
            "equity": 1030896,
            "current_ratio": 168.59,
            "debt_ratio": 46.19,
            "inventory_turnover_ratio": 0.6,
            "account_receivable_turnover_ratio": 1.09,
            "reinvestment_rate": null,
            "research_to_sale_ratio": 0.88,
            "price_fair": 0,
            "eps_avg_yearly": 0,
            "eps_latest_yearly": 0,
            "eps_growth_yearly": 0
        },
        "20191": {
            "year_quarter": 20191,
            "year": 2019,
            "quarter": 1,
            "eps": -0.64,
            "eps_growth_year": null,
            "eps_4q": -3.06,
            "eps_4q_growth_year": null,
            "roe": -9.51,
            "roe_4q": -39.08,
            "gross_profit": -32899,
            "gross_margin": -21.65,
            "gross_margin_4q_avg": -7.2,
            "net_income": -93837,
            "revenue": 151983,
            "common_shares": 1456870,
            "book_valuer_per_share": 6.22,
            "book_valuer_per_share_4q_avg": 7.29,
            "equity": 943094,
            "current_ratio": 150.32,
            "debt_ratio": 49.58,
            "inventory_turnover_ratio": 0.61,
            "account_receivable_turnover_ratio": 2.09,
            "reinvestment_rate": null,
            "research_to_sale_ratio": 0.59,
            "price_fair": 0,
            "eps_avg_yearly": 0,
            "eps_latest_yearly": 0,
            "eps_growth_yearly": 0
        },
        "20192": {
            "year_quarter": 20192,
            "year": 2019,
            "quarter": 2,
            "eps": -0.33,
            "eps_growth_year": null,
            "eps_4q": -2.64,
            "eps_4q_growth_year": null,
            "roe": -5.19,
            "roe_4q": -35.980000000000004,
            "gross_profit": -21337,
            "gross_margin": -10.32,
            "gross_margin_4q_avg": -7.63,
            "net_income": -47849,
            "revenue": 206737,
            "common_shares": 1456870,
            "book_valuer_per_share": 5.92,
            "book_valuer_per_share_4q_avg": 6.63,
            "equity": 899852,
            "current_ratio": 141.44,
            "debt_ratio": 54.79,
            "inventory_turnover_ratio": 0.74,
            "account_receivable_turnover_ratio": 4.05,
            "reinvestment_rate": null,
            "research_to_sale_ratio": 0.27,
            "price_fair": 0,
            "eps_avg_yearly": 0,
            "eps_latest_yearly": 0,
            "eps_growth_yearly": 0
        },
        "20193": {
            "year_quarter": 20193,
            "year": 2019,
            "quarter": 3,
            "eps": -0.46,
            "eps_growth_year": null,
            "eps_4q": -2.15,
            "eps_4q_growth_year": null,
            "roe": -7.95,
            "roe_4q": -32.47,
            "gross_profit": -68689,
            "gross_margin": -49.81,
            "gross_margin_4q_avg": -20.01,
            "net_income": -67825,
            "revenue": 137908,
            "common_shares": 1456870,
            "book_valuer_per_share": 5.38,
            "book_valuer_per_share_4q_avg": 6.09,
            "equity": 805895,
            "current_ratio": 125.11,
            "debt_ratio": 60.03,
            "inventory_turnover_ratio": 0.68,
            "account_receivable_turnover_ratio": 2.41,
            "reinvestment_rate": null,
            "research_to_sale_ratio": 0,
            "price_fair": 0,
            "eps_avg_yearly": 0,
            "eps_latest_yearly": 0,
            "eps_growth_yearly": 0
        },
        "20194": {
            "year_quarter": 20194,
            "year": 2019,
            "quarter": 4,
            "eps": -0.47,
            "eps_growth_year": null,
            "eps_4q": -1.9,
            "eps_4q_growth_year": null,
            "roe": -8,
            "roe_4q": -30.65,
            "gross_profit": 4273,
            "gross_margin": 2.21,
            "gross_margin_4q_avg": -19.89,
            "net_income": -69334,
            "revenue": 193719,
            "common_shares": 1456870,
            "book_valuer_per_share": 6.13,
            "book_valuer_per_share_4q_avg": 5.91,
            "equity": 926958,
            "current_ratio": 190,
            "debt_ratio": 30.18,
            "inventory_turnover_ratio": 0.87,
            "account_receivable_turnover_ratio": 2.23,
            "reinvestment_rate": null,
            "research_to_sale_ratio": 0,
            "price_fair": 0,
            "eps_avg_yearly": 0,
            "eps_latest_yearly": 0,
            "eps_growth_yearly": 0
        },
        "20201": {
            "year_quarter": 20201,
            "year": 2020,
            "quarter": 1,
            "eps": -0.45,
            "eps_growth_year": null,
            "eps_4q": -1.71,
            "eps_4q_growth_year": null,
            "roe": -7.47,
            "roe_4q": -28.61,
            "gross_profit": -10602,
            "gross_margin": -6.36,
            "gross_margin_4q_avg": -16.07,
            "net_income": -66532,
            "revenue": 166748,
            "common_shares": 1456870,
            "book_valuer_per_share": 5.65,
            "book_valuer_per_share_4q_avg": 5.77,
            "equity": 855288,
            "current_ratio": 151,
            "debt_ratio": 40.44,
            "inventory_turnover_ratio": 1.03,
            "account_receivable_turnover_ratio": 1.66,
            "reinvestment_rate": null,
            "research_to_sale_ratio": 0,
            "price_fair": 0,
            "eps_avg_yearly": 0,
            "eps_latest_yearly": 0,
            "eps_growth_yearly": 0
        },
        "20202": {
            "year_quarter": 20202,
            "year": 2020,
            "quarter": 2,
            "eps": -0.55,
            "eps_growth_year": null,
            "eps_4q": -1.93,
            "eps_4q_growth_year": null,
            "roe": -10.01,
            "roe_4q": -33.43,
            "gross_profit": -26445,
            "gross_margin": -38.04,
            "gross_margin_4q_avg": -23,
            "net_income": -83035,
            "revenue": 69513,
            "common_shares": 1456870,
            "book_valuer_per_share": 5.3,
            "book_valuer_per_share_4q_avg": 5.62,
            "equity": 804251,
            "current_ratio": 196.1,
            "debt_ratio": 34.81,
            "inventory_turnover_ratio": 0.53,
            "account_receivable_turnover_ratio": 0.82,
            "reinvestment_rate": null,
            "research_to_sale_ratio": 0,
            "price_fair": 0,
            "eps_avg_yearly": 0,
            "eps_latest_yearly": 0,
            "eps_growth_yearly": 0
        },
        "20203": {
            "year_quarter": 20203,
            "year": 2020,
            "quarter": 3,
            "eps": -0.91,
            "eps_growth_year": null,
            "eps_4q": -2.38,
            "eps_4q_growth_year": null,
            "roe": -17.92,
            "roe_4q": -43.4,
            "gross_profit": -12660,
            "gross_margin": -9.07,
            "gross_margin_4q_avg": -12.82,
            "net_income": -132895,
            "revenue": 139568,
            "common_shares": 1456870,
            "book_valuer_per_share": 4.45,
            "book_valuer_per_share_4q_avg": 5.38,
            "equity": 679283,
            "current_ratio": 187.16,
            "debt_ratio": 38.4,
            "inventory_turnover_ratio": 0.95,
            "account_receivable_turnover_ratio": 1.87,
            "reinvestment_rate": null,
            "research_to_sale_ratio": 0,
            "price_fair": 0,
            "eps_avg_yearly": 0,
            "eps_latest_yearly": 0,
            "eps_growth_yearly": 0
        },
        "20204": {
            "year_quarter": 20204,
            "year": 2020,
            "quarter": 4,
            "eps": -1.18,
            "eps_growth_year": null,
            "eps_4q": -3.09,
            "eps_4q_growth_year": null,
            "roe": -28.87,
            "roe_4q": -64.27000000000001,
            "gross_profit": -24277,
            "gross_margin": -25.85,
            "gross_margin_4q_avg": -19.83,
            "net_income": -172408,
            "revenue": 93900,
            "common_shares": 1456870,
            "book_valuer_per_share": 3.33,
            "book_valuer_per_share_4q_avg": 4.68,
            "equity": 515245,
            "current_ratio": 183.42,
            "debt_ratio": 42.19,
            "inventory_turnover_ratio": 0.92,
            "account_receivable_turnover_ratio": 1.21,
            "reinvestment_rate": null,
            "research_to_sale_ratio": 0,
            "price_fair": 0,
            "eps_avg_yearly": 0,
            "eps_latest_yearly": 0,
            "eps_growth_yearly": 0
        },
        "20211": {
            "year_quarter": 20211,
            "year": 2021,
            "quarter": 1,
            "eps": -0.33,
            "eps_growth_year": null,
            "eps_4q": -2.96,
            "eps_4q_growth_year": null,
            "roe": -10.01,
            "roe_4q": -66.81,
            "gross_profit": 2243,
            "gross_margin": 1.46,
            "gross_margin_4q_avg": -17.88,
            "net_income": -49288,
            "revenue": 153363,
            "common_shares": 1456870,
            "book_valuer_per_share": 3.02,
            "book_valuer_per_share_4q_avg": 4.03,
            "equity": 469261,
            "current_ratio": 229.16,
            "debt_ratio": 37.53,
            "inventory_turnover_ratio": 2.42,
            "account_receivable_turnover_ratio": 2.45,
            "reinvestment_rate": null,
            "research_to_sale_ratio": null,
            "price_fair": 0,
            "eps_avg_yearly": 0,
            "eps_latest_yearly": 0,
            "eps_growth_yearly": 0
        },
        "20212": {
            "year_quarter": 20212,
            "year": 2021,
            "quarter": 2,
            "eps": -0.24,
            "eps_growth_year": null,
            "eps_4q": -2.65,
            "eps_4q_growth_year": null,
            "roe": -8.24,
            "roe_4q": -65.04,
            "gross_profit": -12840,
            "gross_margin": -46.69,
            "gross_margin_4q_avg": -20.04,
            "net_income": -37018,
            "revenue": 27498,
            "common_shares": 1456870,
            "book_valuer_per_share": 2.75,
            "book_valuer_per_share_4q_avg": 3.39,
            "equity": 428753,
            "current_ratio": 222.17,
            "debt_ratio": 37.32,
            "inventory_turnover_ratio": 1.69,
            "account_receivable_turnover_ratio": 0.95,
            "reinvestment_rate": null,
            "research_to_sale_ratio": null,
            "price_fair": 0,
            "eps_avg_yearly": 0,
            "eps_latest_yearly": 0,
            "eps_growth_yearly": 0
        },
        "20213": {
            "year_quarter": 20213,
            "year": 2021,
            "quarter": 3,
            "eps": -0.09,
            "eps_growth_year": null,
            "eps_4q": -1.83,
            "eps_4q_growth_year": null,
            "roe": -3.16,
            "roe_4q": -50.28,
            "gross_profit": -5366,
            "gross_margin": -38.15,
            "gross_margin_4q_avg": -27.31,
            "net_income": -13288,
            "revenue": 14067,
            "common_shares": 1456870,
            "book_valuer_per_share": 2.65,
            "book_valuer_per_share_4q_avg": 2.94,
            "equity": 412680,
            "current_ratio": 222.09,
            "debt_ratio": 37.4,
            "inventory_turnover_ratio": 1.13,
            "account_receivable_turnover_ratio": 1.1,
            "reinvestment_rate": null,
            "research_to_sale_ratio": null,
            "price_fair": 0,
            "eps_avg_yearly": 0,
            "eps_latest_yearly": 0,
            "eps_growth_yearly": 0
        },
        "20214": {
            "year_quarter": 20214,
            "year": 2021,
            "quarter": 4,
            "eps": -0.07,
            "eps_growth_year": null,
            "eps_4q": -0.73,
            "eps_4q_growth_year": null,
            "roe": -2.53,
            "roe_4q": -23.939999999999998,
            "gross_profit": -5087,
            "gross_margin": -33.08,
            "gross_margin_4q_avg": -29.12,
            "net_income": -10370,
            "revenue": 15376,
            "common_shares": 1456870,
            "book_valuer_per_share": 2.6,
            "book_valuer_per_share_4q_avg": 2.76,
            "equity": 406165,
            "current_ratio": 220.03,
            "debt_ratio": 37.15,
            "inventory_turnover_ratio": 2.39,
            "account_receivable_turnover_ratio": 1.42,
            "reinvestment_rate": null,
            "research_to_sale_ratio": null,
            "price_fair": 0,
            "eps_avg_yearly": 0,
            "eps_latest_yearly": 0,
            "eps_growth_yearly": 0
        },
        "20221": {
            "year_quarter": 20221,
            "year": 2022,
            "quarter": 1,
            "eps": -0.2,
            "eps_growth_year": null,
            "eps_4q": -0.61,
            "eps_4q_growth_year": null,
            "roe": -7.64,
            "roe_4q": -21.57,
            "gross_profit": -11112,
            "gross_margin": -196.85,
            "gross_margin_4q_avg": -78.69,
            "net_income": -30452,
            "revenue": 5645,
            "common_shares": 1456870,
            "book_valuer_per_share": 2.5,
            "book_valuer_per_share_4q_avg": 2.63,
            "equity": 391107,
            "current_ratio": 202.94,
            "debt_ratio": 38.47,
            "inventory_turnover_ratio": 5.14,
            "account_receivable_turnover_ratio": 0.75,
            "reinvestment_rate": null,
            "research_to_sale_ratio": null,
            "price_fair": 0,
            "eps_avg_yearly": 0,
            "eps_latest_yearly": 0,
            "eps_growth_yearly": 0
        },
        "20222": {
            "year_quarter": 20222,
            "year": 2022,
            "quarter": 2,
            "eps": -0.3,
            "eps_growth_year": null,
            "eps_4q": -0.66,
            "eps_4q_growth_year": null,
            "roe": -12.06,
            "roe_4q": -25.39,
            "gross_profit": -3011,
            "gross_margin": -46.65,
            "gross_margin_4q_avg": -78.68,
            "net_income": -44121,
            "revenue": 6454,
            "common_shares": 1456870,
            "book_valuer_per_share": 2.16,
            "book_valuer_per_share_4q_avg": 2.48,
            "equity": 340796,
            "current_ratio": 199.04,
            "debt_ratio": 35.1,
            "inventory_turnover_ratio": 7.42,
            "account_receivable_turnover_ratio": 1.45,
            "reinvestment_rate": null,
            "research_to_sale_ratio": null,
            "price_fair": 0,
            "eps_avg_yearly": 0,
            "eps_latest_yearly": 0,
            "eps_growth_yearly": 0
        },
        "20223": {
            "year_quarter": 20223,
            "year": 2022,
            "quarter": 3,
            "eps": -0.06,
            "eps_growth_year": null,
            "eps_4q": -0.64,
            "eps_4q_growth_year": null,
            "roe": -2.88,
            "roe_4q": -25.110000000000003,
            "gross_profit": -6039,
            "gross_margin": -91.82,
            "gross_margin_4q_avg": -92.1,
            "net_income": -9731,
            "revenue": 6577,
            "common_shares": 1456870,
            "book_valuer_per_share": 2.11,
            "book_valuer_per_share_4q_avg": 2.34,
            "equity": 334338,
            "current_ratio": 183.87,
            "debt_ratio": 37.13,
            "inventory_turnover_ratio": 3.44,
            "account_receivable_turnover_ratio": 1.62,
            "reinvestment_rate": null,
            "research_to_sale_ratio": null,
            "price_fair": 0,
            "eps_avg_yearly": 0,
            "eps_latest_yearly": 0,
            "eps_growth_yearly": 0
        },
        "20224": {
            "year_quarter": 20224,
            "year": 2022,
            "quarter": 4,
            "eps": 1.05,
            "eps_growth_year": null,
            "eps_4q": 0.48,
            "eps_4q_growth_year": null,
            "roe": 37.42,
            "roe_4q": 14.839999999999996,
            "gross_profit": -4507,
            "gross_margin": -112.53,
            "gross_margin_4q_avg": -111.96,
            "net_income": 152522,
            "revenue": 4005,
            "common_shares": 1456870,
            "book_valuer_per_share": 3.12,
            "book_valuer_per_share_4q_avg": 2.47,
            "equity": 480760,
            "current_ratio": 796.43,
            "debt_ratio": 10.67,
            "inventory_turnover_ratio": 2.62,
            "account_receivable_turnover_ratio": 0.12,
            "reinvestment_rate": null,
            "research_to_sale_ratio": null,
            "price_fair": 0,
            "eps_avg_yearly": 0,
            "eps_latest_yearly": 0,
            "eps_growth_yearly": 0
        },
        "20231": {
            "year_quarter": 20231,
            "year": 2023,
            "quarter": 1,
            "eps": 0.35,
            "eps_growth_year": null,
            "eps_4q": 1.03,
            "eps_4q_growth_year": null,
            "roe": 10.02,
            "roe_4q": 32.49999999999999,
            "gross_profit": 1083,
            "gross_margin": 40.38,
            "gross_margin_4q_avg": -52.66,
            "net_income": 50820,
            "revenue": 2682,
            "common_shares": 1456870,
            "book_valuer_per_share": 3.49,
            "book_valuer_per_share_4q_avg": 2.72,
            "equity": 533681,
            "current_ratio": 956.05,
            "debt_ratio": 10.63,
            "inventory_turnover_ratio": 57.11,
            "account_receivable_turnover_ratio": 0.09,
            "reinvestment_rate": null,
            "research_to_sale_ratio": null,
            "price_fair": 4.2,
            "eps_avg_yearly": 1.4,
            "eps_latest_yearly": 1.4,
            "eps_growth_yearly": -266.67
        }
    },
    "months": {
        "2001-06": {
            "month": "2001-06",
            "price": "22.58",
            "revenue": 327252
        },
        "2001-07": {
            "month": "2001-07",
            "price": "18.43",
            "revenue": 334560
        },
        "2001-08": {
            "month": "2001-08",
            "price": "15.20",
            "revenue": 340936
        },
        "2001-09": {
            "month": "2001-09",
            "price": "10.57",
            "revenue": 328339
        },
        "2001-10": {
            "month": "2001-10",
            "price": "9.22",
            "revenue": 290866
        },
        "2001-11": {
            "month": "2001-11",
            "price": "10.62",
            "revenue": 258093
        },
        "2001-12": {
            "month": "2001-12",
            "price": "11.34",
            "revenue": 351971
        },
        "2002-01": {
            "month": "2002-01",
            "price": "13.54",
            "revenue": 275116
        },
        "2002-02": {
            "month": "2002-02",
            "price": "13.08",
            "revenue": 214849
        },
        "2002-03": {
            "month": "2002-03",
            "price": "14.27",
            "revenue": 279893
        },
        "2002-04": {
            "month": "2002-04",
            "price": "18.79",
            "revenue": 306045
        },
        "2002-05": {
            "month": "2002-05",
            "price": "14.86",
            "revenue": 314686
        },
        "2002-06": {
            "month": "2002-06",
            "price": "14.52",
            "revenue": 273734
        },
        "2002-07": {
            "month": "2002-07",
            "price": "11.13",
            "revenue": 304743
        },
        "2002-08": {
            "month": "2002-08",
            "price": "10.00",
            "revenue": 266583
        },
        "2002-09": {
            "month": "2002-09",
            "price": "8.46",
            "revenue": 290283
        },
        "2002-10": {
            "month": "2002-10",
            "price": "9.71",
            "revenue": 247182
        },
        "2002-11": {
            "month": "2002-11",
            "price": "9.89",
            "revenue": 247238
        },
        "2002-12": {
            "month": "2002-12",
            "price": "8.35",
            "revenue": 344114
        },
        "2003-01": {
            "month": "2003-01",
            "price": "8.53",
            "revenue": 247151
        },
        "2003-02": {
            "month": "2003-02",
            "price": "8.12",
            "revenue": 284137
        },
        "2003-03": {
            "month": "2003-03",
            "price": "7.76",
            "revenue": 323152
        },
        "2003-04": {
            "month": "2003-04",
            "price": "7.09",
            "revenue": 341995
        },
        "2003-05": {
            "month": "2003-05",
            "price": "7.86",
            "revenue": 369957
        },
        "2003-06": {
            "month": "2003-06",
            "price": "13.40",
            "revenue": 422319
        },
        "2003-07": {
            "month": "2003-07",
            "price": "20.81",
            "revenue": 398814
        },
        "2003-08": {
            "month": "2003-08",
            "price": "18.30",
            "revenue": 448780
        },
        "2003-09": {
            "month": "2003-09",
            "price": "15.95",
            "revenue": 450054
        },
        "2003-10": {
            "month": "2003-10",
            "price": "16.37",
            "revenue": 462511
        },
        "2003-11": {
            "month": "2003-11",
            "price": "16.32",
            "revenue": 481866
        },
        "2003-12": {
            "month": "2003-12",
            "price": "16.21",
            "revenue": 441907
        },
        "2004-01": {
            "month": "2004-01",
            "price": "16.21",
            "revenue": 336997
        },
        "2004-02": {
            "month": "2004-02",
            "price": "16.82",
            "revenue": 335761
        },
        "2004-03": {
            "month": "2004-03",
            "price": "15.90",
            "revenue": 450850
        },
        "2004-04": {
            "month": "2004-04",
            "price": "16.56",
            "revenue": 338033
        },
        "2004-05": {
            "month": "2004-05",
            "price": "11.61",
            "revenue": 366319
        },
        "2004-06": {
            "month": "2004-06",
            "price": "10.15",
            "revenue": 268805
        },
        "2004-07": {
            "month": "2004-07",
            "price": "9.11",
            "revenue": 287722
        },
        "2004-08": {
            "month": "2004-08",
            "price": "8.06",
            "revenue": 252503
        },
        "2004-09": {
            "month": "2004-09",
            "price": "7.74",
            "revenue": 250458
        },
        "2004-10": {
            "month": "2004-10",
            "price": "7.33",
            "revenue": 246953
        },
        "2004-11": {
            "month": "2004-11",
            "price": "6.30",
            "revenue": 270857
        },
        "2004-12": {
            "month": "2004-12",
            "price": "5.43",
            "revenue": 269538
        },
        "2005-01": {
            "month": "2005-01",
            "price": "5.32",
            "revenue": 236446
        },
        "2005-02": {
            "month": "2005-02",
            "price": "5.48",
            "revenue": 253041
        },
        "2005-03": {
            "month": "2005-03",
            "price": "5.83",
            "revenue": 273347
        },
        "2005-04": {
            "month": "2005-04",
            "price": "4.94",
            "revenue": 256716
        },
        "2005-05": {
            "month": "2005-05",
            "price": "4.71",
            "revenue": 260222
        },
        "2005-06": {
            "month": "2005-06",
            "price": "6.39",
            "revenue": 265216
        },
        "2005-07": {
            "month": "2005-07",
            "price": "6.21",
            "revenue": 227690
        },
        "2005-08": {
            "month": "2005-08",
            "price": "5.03",
            "revenue": 208442
        },
        "2005-09": {
            "month": "2005-09",
            "price": "4.38",
            "revenue": 263587
        },
        "2005-10": {
            "month": "2005-10",
            "price": "3.39",
            "revenue": 311732
        },
        "2005-11": {
            "month": "2005-11",
            "price": "3.06",
            "revenue": 306203
        },
        "2005-12": {
            "month": "2005-12",
            "price": "3.87",
            "revenue": 300335
        },
        "2006-01": {
            "month": "2006-01",
            "price": "5.02",
            "revenue": 344010
        },
        "2006-02": {
            "month": "2006-02",
            "price": "5.09",
            "revenue": 355964
        },
        "2006-03": {
            "month": "2006-03",
            "price": "5.64",
            "revenue": 429572
        },
        "2006-04": {
            "month": "2006-04",
            "price": "5.61",
            "revenue": 366669
        },
        "2006-05": {
            "month": "2006-05",
            "price": "5.06",
            "revenue": 311952
        },
        "2006-06": {
            "month": "2006-06",
            "price": "4.05",
            "revenue": 283218
        },
        "2006-07": {
            "month": "2006-07",
            "price": "3.60",
            "revenue": 261670
        },
        "2006-08": {
            "month": "2006-08",
            "price": "3.34",
            "revenue": 279228
        },
        "2006-09": {
            "month": "2006-09",
            "price": "3.09",
            "revenue": 369269
        },
        "2006-10": {
            "month": "2006-10",
            "price": "4.01",
            "revenue": 480498
        },
        "2006-11": {
            "month": "2006-11",
            "price": "4.98",
            "revenue": 486120
        },
        "2006-12": {
            "month": "2006-12",
            "price": "6.50",
            "revenue": 627129
        },
        "2007-01": {
            "month": "2007-01",
            "price": "7.34",
            "revenue": 454389
        },
        "2007-02": {
            "month": "2007-02",
            "price": "6.65",
            "revenue": 439532
        },
        "2007-03": {
            "month": "2007-03",
            "price": "6.45",
            "revenue": 506705
        },
        "2007-04": {
            "month": "2007-04",
            "price": "7.36",
            "revenue": 462118
        },
        "2007-05": {
            "month": "2007-05",
            "price": "7.49",
            "revenue": 459254
        },
        "2007-06": {
            "month": "2007-06",
            "price": "12.01",
            "revenue": 414454
        },
        "2007-07": {
            "month": "2007-07",
            "price": "13.10",
            "revenue": 451504
        },
        "2007-08": {
            "month": "2007-08",
            "price": "10.89",
            "revenue": 434182
        },
        "2007-09": {
            "month": "2007-09",
            "price": "11.89",
            "revenue": 445890
        },
        "2007-10": {
            "month": "2007-10",
            "price": "12.59",
            "revenue": 441726
        },
        "2007-11": {
            "month": "2007-11",
            "price": "11.44",
            "revenue": 404936
        },
        "2007-12": {
            "month": "2007-12",
            "price": "10.06",
            "revenue": 340577
        },
        "2008-01": {
            "month": "2008-01",
            "price": "7.28",
            "revenue": 332328
        },
        "2008-02": {
            "month": "2008-02",
            "price": "6.85",
            "revenue": 308059
        },
        "2008-03": {
            "month": "2008-03",
            "price": "7.32",
            "revenue": 316605
        },
        "2008-04": {
            "month": "2008-04",
            "price": "7.15",
            "revenue": 305373
        },
        "2008-05": {
            "month": "2008-05",
            "price": "6.57",
            "revenue": 265832
        },
        "2008-06": {
            "month": "2008-06",
            "price": "5.35",
            "revenue": 252089
        },
        "2008-07": {
            "month": "2008-07",
            "price": "3.90",
            "revenue": 218190
        },
        "2008-08": {
            "month": "2008-08",
            "price": "3.84",
            "revenue": 235225
        },
        "2008-09": {
            "month": "2008-09",
            "price": "2.87",
            "revenue": 254631
        },
        "2008-10": {
            "month": "2008-10",
            "price": "2.56",
            "revenue": 263453
        },
        "2008-11": {
            "month": "2008-11",
            "price": "1.94",
            "revenue": 206798
        },
        "2008-12": {
            "month": "2008-12",
            "price": "1.88",
            "revenue": 193339
        },
        "2009-01": {
            "month": "2009-01",
            "price": "1.88",
            "revenue": 155892
        },
        "2009-02": {
            "month": "2009-02",
            "price": "1.89",
            "revenue": 160020
        },
        "2009-03": {
            "month": "2009-03",
            "price": "2.89",
            "revenue": 170542
        },
        "2009-04": {
            "month": "2009-04",
            "price": "4.06",
            "revenue": 194961
        },
        "2009-05": {
            "month": "2009-05",
            "price": "3.97",
            "revenue": 196859
        },
        "2009-06": {
            "month": "2009-06",
            "price": "3.80",
            "revenue": 207875
        },
        "2009-07": {
            "month": "2009-07",
            "price": "3.72",
            "revenue": 179993
        },
        "2009-08": {
            "month": "2009-08",
            "price": "3.58",
            "revenue": 157433
        },
        "2009-09": {
            "month": "2009-09",
            "price": "3.98",
            "revenue": 155275
        },
        "2009-10": {
            "month": "2009-10",
            "price": "6.25",
            "revenue": 159444
        },
        "2009-11": {
            "month": "2009-11",
            "price": "6.59",
            "revenue": 155710
        },
        "2009-12": {
            "month": "2009-12",
            "price": "7.20",
            "revenue": 183222
        },
        "2010-01": {
            "month": "2010-01",
            "price": "8.14",
            "revenue": 149247
        },
        "2010-02": {
            "month": "2010-02",
            "price": "7.34",
            "revenue": 141132
        },
        "2010-03": {
            "month": "2010-03",
            "price": "8.02",
            "revenue": 128672
        },
        "2010-04": {
            "month": "2010-04",
            "price": "8.15",
            "revenue": 125034
        },
        "2010-05": {
            "month": "2010-05",
            "price": "6.95",
            "revenue": 118533
        },
        "2010-06": {
            "month": "2010-06",
            "price": "6.54",
            "revenue": 146920
        },
        "2010-07": {
            "month": "2010-07",
            "price": "6.84",
            "revenue": 115132
        },
        "2010-08": {
            "month": "2010-08",
            "price": "6.76",
            "revenue": 107723
        },
        "2010-09": {
            "month": "2010-09",
            "price": "6.15",
            "revenue": 104713
        },
        "2010-10": {
            "month": "2010-10",
            "price": "5.89",
            "revenue": 87537
        },
        "2010-11": {
            "month": "2010-11",
            "price": "5.15",
            "revenue": 92385
        },
        "2010-12": {
            "month": "2010-12",
            "price": "5.36",
            "revenue": 96398
        },
        "2011-01": {
            "month": "2011-01",
            "price": "5.19",
            "revenue": 96085
        },
        "2011-02": {
            "month": "2011-02",
            "price": "4.93",
            "revenue": 74015
        },
        "2011-03": {
            "month": "2011-03",
            "price": "4.37",
            "revenue": 83777
        },
        "2011-04": {
            "month": "2011-04",
            "price": "4.13",
            "revenue": 42729
        },
        "2011-05": {
            "month": "2011-05",
            "price": "3.26",
            "revenue": 29015
        },
        "2011-06": {
            "month": "2011-06",
            "price": "3.00",
            "revenue": 73381
        },
        "2011-07": {
            "month": "2011-07",
            "price": "2.73",
            "revenue": 53587
        },
        "2011-08": {
            "month": "2011-08",
            "price": "2.42",
            "revenue": 37398
        },
        "2011-09": {
            "month": "2011-09",
            "price": "2.72",
            "revenue": 15445
        },
        "2011-10": {
            "month": "2011-10",
            "price": "2.68",
            "revenue": 27147
        },
        "2011-11": {
            "month": "2011-11",
            "price": "2.83",
            "revenue": 9442
        },
        "2011-12": {
            "month": "2011-12",
            "price": "2.57",
            "revenue": 13140
        },
        "2012-01": {
            "month": "2012-01",
            "price": "2.56",
            "revenue": 12853
        },
        "2012-02": {
            "month": "2012-02",
            "price": "3.17",
            "revenue": 1989
        },
        "2012-03": {
            "month": "2012-03",
            "price": "3.05",
            "revenue": 1930
        },
        "2012-04": {
            "month": "2012-04",
            "price": "2.63",
            "revenue": 1380
        },
        "2012-05": {
            "month": "2012-05",
            "price": "2.48",
            "revenue": 2246
        },
        "2012-06": {
            "month": "2012-06",
            "price": "2.20",
            "revenue": 6700
        },
        "2012-07": {
            "month": "2012-07",
            "price": "2.02",
            "revenue": 6574
        },
        "2012-08": {
            "month": "2012-08",
            "price": "1.95",
            "revenue": 4343
        },
        "2012-09": {
            "month": "2012-09",
            "price": "2.07",
            "revenue": 238
        },
        "2012-10": {
            "month": "2012-10",
            "price": "1.97",
            "revenue": 59
        },
        "2012-11": {
            "month": "2012-11",
            "price": "1.78",
            "revenue": 259
        },
        "2012-12": {
            "month": "2012-12",
            "price": "2.22",
            "revenue": 49
        },
        "2013-01": {
            "month": "2013-01",
            "price": "2.38",
            "revenue": 43708
        },
        "2013-02": {
            "month": "2013-02",
            "price": "2.35",
            "revenue": 27224
        },
        "2013-03": {
            "month": "2013-03",
            "price": "2.30",
            "revenue": 42212
        },
        "2013-04": {
            "month": "2013-04",
            "price": "1.54",
            "revenue": 44962
        },
        "2013-05": {
            "month": "2013-05",
            "price": "1.63",
            "revenue": 50527
        },
        "2013-06": {
            "month": "2013-06",
            "price": "1.72",
            "revenue": 44577
        },
        "2013-07": {
            "month": "2013-07",
            "price": "1.76",
            "revenue": 52232
        },
        "2013-08": {
            "month": "2013-08",
            "price": "1.83",
            "revenue": 47107
        },
        "2013-09": {
            "month": "2013-09",
            "price": "2.75",
            "revenue": 44557
        },
        "2013-10": {
            "month": "2013-10",
            "price": "5.21",
            "revenue": 50315
        },
        "2013-11": {
            "month": "2013-11",
            "price": "5.29",
            "revenue": 38116
        },
        "2013-12": {
            "month": "2013-12",
            "price": "7.24",
            "revenue": 30698
        },
        "2014-01": {
            "month": "2014-01",
            "price": "7.14",
            "revenue": 35684
        },
        "2014-02": {
            "month": "2014-02",
            "price": "7.60",
            "revenue": 30126
        },
        "2014-03": {
            "month": "2014-03",
            "price": "9.81",
            "revenue": 29008
        },
        "2014-04": {
            "month": "2014-04",
            "price": "12.37",
            "revenue": 31649
        },
        "2014-05": {
            "month": "2014-05",
            "price": "11.42",
            "revenue": 32206
        },
        "2014-06": {
            "month": "2014-06",
            "price": "10.85",
            "revenue": 24804
        },
        "2014-07": {
            "month": "2014-07",
            "price": "11.01",
            "revenue": 25501
        },
        "2014-08": {
            "month": "2014-08",
            "price": "11.03",
            "revenue": 23513
        },
        "2014-09": {
            "month": "2014-09",
            "price": "11.01",
            "revenue": 29651
        },
        "2014-10": {
            "month": "2014-10",
            "price": "10.36",
            "revenue": 31874
        },
        "2014-11": {
            "month": "2014-11",
            "price": "10.34",
            "revenue": 32505
        },
        "2014-12": {
            "month": "2014-12",
            "price": "10.56",
            "revenue": 20838
        },
        "2015-01": {
            "month": "2015-01",
            "price": "10.40",
            "revenue": 20319
        },
        "2015-02": {
            "month": "2015-02",
            "price": "10.90",
            "revenue": 19037
        },
        "2015-03": {
            "month": "2015-03",
            "price": "12.92",
            "revenue": 23899
        },
        "2015-04": {
            "month": "2015-04",
            "price": "13.78",
            "revenue": 50053
        },
        "2015-05": {
            "month": "2015-05",
            "price": "13.99",
            "revenue": 28031
        },
        "2015-06": {
            "month": "2015-06",
            "price": "14.47",
            "revenue": 27927
        },
        "2015-07": {
            "month": "2015-07",
            "price": "13.61",
            "revenue": 27667
        },
        "2015-08": {
            "month": "2015-08",
            "price": "6.41",
            "revenue": 99823
        },
        "2015-09": {
            "month": "2015-09",
            "price": "7.86",
            "revenue": 35857
        },
        "2015-10": {
            "month": "2015-10",
            "price": "7.81",
            "revenue": 44189
        },
        "2015-11": {
            "month": "2015-11",
            "price": "7.09",
            "revenue": 51144
        },
        "2015-12": {
            "month": "2015-12",
            "price": "7.48",
            "revenue": 49643
        },
        "2016-01": {
            "month": "2016-01",
            "price": "7.33",
            "revenue": 48249
        },
        "2016-02": {
            "month": "2016-02",
            "price": "7.29",
            "revenue": 35870
        },
        "2016-03": {
            "month": "2016-03",
            "price": "7.00",
            "revenue": 43915
        },
        "2016-04": {
            "month": "2016-04",
            "price": "7.75",
            "revenue": 50289
        },
        "2016-05": {
            "month": "2016-05",
            "price": "7.51",
            "revenue": 44767
        },
        "2016-06": {
            "month": "2016-06",
            "price": "7.79",
            "revenue": 38679
        },
        "2016-07": {
            "month": "2016-07",
            "price": "7.70",
            "revenue": 37172
        },
        "2016-08": {
            "month": "2016-08",
            "price": "7.55",
            "revenue": 53607
        },
        "2016-09": {
            "month": "2016-09",
            "price": "7.51",
            "revenue": 56175
        },
        "2016-10": {
            "month": "2016-10",
            "price": "7.18",
            "revenue": 57212
        },
        "2016-11": {
            "month": "2016-11",
            "price": "6.58",
            "revenue": 82312
        },
        "2016-12": {
            "month": "2016-12",
            "price": "6.08",
            "revenue": 65732
        },
        "2017-01": {
            "month": "2017-01",
            "price": "6.10",
            "revenue": 51982
        },
        "2017-02": {
            "month": "2017-02",
            "price": "6.80",
            "revenue": 41167
        },
        "2017-03": {
            "month": "2017-03",
            "price": "6.89",
            "revenue": 60062
        },
        "2017-04": {
            "month": "2017-04",
            "price": "6.29",
            "revenue": 65659
        },
        "2017-05": {
            "month": "2017-05",
            "price": "6.07",
            "revenue": 62948
        },
        "2017-06": {
            "month": "2017-06",
            "price": "7.49",
            "revenue": 64444
        },
        "2017-07": {
            "month": "2017-07",
            "price": "7.33",
            "revenue": 66630
        },
        "2017-08": {
            "month": "2017-08",
            "price": "6.88",
            "revenue": 63130
        },
        "2017-09": {
            "month": "2017-09",
            "price": "6.81",
            "revenue": 65034
        },
        "2017-10": {
            "month": "2017-10",
            "price": "6.55",
            "revenue": 72454
        },
        "2017-11": {
            "month": "2017-11",
            "price": "6.44",
            "revenue": 100731
        },
        "2017-12": {
            "month": "2017-12",
            "price": "6.25",
            "revenue": 81522
        },
        "2018-01": {
            "month": "2018-01",
            "price": "6.24",
            "revenue": 86313
        },
        "2018-02": {
            "month": "2018-02",
            "price": "5.88",
            "revenue": 74279
        },
        "2018-03": {
            "month": "2018-03",
            "price": "6.06",
            "revenue": 140979
        },
        "2018-04": {
            "month": "2018-04",
            "price": "5.84",
            "revenue": 92162
        },
        "2018-05": {
            "month": "2018-05",
            "price": "6.04",
            "revenue": 82914
        },
        "2018-06": {
            "month": "2018-06",
            "price": "6.93",
            "revenue": 111580
        },
        "2018-07": {
            "month": "2018-07",
            "price": "6.19",
            "revenue": 152290
        },
        "2018-08": {
            "month": "2018-08",
            "price": "6.40",
            "revenue": 126795
        },
        "2018-09": {
            "month": "2018-09",
            "price": "6.25",
            "revenue": 143776
        },
        "2018-10": {
            "month": "2018-10",
            "price": "5.58",
            "revenue": 143855
        },
        "2018-11": {
            "month": "2018-11",
            "price": "4.95",
            "revenue": 120514
        },
        "2018-12": {
            "month": "2018-12",
            "price": "4.76",
            "revenue": 60561
        },
        "2019-01": {
            "month": "2019-01",
            "price": "4.35",
            "revenue": 88232
        },
        "2019-02": {
            "month": "2019-02",
            "price": "4.36",
            "revenue": 72916
        },
        "2019-03": {
            "month": "2019-03",
            "price": "4.33",
            "revenue": 61553
        },
        "2019-04": {
            "month": "2019-04",
            "price": "3.89",
            "revenue": 146980
        },
        "2019-05": {
            "month": "2019-05",
            "price": "3.56",
            "revenue": 68641
        },
        "2019-06": {
            "month": "2019-06",
            "price": "3.30",
            "revenue": 66701
        },
        "2019-07": {
            "month": "2019-07",
            "price": "3.11",
            "revenue": 67112
        },
        "2019-08": {
            "month": "2019-08",
            "price": "3.01",
            "revenue": 46278
        },
        "2019-09": {
            "month": "2019-09",
            "price": "2.92",
            "revenue": 84924
        },
        "2019-10": {
            "month": "2019-10",
            "price": "2.72",
            "revenue": 45687
        },
        "2019-11": {
            "month": "2019-11",
            "price": "2.84",
            "revenue": 87665
        },
        "2019-12": {
            "month": "2019-12",
            "price": "3.29",
            "revenue": 79311
        },
        "2020-01": {
            "month": "2020-01",
            "price": "4.04",
            "revenue": 15198
        },
        "2020-02": {
            "month": "2020-02",
            "price": "3.81",
            "revenue": 120862
        },
        "2020-03": {
            "month": "2020-03",
            "price": "2.97",
            "revenue": 30688
        },
        "2020-04": {
            "month": "2020-04",
            "price": "2.90",
            "revenue": 22908
        },
        "2020-05": {
            "month": "2020-05",
            "price": "2.87",
            "revenue": 30368
        },
        "2020-06": {
            "month": "2020-06",
            "price": "3.04",
            "revenue": 16237
        },
        "2020-07": {
            "month": "2020-07",
            "price": "3.50",
            "revenue": 94623
        },
        "2020-08": {
            "month": "2020-08",
            "price": "3.86",
            "revenue": 21393
        },
        "2020-09": {
            "month": "2020-09",
            "price": "4.70",
            "revenue": 23552
        },
        "2020-10": {
            "month": "2020-10",
            "price": "5.13",
            "revenue": 26629
        },
        "2020-11": {
            "month": "2020-11",
            "price": "4.01",
            "revenue": 34225
        },
        "2020-12": {
            "month": "2020-12",
            "price": "3.11",
            "revenue": 33046
        },
        "2021-01": {
            "month": "2021-01",
            "price": "2.69",
            "revenue": 26341
        },
        "2021-02": {
            "month": "2021-02",
            "price": "2.60",
            "revenue": 20397
        },
        "2021-03": {
            "month": "2021-03",
            "price": "2.65",
            "revenue": 106623
        },
        "2021-04": {
            "month": "2021-04",
            "price": "2.92",
            "revenue": 10780
        },
        "2021-05": {
            "month": "2021-05",
            "price": "2.92",
            "revenue": 11739
        },
        "2021-06": {
            "month": "2021-06",
            "price": "2.91",
            "revenue": 5137
        },
        "2021-07": {
            "month": "2021-07",
            "price": "3.09",
            "revenue": 4865
        },
        "2021-08": {
            "month": "2021-08",
            "price": "2.96",
            "revenue": 7766
        },
        "2021-09": {
            "month": "2021-09",
            "price": "2.86",
            "revenue": 3197
        },
        "2021-10": {
            "month": "2021-10",
            "price": "2.95",
            "revenue": 3471
        },
        "2021-11": {
            "month": "2021-11",
            "price": "2.99",
            "revenue": 4584
        },
        "2021-12": {
            "month": "2021-12",
            "price": "3.04",
            "revenue": 6076
        },
        "2022-01": {
            "month": "2022-01",
            "price": "4.02",
            "revenue": 1747
        },
        "2022-02": {
            "month": "2022-02",
            "price": "3.82",
            "revenue": 747
        },
        "2022-03": {
            "month": "2022-03",
            "price": "3.39",
            "revenue": 3261
        },
        "2022-04": {
            "month": "2022-04",
            "price": "3.13",
            "revenue": 2125
        },
        "2022-05": {
            "month": "2022-05",
            "price": "3.45",
            "revenue": 2432
        },
        "2022-06": {
            "month": "2022-06",
            "price": "3.63",
            "revenue": 1751
        },
        "2022-07": {
            "month": "2022-07",
            "price": "3.54",
            "revenue": 2805
        },
        "2022-08": {
            "month": "2022-08",
            "price": "3.24",
            "revenue": 2930
        },
        "2022-09": {
            "month": "2022-09",
            "price": "2.96",
            "revenue": 1362
        },
        "2022-10": {
            "month": "2022-10",
            "price": "2.69",
            "revenue": 1524
        },
        "2022-11": {
            "month": "2022-11",
            "price": "2.88",
            "revenue": 1755
        },
        "2022-12": {
            "month": "2022-12",
            "price": "2.81",
            "revenue": 2263
        },
        "2023-01": {
            "month": "2023-01",
            "price": "2.85",
            "revenue": 1196
        },
        "2023-02": {
            "month": "2023-02",
            "price": "2.86",
            "revenue": 788
        },
        "2023-03": {
            "month": "2023-03",
            "price": "2.91",
            "revenue": 701
        },
        "2023-04": {
            "month": "2023-04",
            "price": "4.00",
            "revenue": 877
        }
    }
}
