{
    "summary": {
        "stock_name": "兆勁",
        "stock_id": "2444",
        "category": "通信網路",
        "main_business": "製造及銷售網路卡、Wifi module、<br>(續業務1)電力線通信、無線藍芽通信服務等產品<br>記憶體模組、Wafer Die",
        "website_url": "http://www.abocom.com.tw",
        "ceo": "紀政孝",
        "pe_ratio": 0,
        "report_year_from": 2001,
        "report_year_to": 2023,
        "age": 23,
        "eps_negative_percentage": 48,
        "eps_growth_avg": {
            "last_all": -48.34,
            "last_2y": 1.26,
            "last_4y": 1.26,
            "last_8y": -17.74,
            "last_12y": -32.06,
            "last_16y": -39.61,
            "last_20y": -45.65,
            "at_2006_last_3y": -100,
            "at_2007_last_3y": null,
            "at_2008_last_3y": -100,
            "at_2009_last_3y": -100,
            "at_2010_last_3y": -100,
            "at_2011_last_3y": -100,
            "at_2012_last_3y": -50,
            "at_2013_last_3y": -75,
            "at_2014_last_3y": -75,
            "at_2015_last_3y": -61.59,
            "at_2016_last_3y": -11.59,
            "at_2017_last_3y": -2.99,
            "at_2018_last_3y": -27.24,
            "at_2019_last_3y": -24.73,
            "at_2020_last_3y": -87.1,
            "at_2021_last_3y": -100,
            "at_2022_last_3y": 100,
            "at_2023_last_3y": 1.26,
            "at_2024_last_3y": 1.26,
            "at_2006_last_all": -87.64,
            "at_2007_last_all": -87.64,
            "at_2008_last_all": -91.76,
            "at_2009_last_all": -91.76,
            "at_2010_last_all": -91.76,
            "at_2011_last_all": -91.76,
            "at_2012_last_all": -81.32,
            "at_2013_last_all": -85.06,
            "at_2014_last_all": -85.06,
            "at_2015_last_all": -76.68,
            "at_2016_last_all": -51.44,
            "at_2017_last_all": -54.28,
            "at_2018_last_all": -59.36,
            "at_2019_last_all": -59.36,
            "at_2020_last_all": -59.36,
            "at_2021_last_all": -59.36,
            "at_2022_last_all": -43.43,
            "at_2023_last_all": -48.34,
            "at_2024_last_all": -48.34
        },
        "latest_eps": 0,
        "latest_price": 12.35,
        "latest_roe": 0,
        "latest_gross_margin": 10.74,
        "latest_equity": 998664,
        "latest_revenue": 502955,
        "latest_gross_profit": 54023,
        "latest_net_income": 45743,
        "latest_debt_ratio": 50.42,
        "latest_current_ratio": 300.74,
        "latest_account_receivable_turnover_ratio": 2,
        "latest_inventory_turnover_ratio": 0.69,
        "latest_reinvestment_rate": null,
        "latest_research_to_sale_ratio": 1.67
    },
    "eps_dividends": {
        "2000": {
            "cash": 2.2,
            "stock": 5,
            "eps": 0
        },
        "2001": {
            "cash": 2,
            "stock": 2.5,
            "eps": 4.45
        },
        "2002": {
            "cash": 2,
            "stock": 1.9,
            "eps": 1.1
        },
        "2003": {
            "cash": 0.3,
            "stock": 0.2,
            "eps": -3.29
        },
        "2004": {
            "cash": 0,
            "stock": 0,
            "eps": -2.5
        },
        "2005": {
            "cash": 0,
            "stock": 0,
            "eps": -0.54
        },
        "2006": {
            "cash": 0,
            "stock": 0,
            "eps": -1.05
        },
        "2007": {
            "cash": 0,
            "stock": 0,
            "eps": 0.74
        },
        "2008": {
            "cash": 0.5,
            "stock": 0,
            "eps": -0.26
        },
        "2009": {
            "cash": 0,
            "stock": 0,
            "eps": -1.54
        },
        "2010": {
            "cash": 0,
            "stock": 0,
            "eps": -0.99
        },
        "2011": {
            "cash": 0,
            "stock": 0,
            "eps": 0.08
        },
        "2012": {
            "cash": 0,
            "stock": 0,
            "eps": 0.04
        },
        "2013": {
            "cash": 0,
            "stock": 0,
            "eps": -1.46
        },
        "2014": {
            "cash": 0,
            "stock": 0,
            "eps": 0.46
        },
        "2015": {
            "cash": 0.5,
            "stock": 0,
            "eps": 0.3
        },
        "2016": {
            "cash": 0.15,
            "stock": 0,
            "eps": 0.62
        },
        "2017": {
            "cash": 0.5,
            "stock": 0,
            "eps": 0.16
        },
        "2018": {
            "cash": 0.1,
            "stock": 0,
            "eps": -0.96
        },
        "2019": {
            "cash": 0,
            "stock": 0,
            "eps": -0.27
        },
        "2020": {
            "cash": 0,
            "stock": 0,
            "eps": -0.93
        },
        "2021": {
            "cash": 0,
            "stock": 0,
            "eps": 0.11
        },
        "2022": {
            "cash": 0,
            "stock": 0,
            "eps": 1.19
        },
        "2023": {
            "cash": 0,
            "stock": 0,
            "eps": 0.03
        }
    },
    "dividends": {
        "2000-07-01": {
            "cash": 2.2,
            "stock": 5
        },
        "2001-05-15": {
            "cash": 2,
            "stock": 2.5
        },
        "2002-06-18": {
            "cash": 2,
            "stock": 1.9
        },
        "2003-02-26": {
            "cash": 0.3,
            "stock": 0.2
        },
        "2008-04-10": {
            "cash": 0.5,
            "stock": 0
        },
        "2015-09-10": {
            "cash": 0.5,
            "stock": 0
        },
        "2016-09-14": {
            "cash": 0.15,
            "stock": 0
        },
        "2017-09-15": {
            "cash": 0.5,
            "stock": 0
        },
        "2018-07-10": {
            "cash": 0.1,
            "stock": 0
        }
    },
    "prices": {
        "200101": "78.81",
        "200102": "86.53",
        "200103": "93.52",
        "200104": "106.42",
        "200105": "82.98",
        "200106": "75.32",
        "200107": "67.36",
        "200108": "64.52",
        "200109": "45.08",
        "200110": "38.91",
        "200111": "48.74",
        "200112": "70.67",
        "200201": "79.27",
        "200202": "75.38",
        "200203": "72.90",
        "200204": "69.60",
        "200205": "52.20",
        "200206": "52.14",
        "200207": "46.15",
        "200208": "39.50",
        "200209": "27.10",
        "200210": "28.98",
        "200211": "28.77",
        "200212": "26.27",
        "200301": "26.73",
        "200302": "23.20",
        "200303": "19.12",
        "200304": "18.27",
        "200305": "14.39",
        "200306": "16.68",
        "200307": "16.67",
        "200308": "14.66",
        "200309": "12.07",
        "200310": "12.48",
        "200311": "15.32",
        "200312": "15.62",
        "200401": "17.60",
        "200402": "21.30",
        "200403": "22.91",
        "200404": "22.70",
        "200405": "16.51",
        "200406": "14.15",
        "200407": "10.70",
        "200408": "9.83",
        "200409": "8.15",
        "200410": "7.26",
        "200411": "6.88",
        "200412": "7.82",
        "200501": "7.28",
        "200502": "7.47",
        "200503": "11.12",
        "200504": "10.47",
        "200505": "9.94",
        "200506": "11.19",
        "200507": "12.64",
        "200508": "11.18",
        "200509": "10.14",
        "200510": "9.34",
        "200511": "8.26",
        "200512": "9.04",
        "200601": "10.11",
        "200602": "9.37",
        "200603": "10.17",
        "200604": "10.64",
        "200605": "9.68",
        "200606": "8.22",
        "200607": "8.09",
        "200608": "7.16",
        "200609": "6.75",
        "200610": "7.31",
        "200611": "10.03",
        "200612": "14.67",
        "200701": "18.80",
        "200702": "18.28",
        "200703": "24.78",
        "200704": "24.57",
        "200705": "21.65",
        "200706": "24.01",
        "200707": "25.89",
        "200708": "23.18",
        "200709": "22.10",
        "200710": "20.84",
        "200711": "16.95",
        "200712": "15.25",
        "200801": "12.00",
        "200802": "11.91",
        "200803": "13.60",
        "200804": "13.71",
        "200805": "15.06",
        "200806": "15.12",
        "200807": "11.47",
        "200808": "11.30",
        "200809": "8.28",
        "200810": "5.92",
        "200811": "5.38",
        "200812": "5.17",
        "200901": "5.06",
        "200902": "5.77",
        "200903": "7.07",
        "200904": "7.82",
        "200905": "10.43",
        "200906": "12.46",
        "200907": "12.53",
        "200908": "11.94",
        "200909": "12.13",
        "200910": "11.81",
        "200911": "11.30",
        "200912": "14.60",
        "201001": "14.07",
        "201002": "11.67",
        "201003": "12.62",
        "201004": "12.58",
        "201005": "11.93",
        "201006": "13.60",
        "201007": "15.65",
        "201008": "14.77",
        "201009": "14.05",
        "201010": "13.08",
        "201011": "11.16",
        "201012": "11.53",
        "201101": "11.54",
        "201102": "10.76",
        "201103": "10.50",
        "201104": "10.74",
        "201105": "10.10",
        "201106": "8.68",
        "201107": "6.50",
        "201108": "5.38",
        "201109": "5.51",
        "201110": "6.80",
        "201111": "7.12",
        "201112": "6.59",
        "201201": "6.55",
        "201202": "8.60",
        "201203": "8.58",
        "201204": "6.86",
        "201205": "6.74",
        "201206": "6.66",
        "201207": "7.34",
        "201208": "7.49",
        "201209": "8.00",
        "201210": "6.90",
        "201211": "6.07",
        "201212": "6.83",
        "201301": "7.04",
        "201302": "6.83",
        "201303": "6.55",
        "201304": "6.41",
        "201305": "6.50",
        "201306": "6.51",
        "201307": "6.44",
        "201308": "6.08",
        "201309": "6.00",
        "201310": "6.60",
        "201311": "7.57",
        "201312": "7.12",
        "201401": "8.32",
        "201402": "9.55",
        "201403": "11.61",
        "201404": "10.56",
        "201405": "10.22",
        "201406": "11.08",
        "201407": "12.13",
        "201408": "10.45",
        "201409": "10.21",
        "201410": "9.59",
        "201411": "14.93",
        "201412": "15.30",
        "201501": "17.60",
        "201502": "17.94",
        "201503": "17.96",
        "201504": "16.58",
        "201505": "14.56",
        "201506": "15.13",
        "201507": "16.41",
        "201508": "10.36",
        "201509": "8.96",
        "201510": "8.28",
        "201511": "8.37",
        "201512": "9.67",
        "201601": "10.04",
        "201602": "10.47",
        "201603": "12.82",
        "201604": "15.67",
        "201605": "14.44",
        "201606": "13.96",
        "201607": "14.50",
        "201608": "13.62",
        "201609": "12.93",
        "201610": "12.48",
        "201611": "11.36",
        "201612": "12.16",
        "201701": "11.32",
        "201702": "12.33",
        "201703": "15.15",
        "201704": "15.79",
        "201705": "16.61",
        "201706": "17.26",
        "201707": "17.57",
        "201708": "23.87",
        "201709": "30.24",
        "201710": "39.09",
        "201711": "37.96",
        "201712": "39.21",
        "201801": "37.91",
        "201802": "32.53",
        "201803": "34.53",
        "201804": "29.01",
        "201805": "24.82",
        "201806": "16.42",
        "201807": "15.71",
        "201808": "16.02",
        "201809": "15.72",
        "201810": "14.88",
        "201811": "16.99",
        "201812": "22.21",
        "201901": "21.14",
        "201902": "23.35",
        "201903": "20.95",
        "201904": "21.12",
        "201905": "20.93",
        "201906": "19.93",
        "201907": "19.09",
        "201908": "19.95",
        "201909": "20.68",
        "201910": "21.95",
        "201911": "22.86",
        "201912": "22.01",
        "202001": "19.84",
        "202002": "19.32",
        "202003": "15.60",
        "202004": "15.04",
        "202005": "16.16",
        "202006": "15.13",
        "202007": "15.02",
        "202008": "14.36",
        "202009": "14.53",
        "202010": "14.94",
        "202011": "14.45",
        "202012": "14.23",
        "202101": "15.74",
        "202102": "14.85",
        "202103": "15.80",
        "202104": "15.97",
        "202105": "13.00",
        "202106": "12.21",
        "202107": "11.64",
        "202108": "11.11",
        "202109": "10.92",
        "202110": "10.54",
        "202111": "12.09",
        "202112": "13.90",
        "202201": "12.76",
        "202202": "12.30",
        "202203": "11.40",
        "202204": "11.80",
        "202205": "12.12",
        "202206": "12.87",
        "202207": "11.72",
        "202208": "14.37",
        "202209": "12.78",
        "202210": "11.51",
        "202211": "12.97",
        "202212": "17.22",
        "202301": "17.53",
        "202302": "17.38",
        "202303": "16.99",
        "202304": "16.66",
        "202305": "15.00",
        "202306": "11.73",
        "202307": "13.33",
        "202308": "12.70",
        "202309": "12.84",
        "202310": "12.66",
        "202311": "13.46",
        "202312": "13.42"
    },
    "quarters": {
        "20011": {
            "year_quarter": 20011,
            "year": 2001,
            "quarter": 1,
            "eps": 1.26,
            "eps_growth_year": -31.15,
            "eps_4q": 4.88,
            "eps_4q_growth_year": -19.11,
            "roe": 5.35,
            "roe_4q": 5.35,
            "gross_profit": 181835,
            "gross_margin": 23.18,
            "gross_margin_4q_avg": 23.18,
            "net_income": 92270,
            "net_income_4q": null,
            "revenue": 784297,
            "revenue_4q": null,
            "common_shares": 733000,
            "book_valuer_per_share": 24.15,
            "book_valuer_per_share_4q_avg": 24.15,
            "equity": 1769946,
            "current_ratio": 255.22,
            "debt_ratio": 25.78,
            "inventory_turnover_ratio": 0.89,
            "account_receivable_turnover_ratio": null,
            "reinvestment_rate": null,
            "research_to_sale_ratio": null,
            "price_fair": 0,
            "eps_avg_yearly": 0,
            "eps_latest_yearly": 0,
            "eps_growth_yearly": 0
        },
        "20012": {
            "year_quarter": 20012,
            "year": 2001,
            "quarter": 2,
            "eps": 1.24,
            "eps_growth_year": 3.33,
            "eps_4q": 5.38,
            "eps_4q_growth_year": -0.44,
            "roe": 5.26,
            "roe_4q": 10.61,
            "gross_profit": 158749,
            "gross_margin": 23.07,
            "gross_margin_4q_avg": 23.13,
            "net_income": 90815,
            "net_income_4q": null,
            "revenue": 688066,
            "revenue_4q": null,
            "common_shares": 733000,
            "book_valuer_per_share": 22.98,
            "book_valuer_per_share_4q_avg": 23.57,
            "equity": 1684690,
            "current_ratio": 196.26,
            "debt_ratio": 34.04,
            "inventory_turnover_ratio": 0.8,
            "account_receivable_turnover_ratio": null,
            "reinvestment_rate": null,
            "research_to_sale_ratio": null,
            "price_fair": 0,
            "eps_avg_yearly": 0,
            "eps_latest_yearly": 0,
            "eps_growth_yearly": 0
        },
        "20013": {
            "year_quarter": 20013,
            "year": 2001,
            "quarter": 3,
            "eps": 0.98,
            "eps_growth_year": -26.32,
            "eps_4q": 4.16,
            "eps_4q_growth_year": 11.36,
            "roe": 5.31,
            "roe_4q": 15.92,
            "gross_profit": 184092,
            "gross_margin": 22.71,
            "gross_margin_4q_avg": 22.99,
            "net_income": 91840,
            "net_income_4q": null,
            "revenue": 810634,
            "revenue_4q": null,
            "common_shares": 940000,
            "book_valuer_per_share": 18.9,
            "book_valuer_per_share_4q_avg": 22.01,
            "equity": 1776530,
            "current_ratio": 240.01,
            "debt_ratio": 27.22,
            "inventory_turnover_ratio": 1.01,
            "account_receivable_turnover_ratio": null,
            "reinvestment_rate": null,
            "research_to_sale_ratio": null,
            "price_fair": 0,
            "eps_avg_yearly": 0,
            "eps_latest_yearly": 0,
            "eps_growth_yearly": 0
        },
        "20014": {
            "year_quarter": 20014,
            "year": 2001,
            "quarter": 4,
            "eps": 0.97,
            "eps_growth_year": -38.99,
            "eps_4q": 3.9,
            "eps_4q_growth_year": -18.6,
            "roe": 4.99,
            "roe_4q": 20.91,
            "gross_profit": 185704,
            "gross_margin": 22.45,
            "gross_margin_4q_avg": 22.85,
            "net_income": 90917,
            "net_income_4q": null,
            "revenue": 827301,
            "revenue_4q": null,
            "common_shares": 940000,
            "book_valuer_per_share": 19.87,
            "book_valuer_per_share_4q_avg": 21.48,
            "equity": 1867447,
            "current_ratio": 240.59,
            "debt_ratio": 28.08,
            "inventory_turnover_ratio": 1.06,
            "account_receivable_turnover_ratio": null,
            "reinvestment_rate": null,
            "research_to_sale_ratio": null,
            "price_fair": 0,
            "eps_avg_yearly": 0,
            "eps_latest_yearly": 0,
            "eps_growth_yearly": 0
        },
        "20021": {
            "year_quarter": 20021,
            "year": 2002,
            "quarter": 1,
            "eps": 0.57,
            "eps_growth_year": -54.76,
            "eps_4q": 3.51,
            "eps_4q_growth_year": -28.17,
            "roe": 2.8,
            "roe_4q": 18.36,
            "gross_profit": 160214,
            "gross_margin": 18.41,
            "gross_margin_4q_avg": 21.66,
            "net_income": 53056,
            "net_income_4q": null,
            "revenue": 870214,
            "revenue_4q": null,
            "common_shares": 940000,
            "book_valuer_per_share": 20.43,
            "book_valuer_per_share_4q_avg": 20.55,
            "equity": 1920503,
            "current_ratio": 240.89,
            "debt_ratio": 28.24,
            "inventory_turnover_ratio": 1.08,
            "account_receivable_turnover_ratio": null,
            "reinvestment_rate": null,
            "research_to_sale_ratio": null,
            "price_fair": 6.84,
            "eps_avg_yearly": 2.28,
            "eps_latest_yearly": 2.28,
            "eps_growth_yearly": -164.95
        },
        "20022": {
            "year_quarter": 20022,
            "year": 2002,
            "quarter": 2,
            "eps": 0.42,
            "eps_growth_year": -66.13,
            "eps_4q": 2.95,
            "eps_4q_growth_year": -45.15,
            "roe": 2.14,
            "roe_4q": 15.239999999999998,
            "gross_profit": 119655,
            "gross_margin": 11.45,
            "gross_margin_4q_avg": 18.76,
            "net_income": 39092,
            "net_income_4q": null,
            "revenue": 1045385,
            "revenue_4q": null,
            "common_shares": 940000,
            "book_valuer_per_share": 18.52,
            "book_valuer_per_share_4q_avg": 19.43,
            "equity": 1740621,
            "current_ratio": 181.6,
            "debt_ratio": 36.51,
            "inventory_turnover_ratio": 1.18,
            "account_receivable_turnover_ratio": null,
            "reinvestment_rate": null,
            "research_to_sale_ratio": null,
            "price_fair": 5.94,
            "eps_avg_yearly": 1.98,
            "eps_latest_yearly": 1.68,
            "eps_growth_yearly": -135.11
        },
        "20023": {
            "year_quarter": 20023,
            "year": 2002,
            "quarter": 3,
            "eps": 0.08,
            "eps_growth_year": -91.84,
            "eps_4q": 1.64,
            "eps_4q_growth_year": -60.6,
            "roe": 0.54,
            "roe_4q": 10.47,
            "gross_profit": 76534,
            "gross_margin": 10.04,
            "gross_margin_4q_avg": 15.59,
            "net_income": 9383,
            "net_income_4q": null,
            "revenue": 761967,
            "revenue_4q": null,
            "common_shares": 1143600,
            "book_valuer_per_share": 15.3,
            "book_valuer_per_share_4q_avg": 18.53,
            "equity": 1750004,
            "current_ratio": 328.48,
            "debt_ratio": 54.21,
            "inventory_turnover_ratio": 0.89,
            "account_receivable_turnover_ratio": null,
            "reinvestment_rate": null,
            "research_to_sale_ratio": null,
            "price_fair": 4.28,
            "eps_avg_yearly": 1.43,
            "eps_latest_yearly": 0.32,
            "eps_growth_yearly": -198.01
        },
        "20024": {
            "year_quarter": 20024,
            "year": 2002,
            "quarter": 4,
            "eps": 0.03,
            "eps_growth_year": -96.91,
            "eps_4q": 0.9,
            "eps_4q_growth_year": -76.86,
            "roe": 0.2,
            "roe_4q": 5.68,
            "gross_profit": 113967,
            "gross_margin": 14.1,
            "gross_margin_4q_avg": 13.5,
            "net_income": 3489,
            "net_income_4q": null,
            "revenue": 808201,
            "revenue_4q": null,
            "common_shares": 1143600,
            "book_valuer_per_share": 15.33,
            "book_valuer_per_share_4q_avg": 17.4,
            "equity": 1753493,
            "current_ratio": 323.42,
            "debt_ratio": 53.43,
            "inventory_turnover_ratio": 0.97,
            "account_receivable_turnover_ratio": null,
            "reinvestment_rate": 85.85,
            "research_to_sale_ratio": null,
            "price_fair": 3.3,
            "eps_avg_yearly": 1.1,
            "eps_latest_yearly": 0.12,
            "eps_growth_yearly": -211.01
        },
        "20031": {
            "year_quarter": 20031,
            "year": 2003,
            "quarter": 1,
            "eps": -0.4,
            "eps_growth_year": -170.18,
            "eps_4q": 0.05,
            "eps_4q_growth_year": -98.56,
            "roe": -2.67,
            "roe_4q": 0.2100000000000004,
            "gross_profit": 82874,
            "gross_margin": 9.8,
            "gross_margin_4q_avg": 11.35,
            "net_income": -46136,
            "net_income_4q": null,
            "revenue": 846041,
            "revenue_4q": null,
            "common_shares": 1143600,
            "book_valuer_per_share": 14.93,
            "book_valuer_per_share_4q_avg": 16.02,
            "equity": 1707357,
            "current_ratio": 321.08,
            "debt_ratio": 53.97,
            "inventory_turnover_ratio": 1.02,
            "account_receivable_turnover_ratio": null,
            "reinvestment_rate": 90.86,
            "research_to_sale_ratio": null,
            "price_fair": 3.3,
            "eps_avg_yearly": 1.1,
            "eps_latest_yearly": 0.12,
            "eps_growth_yearly": -211.01
        },
        "20032": {
            "year_quarter": 20032,
            "year": 2003,
            "quarter": 2,
            "eps": -1.93,
            "eps_growth_year": -559.52,
            "eps_4q": -2.22,
            "eps_4q_growth_year": -175.31,
            "roe": -14.04,
            "roe_4q": -15.970000000000002,
            "gross_profit": 33199,
            "gross_margin": 4.36,
            "gross_margin_4q_avg": 9.58,
            "net_income": -221103,
            "net_income_4q": null,
            "revenue": 762181,
            "revenue_4q": null,
            "common_shares": 1143600,
            "book_valuer_per_share": 12.62,
            "book_valuer_per_share_4q_avg": 14.55,
            "equity": 1443091,
            "current_ratio": 270.83,
            "debt_ratio": 59.15,
            "inventory_turnover_ratio": 1.11,
            "account_receivable_turnover_ratio": null,
            "reinvestment_rate": 102.33,
            "research_to_sale_ratio": null,
            "price_fair": 3.3,
            "eps_avg_yearly": 1.1,
            "eps_latest_yearly": 0.12,
            "eps_growth_yearly": -211.01
        },
        "20033": {
            "year_quarter": 20033,
            "year": 2003,
            "quarter": 3,
            "eps": -0.24,
            "eps_growth_year": -400,
            "eps_4q": -2.48,
            "eps_4q_growth_year": -251.33,
            "roe": -1.94,
            "roe_4q": -18.45,
            "gross_profit": 26172,
            "gross_margin": 2.79,
            "gross_margin_4q_avg": 7.76,
            "net_income": -27650,
            "net_income_4q": null,
            "revenue": 936641,
            "revenue_4q": null,
            "common_shares": 1173572,
            "book_valuer_per_share": 12.06,
            "book_valuer_per_share_4q_avg": 13.74,
            "equity": 1414863,
            "current_ratio": 210.74,
            "debt_ratio": 59.93,
            "inventory_turnover_ratio": 1.43,
            "account_receivable_turnover_ratio": null,
            "reinvestment_rate": 84.99,
            "research_to_sale_ratio": null,
            "price_fair": 3.3,
            "eps_avg_yearly": 1.1,
            "eps_latest_yearly": 0.12,
            "eps_growth_yearly": -211.01
        },
        "20034": {
            "year_quarter": 20034,
            "year": 2003,
            "quarter": 4,
            "eps": -0.72,
            "eps_growth_year": -2500,
            "eps_4q": -3.23,
            "eps_4q_growth_year": -457.69,
            "roe": -6.18,
            "roe_4q": -24.83,
            "gross_profit": 64251,
            "gross_margin": 4.62,
            "gross_margin_4q_avg": 5.39,
            "net_income": -84797,
            "net_income_4q": null,
            "revenue": 1389563,
            "revenue_4q": null,
            "common_shares": 1173572,
            "book_valuer_per_share": 11.33,
            "book_valuer_per_share_4q_avg": 12.74,
            "equity": 1330138,
            "current_ratio": 195.77,
            "debt_ratio": 60.81,
            "inventory_turnover_ratio": 1.64,
            "account_receivable_turnover_ratio": null,
            "reinvestment_rate": 90.57,
            "research_to_sale_ratio": null,
            "price_fair": 3.3,
            "eps_avg_yearly": 1.1,
            "eps_latest_yearly": 0.12,
            "eps_growth_yearly": -211.01
        },
        "20041": {
            "year_quarter": 20041,
            "year": 2004,
            "quarter": 1,
            "eps": -0.81,
            "eps_growth_year": null,
            "eps_4q": -3.64,
            "eps_4q_growth_year": -7300.23,
            "roe": -7.45,
            "roe_4q": -29.61,
            "gross_profit": 40146,
            "gross_margin": 2.9,
            "gross_margin_4q_avg": 3.67,
            "net_income": -95529,
            "net_income_4q": null,
            "revenue": 1386311,
            "revenue_4q": null,
            "common_shares": 1173572,
            "book_valuer_per_share": 10.52,
            "book_valuer_per_share_4q_avg": 11.63,
            "equity": 1234609,
            "current_ratio": 217.86,
            "debt_ratio": 63.19,
            "inventory_turnover_ratio": 1.54,
            "account_receivable_turnover_ratio": null,
            "reinvestment_rate": 142.09,
            "research_to_sale_ratio": null,
            "price_fair": 3.3,
            "eps_avg_yearly": 1.1,
            "eps_latest_yearly": 0.12,
            "eps_growth_yearly": -211.01
        },
        "20042": {
            "year_quarter": 20042,
            "year": 2004,
            "quarter": 2,
            "eps": -0.42,
            "eps_growth_year": null,
            "eps_4q": -2.19,
            "eps_4q_growth_year": null,
            "roe": -4.04,
            "roe_4q": -19.610000000000003,
            "gross_profit": 116656,
            "gross_margin": 13.87,
            "gross_margin_4q_avg": 6.05,
            "net_income": -48898,
            "net_income_4q": null,
            "revenue": 840906,
            "revenue_4q": null,
            "common_shares": 1173572,
            "book_valuer_per_share": 10.1,
            "book_valuer_per_share_4q_avg": 11,
            "equity": 1185711,
            "current_ratio": 234.52,
            "debt_ratio": 62.1,
            "inventory_turnover_ratio": 0.82,
            "account_receivable_turnover_ratio": null,
            "reinvestment_rate": 192.78,
            "research_to_sale_ratio": null,
            "price_fair": 3.3,
            "eps_avg_yearly": 1.1,
            "eps_latest_yearly": 0.12,
            "eps_growth_yearly": -211.01
        },
        "20043": {
            "year_quarter": 20043,
            "year": 2004,
            "quarter": 3,
            "eps": -0.83,
            "eps_growth_year": null,
            "eps_4q": -2.78,
            "eps_4q_growth_year": null,
            "roe": -8.58,
            "roe_4q": -26.25,
            "gross_profit": 51542,
            "gross_margin": 6.36,
            "gross_margin_4q_avg": 6.94,
            "net_income": -97522,
            "net_income_4q": null,
            "revenue": 809978,
            "revenue_4q": null,
            "common_shares": 1173572,
            "book_valuer_per_share": 9.27,
            "book_valuer_per_share_4q_avg": 10.31,
            "equity": 1088189,
            "current_ratio": 130.32,
            "debt_ratio": 63.51,
            "inventory_turnover_ratio": 0.91,
            "account_receivable_turnover_ratio": null,
            "reinvestment_rate": null,
            "research_to_sale_ratio": null,
            "price_fair": 3.3,
            "eps_avg_yearly": 1.1,
            "eps_latest_yearly": 0.12,
            "eps_growth_yearly": -211.01
        },
        "20044": {
            "year_quarter": 20044,
            "year": 2004,
            "quarter": 4,
            "eps": -0.44,
            "eps_growth_year": null,
            "eps_4q": -2.5,
            "eps_4q_growth_year": null,
            "roe": -4.82,
            "roe_4q": -24.89,
            "gross_profit": 113047,
            "gross_margin": 9.43,
            "gross_margin_4q_avg": 8.14,
            "net_income": -51138,
            "net_income_4q": null,
            "revenue": 1198404,
            "revenue_4q": null,
            "common_shares": 1173572,
            "book_valuer_per_share": 8.82,
            "book_valuer_per_share_4q_avg": 9.68,
            "equity": 1035392,
            "current_ratio": 122.9,
            "debt_ratio": 65.48,
            "inventory_turnover_ratio": 1.54,
            "account_receivable_turnover_ratio": null,
            "reinvestment_rate": null,
            "research_to_sale_ratio": null,
            "price_fair": 3.3,
            "eps_avg_yearly": 1.1,
            "eps_latest_yearly": 0.12,
            "eps_growth_yearly": -211.01
        },
        "20051": {
            "year_quarter": 20051,
            "year": 2005,
            "quarter": 1,
            "eps": -0.65,
            "eps_growth_year": null,
            "eps_4q": -2.34,
            "eps_4q_growth_year": null,
            "roe": -7.61,
            "roe_4q": -25.049999999999997,
            "gross_profit": 81991,
            "gross_margin": 10.23,
            "gross_margin_4q_avg": 9.97,
            "net_income": -75929,
            "net_income_4q": null,
            "revenue": 801292,
            "revenue_4q": null,
            "common_shares": 1173572,
            "book_valuer_per_share": 8.18,
            "book_valuer_per_share_4q_avg": 9.09,
            "equity": 959463,
            "current_ratio": 121.45,
            "debt_ratio": 65.62,
            "inventory_turnover_ratio": 1.08,
            "account_receivable_turnover_ratio": null,
            "reinvestment_rate": null,
            "research_to_sale_ratio": null,
            "price_fair": 3.3,
            "eps_avg_yearly": 1.1,
            "eps_latest_yearly": 0.12,
            "eps_growth_yearly": -211.01
        },
        "20052": {
            "year_quarter": 20052,
            "year": 2005,
            "quarter": 2,
            "eps": -0.1,
            "eps_growth_year": null,
            "eps_4q": -2.02,
            "eps_4q_growth_year": null,
            "roe": -1.28,
            "roe_4q": -22.29,
            "gross_profit": 117854,
            "gross_margin": 13.58,
            "gross_margin_4q_avg": 9.9,
            "net_income": -12208,
            "net_income_4q": null,
            "revenue": 868084,
            "revenue_4q": null,
            "common_shares": 1173572,
            "book_valuer_per_share": 8.07,
            "book_valuer_per_share_4q_avg": 8.59,
            "equity": 947139,
            "current_ratio": 118.53,
            "debt_ratio": 66.39,
            "inventory_turnover_ratio": 1.09,
            "account_receivable_turnover_ratio": null,
            "reinvestment_rate": null,
            "research_to_sale_ratio": null,
            "price_fair": 3.3,
            "eps_avg_yearly": 1.1,
            "eps_latest_yearly": 0.12,
            "eps_growth_yearly": -211.01
        },
        "20053": {
            "year_quarter": 20053,
            "year": 2005,
            "quarter": 3,
            "eps": 0.15,
            "eps_growth_year": null,
            "eps_4q": -0.99,
            "eps_4q_growth_year": null,
            "roe": 1.73,
            "roe_4q": -11.98,
            "gross_profit": 125182,
            "gross_margin": 14.41,
            "gross_margin_4q_avg": 11.91,
            "net_income": 18277,
            "net_income_4q": null,
            "revenue": 868579,
            "revenue_4q": null,
            "common_shares": 1393572,
            "book_valuer_per_share": 8.35,
            "book_valuer_per_share_4q_avg": 8.36,
            "equity": 1164287,
            "current_ratio": 142.24,
            "debt_ratio": 56.34,
            "inventory_turnover_ratio": 1.04,
            "account_receivable_turnover_ratio": null,
            "reinvestment_rate": null,
            "research_to_sale_ratio": null,
            "price_fair": 3.3,
            "eps_avg_yearly": 1.1,
            "eps_latest_yearly": 0.12,
            "eps_growth_yearly": -211.01
        },
        "20054": {
            "year_quarter": 20054,
            "year": 2005,
            "quarter": 4,
            "eps": 0.06,
            "eps_growth_year": null,
            "eps_4q": -0.53,
            "eps_4q_growth_year": null,
            "roe": 0.61,
            "roe_4q": -6.550000000000001,
            "gross_profit": 123651,
            "gross_margin": 15.46,
            "gross_margin_4q_avg": 13.42,
            "net_income": 7160,
            "net_income_4q": null,
            "revenue": 799588,
            "revenue_4q": null,
            "common_shares": 1393572,
            "book_valuer_per_share": 8.42,
            "book_valuer_per_share_4q_avg": 8.26,
            "equity": 1173052,
            "current_ratio": 141.04,
            "debt_ratio": 54.14,
            "inventory_turnover_ratio": 1,
            "account_receivable_turnover_ratio": null,
            "reinvestment_rate": null,
            "research_to_sale_ratio": null,
            "price_fair": 2.78,
            "eps_avg_yearly": 0.93,
            "eps_latest_yearly": 0.24,
            "eps_growth_yearly": -216.8
        },
        "20061": {
            "year_quarter": 20061,
            "year": 2006,
            "quarter": 1,
            "eps": -0.24,
            "eps_growth_year": null,
            "eps_4q": -0.15,
            "eps_4q_growth_year": null,
            "roe": -2.92,
            "roe_4q": -1.86,
            "gross_profit": 72861,
            "gross_margin": 11.57,
            "gross_margin_4q_avg": 13.76,
            "net_income": -33796,
            "net_income_4q": null,
            "revenue": 629785,
            "revenue_4q": null,
            "common_shares": 1393572,
            "book_valuer_per_share": 8.18,
            "book_valuer_per_share_4q_avg": 8.26,
            "equity": 1139595,
            "current_ratio": 133.25,
            "debt_ratio": 55.37,
            "inventory_turnover_ratio": 0.85,
            "account_receivable_turnover_ratio": null,
            "reinvestment_rate": null,
            "research_to_sale_ratio": null,
            "price_fair": 1.77,
            "eps_avg_yearly": 0.59,
            "eps_latest_yearly": 0.24,
            "eps_growth_yearly": -229.77
        },
        "20062": {
            "year_quarter": 20062,
            "year": 2006,
            "quarter": 2,
            "eps": 0.18,
            "eps_growth_year": null,
            "eps_4q": 0.12,
            "eps_4q_growth_year": null,
            "roe": 2.16,
            "roe_4q": 1.58,
            "gross_profit": 103195,
            "gross_margin": 15.22,
            "gross_margin_4q_avg": 14.17,
            "net_income": 24812,
            "net_income_4q": null,
            "revenue": 678031,
            "revenue_4q": null,
            "common_shares": 1393572,
            "book_valuer_per_share": 8.34,
            "book_valuer_per_share_4q_avg": 8.32,
            "equity": 1162787,
            "current_ratio": 133.03,
            "debt_ratio": 52.9,
            "inventory_turnover_ratio": 0.84,
            "account_receivable_turnover_ratio": null,
            "reinvestment_rate": null,
            "research_to_sale_ratio": null,
            "price_fair": 0.68,
            "eps_avg_yearly": 0.23,
            "eps_latest_yearly": 0.24,
            "eps_growth_yearly": -271.27
        },
        "20063": {
            "year_quarter": 20063,
            "year": 2006,
            "quarter": 3,
            "eps": -0.1,
            "eps_growth_year": -166.67,
            "eps_4q": -0.11,
            "eps_4q_growth_year": null,
            "roe": -1.17,
            "roe_4q": -1.3199999999999998,
            "gross_profit": 52777,
            "gross_margin": 8.91,
            "gross_margin_4q_avg": 12.79,
            "net_income": -13503,
            "net_income_4q": null,
            "revenue": 592294,
            "revenue_4q": null,
            "common_shares": 1393572,
            "book_valuer_per_share": 8.25,
            "book_valuer_per_share_4q_avg": 8.3,
            "equity": 1149568,
            "current_ratio": 134.93,
            "debt_ratio": 48.9,
            "inventory_turnover_ratio": 0.83,
            "account_receivable_turnover_ratio": null,
            "reinvestment_rate": null,
            "research_to_sale_ratio": null,
            "price_fair": 0.54,
            "eps_avg_yearly": 0.18,
            "eps_latest_yearly": 0.24,
            "eps_growth_yearly": -245
        },
        "20064": {
            "year_quarter": 20064,
            "year": 2006,
            "quarter": 4,
            "eps": -0.89,
            "eps_growth_year": -1583.33,
            "eps_4q": -1.05,
            "eps_4q_growth_year": null,
            "roe": -11.35,
            "roe_4q": -13.28,
            "gross_profit": 64348,
            "gross_margin": 9.49,
            "gross_margin_4q_avg": 11.3,
            "net_income": -123507,
            "net_income_4q": null,
            "revenue": 678015,
            "revenue_4q": null,
            "common_shares": 1393572,
            "book_valuer_per_share": 7.37,
            "book_valuer_per_share_4q_avg": 8.04,
            "equity": 1027280,
            "current_ratio": 120.62,
            "debt_ratio": 53.92,
            "inventory_turnover_ratio": 1.07,
            "account_receivable_turnover_ratio": null,
            "reinvestment_rate": null,
            "research_to_sale_ratio": null,
            "price_fair": 0.72,
            "eps_avg_yearly": 0.24,
            "eps_latest_yearly": 0.24,
            "eps_growth_yearly": -240
        },
        "20071": {
            "year_quarter": 20071,
            "year": 2007,
            "quarter": 1,
            "eps": 0.24,
            "eps_growth_year": null,
            "eps_4q": -0.5,
            "eps_4q_growth_year": null,
            "roe": 3.13,
            "roe_4q": -7.229999999999999,
            "gross_profit": 103075,
            "gross_margin": 13.74,
            "gross_margin_4q_avg": 11.84,
            "net_income": 36153,
            "net_income_4q": null,
            "revenue": 750267,
            "revenue_4q": null,
            "common_shares": 1593572,
            "book_valuer_per_share": 8.06,
            "book_valuer_per_share_4q_avg": 8.01,
            "equity": 1284572,
            "current_ratio": 140,
            "debt_ratio": 47.16,
            "inventory_turnover_ratio": 1.2,
            "account_receivable_turnover_ratio": null,
            "reinvestment_rate": null,
            "research_to_sale_ratio": null,
            "price_fair": 0.72,
            "eps_avg_yearly": 0.24,
            "eps_latest_yearly": 0.24,
            "eps_growth_yearly": -240
        },
        "20072": {
            "year_quarter": 20072,
            "year": 2007,
            "quarter": 2,
            "eps": 0.11,
            "eps_growth_year": -38.89,
            "eps_4q": -0.54,
            "eps_4q_growth_year": -551.81,
            "roe": 1.32,
            "roe_4q": -8.07,
            "gross_profit": 83851,
            "gross_margin": 13.78,
            "gross_margin_4q_avg": 11.48,
            "net_income": 17087,
            "net_income_4q": null,
            "revenue": 608287,
            "revenue_4q": null,
            "common_shares": 1601032,
            "book_valuer_per_share": 8.13,
            "book_valuer_per_share_4q_avg": 7.95,
            "equity": 1302279,
            "current_ratio": 145.09,
            "debt_ratio": 42.18,
            "inventory_turnover_ratio": 1.01,
            "account_receivable_turnover_ratio": null,
            "reinvestment_rate": null,
            "research_to_sale_ratio": null,
            "price_fair": 1.02,
            "eps_avg_yearly": 0.34,
            "eps_latest_yearly": 0.44,
            "eps_growth_yearly": -228.33
        },
        "20073": {
            "year_quarter": 20073,
            "year": 2007,
            "quarter": 3,
            "eps": 0.21,
            "eps_growth_year": null,
            "eps_4q": -0.25,
            "eps_4q_growth_year": null,
            "roe": 2.42,
            "roe_4q": -4.4799999999999995,
            "gross_profit": 94556,
            "gross_margin": 13.12,
            "gross_margin_4q_avg": 12.53,
            "net_income": 31927,
            "net_income_4q": null,
            "revenue": 720425,
            "revenue_4q": null,
            "common_shares": 1234559,
            "book_valuer_per_share": 10.81,
            "book_valuer_per_share_4q_avg": 8.59,
            "equity": 1334066,
            "current_ratio": 138.13,
            "debt_ratio": 43.57,
            "inventory_turnover_ratio": 1.37,
            "account_receivable_turnover_ratio": null,
            "reinvestment_rate": null,
            "research_to_sale_ratio": null,
            "price_fair": 1.52,
            "eps_avg_yearly": 0.51,
            "eps_latest_yearly": 0.84,
            "eps_growth_yearly": -31.01
        },
        "20074": {
            "year_quarter": 20074,
            "year": 2007,
            "quarter": 4,
            "eps": 0.18,
            "eps_growth_year": null,
            "eps_4q": 0.88,
            "eps_4q_growth_year": null,
            "roe": 1.63,
            "roe_4q": 8.5,
            "gross_profit": 101071,
            "gross_margin": 13.91,
            "gross_margin_4q_avg": 13.64,
            "net_income": 21909,
            "net_income_4q": null,
            "revenue": 726583,
            "revenue_4q": null,
            "common_shares": 1234559,
            "book_valuer_per_share": 11.01,
            "book_valuer_per_share_4q_avg": 9.5,
            "equity": 1359671,
            "current_ratio": 141.08,
            "debt_ratio": 41.29,
            "inventory_turnover_ratio": 1.46,
            "account_receivable_turnover_ratio": null,
            "reinvestment_rate": null,
            "research_to_sale_ratio": null,
            "price_fair": 1.68,
            "eps_avg_yearly": 0.56,
            "eps_latest_yearly": 0.72,
            "eps_growth_yearly": -37.54
        },
        "20081": {
            "year_quarter": 20081,
            "year": 2008,
            "quarter": 1,
            "eps": 0.01,
            "eps_growth_year": -95.83,
            "eps_4q": 0.48,
            "eps_4q_growth_year": null,
            "roe": 0.11,
            "roe_4q": 5.48,
            "gross_profit": 94065,
            "gross_margin": 13.63,
            "gross_margin_4q_avg": 13.61,
            "net_income": 1498,
            "net_income_4q": null,
            "revenue": 690339,
            "revenue_4q": null,
            "common_shares": 1238359,
            "book_valuer_per_share": 11,
            "book_valuer_per_share_4q_avg": 10.24,
            "equity": 1362663,
            "current_ratio": 136.62,
            "debt_ratio": 41.5,
            "inventory_turnover_ratio": 1.37,
            "account_receivable_turnover_ratio": null,
            "reinvestment_rate": null,
            "research_to_sale_ratio": null,
            "price_fair": 1.37,
            "eps_avg_yearly": 0.46,
            "eps_latest_yearly": 0.04,
            "eps_growth_yearly": -105.59
        },
        "20082": {
            "year_quarter": 20082,
            "year": 2008,
            "quarter": 2,
            "eps": -0.32,
            "eps_growth_year": -390.91,
            "eps_4q": 0.12,
            "eps_4q_growth_year": null,
            "roe": -3.06,
            "roe_4q": 1.0999999999999996,
            "gross_profit": 23281,
            "gross_margin": 4.64,
            "gross_margin_4q_avg": 11.33,
            "net_income": -39878,
            "net_income_4q": null,
            "revenue": 502268,
            "revenue_4q": null,
            "common_shares": 1239499,
            "book_valuer_per_share": 10.03,
            "book_valuer_per_share_4q_avg": 10.71,
            "equity": 1242992,
            "current_ratio": 125.4,
            "debt_ratio": 43.99,
            "inventory_turnover_ratio": 1.11,
            "account_receivable_turnover_ratio": null,
            "reinvestment_rate": null,
            "research_to_sale_ratio": null,
            "price_fair": 1.37,
            "eps_avg_yearly": 0.46,
            "eps_latest_yearly": 0.04,
            "eps_growth_yearly": -105.59
        },
        "20083": {
            "year_quarter": 20083,
            "year": 2008,
            "quarter": 3,
            "eps": 0.04,
            "eps_growth_year": -80.95,
            "eps_4q": -0.11,
            "eps_4q_growth_year": null,
            "roe": 0.35,
            "roe_4q": -0.9700000000000002,
            "gross_profit": 67357,
            "gross_margin": 9.79,
            "gross_margin_4q_avg": 10.49,
            "net_income": 4379,
            "net_income_4q": null,
            "revenue": 688096,
            "revenue_4q": null,
            "common_shares": 1239499,
            "book_valuer_per_share": 10.07,
            "book_valuer_per_share_4q_avg": 10.53,
            "equity": 1248171,
            "current_ratio": 123.72,
            "debt_ratio": 47.5,
            "inventory_turnover_ratio": 1.31,
            "account_receivable_turnover_ratio": null,
            "reinvestment_rate": null,
            "research_to_sale_ratio": null,
            "price_fair": 1.37,
            "eps_avg_yearly": 0.46,
            "eps_latest_yearly": 0.04,
            "eps_growth_yearly": -105.59
        },
        "20084": {
            "year_quarter": 20084,
            "year": 2008,
            "quarter": 4,
            "eps": 0.01,
            "eps_growth_year": -94.44,
            "eps_4q": -0.26,
            "eps_4q_growth_year": -129.56,
            "roe": 0.14,
            "roe_4q": -2.4600000000000004,
            "gross_profit": 73219,
            "gross_margin": 14,
            "gross_margin_4q_avg": 10.52,
            "net_income": 1705,
            "net_income_4q": null,
            "revenue": 522807,
            "revenue_4q": null,
            "common_shares": 1239499,
            "book_valuer_per_share": 10.09,
            "book_valuer_per_share_4q_avg": 10.3,
            "equity": 1250340,
            "current_ratio": 134.63,
            "debt_ratio": 39.08,
            "inventory_turnover_ratio": 0.95,
            "account_receivable_turnover_ratio": 2.54,
            "reinvestment_rate": null,
            "research_to_sale_ratio": null,
            "price_fair": 1.16,
            "eps_avg_yearly": 0.39,
            "eps_latest_yearly": 0.04,
            "eps_growth_yearly": -137.99
        },
        "20091": {
            "year_quarter": 20091,
            "year": 2009,
            "quarter": 1,
            "eps": -0.37,
            "eps_growth_year": -3800,
            "eps_4q": -0.64,
            "eps_4q_growth_year": -232.96,
            "roe": -3.74,
            "roe_4q": -6.3100000000000005,
            "gross_profit": 12462,
            "gross_margin": 3.68,
            "gross_margin_4q_avg": 8.03,
            "net_income": -45878,
            "net_income_4q": null,
            "revenue": 338244,
            "revenue_4q": null,
            "common_shares": 1239499,
            "book_valuer_per_share": 9.72,
            "book_valuer_per_share_4q_avg": 9.98,
            "equity": 1204527,
            "current_ratio": 138.66,
            "debt_ratio": 34.86,
            "inventory_turnover_ratio": 0.81,
            "account_receivable_turnover_ratio": 1.01,
            "reinvestment_rate": null,
            "research_to_sale_ratio": null,
            "price_fair": 1.16,
            "eps_avg_yearly": 0.39,
            "eps_latest_yearly": 0.04,
            "eps_growth_yearly": -137.99
        },
        "20092": {
            "year_quarter": 20092,
            "year": 2009,
            "quarter": 2,
            "eps": -0.53,
            "eps_growth_year": null,
            "eps_4q": -0.85,
            "eps_4q_growth_year": -782.5,
            "roe": -5.61,
            "roe_4q": -8.860000000000001,
            "gross_profit": 5157,
            "gross_margin": 1.16,
            "gross_margin_4q_avg": 7.16,
            "net_income": -65693,
            "net_income_4q": null,
            "revenue": 444074,
            "revenue_4q": null,
            "common_shares": 1239499,
            "book_valuer_per_share": 9.19,
            "book_valuer_per_share_4q_avg": 9.77,
            "equity": 1139225,
            "current_ratio": 125.76,
            "debt_ratio": 40.74,
            "inventory_turnover_ratio": 1.07,
            "account_receivable_turnover_ratio": 1.57,
            "reinvestment_rate": null,
            "research_to_sale_ratio": null,
            "price_fair": 1.16,
            "eps_avg_yearly": 0.39,
            "eps_latest_yearly": 0.04,
            "eps_growth_yearly": -137.99
        },
        "20093": {
            "year_quarter": 20093,
            "year": 2009,
            "quarter": 3,
            "eps": -0.1,
            "eps_growth_year": -350,
            "eps_4q": -0.98,
            "eps_4q_growth_year": null,
            "roe": -1.06,
            "roe_4q": -10.27,
            "gross_profit": 58658,
            "gross_margin": 10.34,
            "gross_margin_4q_avg": 7.3,
            "net_income": -11961,
            "net_income_4q": null,
            "revenue": 567103,
            "revenue_4q": null,
            "common_shares": 1239499,
            "book_valuer_per_share": 9.1,
            "book_valuer_per_share_4q_avg": 9.53,
            "equity": 1128243,
            "current_ratio": 159.02,
            "debt_ratio": 46.49,
            "inventory_turnover_ratio": 1.22,
            "account_receivable_turnover_ratio": 1.61,
            "reinvestment_rate": null,
            "research_to_sale_ratio": null,
            "price_fair": 1.16,
            "eps_avg_yearly": 0.39,
            "eps_latest_yearly": 0.04,
            "eps_growth_yearly": -137.99
        },
        "20094": {
            "year_quarter": 20094,
            "year": 2009,
            "quarter": 4,
            "eps": -0.54,
            "eps_growth_year": -5500,
            "eps_4q": -1.54,
            "eps_4q_growth_year": null,
            "roe": -6.15,
            "roe_4q": -16.560000000000002,
            "gross_profit": 21004,
            "gross_margin": 3.41,
            "gross_margin_4q_avg": 4.65,
            "net_income": -67572,
            "net_income_4q": null,
            "revenue": 615173,
            "revenue_4q": null,
            "common_shares": 1240199,
            "book_valuer_per_share": 8.61,
            "book_valuer_per_share_4q_avg": 9.16,
            "equity": 1068301,
            "current_ratio": 145.41,
            "debt_ratio": 49.58,
            "inventory_turnover_ratio": 1.58,
            "account_receivable_turnover_ratio": 2.29,
            "reinvestment_rate": null,
            "research_to_sale_ratio": null,
            "price_fair": 1.25,
            "eps_avg_yearly": 0.42,
            "eps_latest_yearly": 0.04,
            "eps_growth_yearly": -117.59
        },
        "20101": {
            "year_quarter": 20101,
            "year": 2010,
            "quarter": 1,
            "eps": -0.1,
            "eps_growth_year": null,
            "eps_4q": -1.27,
            "eps_4q_growth_year": null,
            "roe": -1.19,
            "roe_4q": -14.010000000000002,
            "gross_profit": 56362,
            "gross_margin": 10.87,
            "gross_margin_4q_avg": 6.45,
            "net_income": -12662,
            "net_income_4q": null,
            "revenue": 518587,
            "revenue_4q": null,
            "common_shares": 1242373,
            "book_valuer_per_share": 8.51,
            "book_valuer_per_share_4q_avg": 8.85,
            "equity": 1056963,
            "current_ratio": 143.4,
            "debt_ratio": 49.55,
            "inventory_turnover_ratio": 1.2,
            "account_receivable_turnover_ratio": 1,
            "reinvestment_rate": null,
            "research_to_sale_ratio": 3.65,
            "price_fair": 1.25,
            "eps_avg_yearly": 0.42,
            "eps_latest_yearly": 0.04,
            "eps_growth_yearly": -117.59
        },
        "20102": {
            "year_quarter": 20102,
            "year": 2010,
            "quarter": 2,
            "eps": 0.1,
            "eps_growth_year": null,
            "eps_4q": -0.59,
            "eps_4q_growth_year": null,
            "roe": 1.2,
            "roe_4q": -7.200000000000001,
            "gross_profit": 61260,
            "gross_margin": 10.04,
            "gross_margin_4q_avg": 8.67,
            "net_income": 13370,
            "net_income_4q": null,
            "revenue": 610039,
            "revenue_4q": null,
            "common_shares": 1343373,
            "book_valuer_per_share": 8.76,
            "book_valuer_per_share_4q_avg": 8.75,
            "equity": 1176620,
            "current_ratio": 149.9,
            "debt_ratio": 49.36,
            "inventory_turnover_ratio": 1.2,
            "account_receivable_turnover_ratio": 1.18,
            "reinvestment_rate": null,
            "research_to_sale_ratio": 3.11,
            "price_fair": 1.25,
            "eps_avg_yearly": 0.42,
            "eps_latest_yearly": 0.04,
            "eps_growth_yearly": -117.59
        },
        "20103": {
            "year_quarter": 20103,
            "year": 2010,
            "quarter": 3,
            "eps": -0.41,
            "eps_growth_year": null,
            "eps_4q": -0.91,
            "eps_4q_growth_year": null,
            "roe": -4.83,
            "roe_4q": -10.97,
            "gross_profit": 38267,
            "gross_margin": 6.26,
            "gross_margin_4q_avg": 7.65,
            "net_income": -55640,
            "net_income_4q": null,
            "revenue": 611604,
            "revenue_4q": null,
            "common_shares": 1343373,
            "book_valuer_per_share": 8.36,
            "book_valuer_per_share_4q_avg": 8.56,
            "equity": 1129599,
            "current_ratio": 141.16,
            "debt_ratio": 50.27,
            "inventory_turnover_ratio": 1.27,
            "account_receivable_turnover_ratio": 1.1,
            "reinvestment_rate": null,
            "research_to_sale_ratio": 3.17,
            "price_fair": 1.25,
            "eps_avg_yearly": 0.42,
            "eps_latest_yearly": 0.04,
            "eps_growth_yearly": -117.59
        },
        "20104": {
            "year_quarter": 20104,
            "year": 2010,
            "quarter": 4,
            "eps": -0.58,
            "eps_growth_year": null,
            "eps_4q": -0.99,
            "eps_4q_growth_year": null,
            "roe": -7.18,
            "roe_4q": -12,
            "gross_profit": 33921,
            "gross_margin": 6.26,
            "gross_margin_4q_avg": 8.36,
            "net_income": -78543,
            "net_income_4q": null,
            "revenue": 542113,
            "revenue_4q": null,
            "common_shares": 1350595,
            "book_valuer_per_share": 7.82,
            "book_valuer_per_share_4q_avg": 8.36,
            "equity": 1056786,
            "current_ratio": 129.95,
            "debt_ratio": 52.81,
            "inventory_turnover_ratio": 1.15,
            "account_receivable_turnover_ratio": 1.04,
            "reinvestment_rate": null,
            "research_to_sale_ratio": 4.53,
            "price_fair": 1.25,
            "eps_avg_yearly": 0.42,
            "eps_latest_yearly": 0.04,
            "eps_growth_yearly": -117.59
        },
        "20111": {
            "year_quarter": 20111,
            "year": 2011,
            "quarter": 1,
            "eps": -0.41,
            "eps_growth_year": null,
            "eps_4q": -1.3,
            "eps_4q_growth_year": null,
            "roe": -5.33,
            "roe_4q": -16.14,
            "gross_profit": 33788,
            "gross_margin": 6.96,
            "gross_margin_4q_avg": 7.38,
            "net_income": -54878,
            "net_income_4q": null,
            "revenue": 485485,
            "revenue_4q": null,
            "common_shares": 1350595,
            "book_valuer_per_share": 7.42,
            "book_valuer_per_share_4q_avg": 8.09,
            "equity": 1001964,
            "current_ratio": 124.41,
            "debt_ratio": 53.1,
            "inventory_turnover_ratio": 0.94,
            "account_receivable_turnover_ratio": 1.07,
            "reinvestment_rate": null,
            "research_to_sale_ratio": 4.38,
            "price_fair": 1.25,
            "eps_avg_yearly": 0.42,
            "eps_latest_yearly": 0.04,
            "eps_growth_yearly": -117.59
        },
        "20112": {
            "year_quarter": 20112,
            "year": 2011,
            "quarter": 2,
            "eps": -0.33,
            "eps_growth_year": -432.76,
            "eps_4q": -1.73,
            "eps_4q_growth_year": null,
            "roe": -4.57,
            "roe_4q": -21.909999999999997,
            "gross_profit": 16534,
            "gross_margin": 3.65,
            "gross_margin_4q_avg": 5.78,
            "net_income": -44730,
            "net_income_4q": null,
            "revenue": 453429,
            "revenue_4q": null,
            "common_shares": 1350595,
            "book_valuer_per_share": 7.06,
            "book_valuer_per_share_4q_avg": 7.67,
            "equity": 954121,
            "current_ratio": 117.87,
            "debt_ratio": 55.08,
            "inventory_turnover_ratio": 0.88,
            "account_receivable_turnover_ratio": 1,
            "reinvestment_rate": null,
            "research_to_sale_ratio": 5.08,
            "price_fair": 1.23,
            "eps_avg_yearly": 0.41,
            "eps_latest_yearly": 0.04,
            "eps_growth_yearly": -92.82
        },
        "20113": {
            "year_quarter": 20113,
            "year": 2011,
            "quarter": 3,
            "eps": 0.2,
            "eps_growth_year": null,
            "eps_4q": -1.12,
            "eps_4q_growth_year": null,
            "roe": 2.8,
            "roe_4q": -14.280000000000001,
            "gross_profit": 71115,
            "gross_margin": 13.79,
            "gross_margin_4q_avg": 7.67,
            "net_income": 27248,
            "net_income_4q": null,
            "revenue": 515859,
            "revenue_4q": null,
            "common_shares": 1350595,
            "book_valuer_per_share": 7.34,
            "book_valuer_per_share_4q_avg": 7.41,
            "equity": 990894,
            "current_ratio": 140.61,
            "debt_ratio": 53.37,
            "inventory_turnover_ratio": 0.89,
            "account_receivable_turnover_ratio": 1.13,
            "reinvestment_rate": null,
            "research_to_sale_ratio": 3.25,
            "price_fair": 0.8,
            "eps_avg_yearly": 0.27,
            "eps_latest_yearly": 0.04,
            "eps_growth_yearly": -244.97
        },
        "20114": {
            "year_quarter": 20114,
            "year": 2011,
            "quarter": 4,
            "eps": 0.62,
            "eps_growth_year": null,
            "eps_4q": 0.09,
            "eps_4q_growth_year": null,
            "roe": 8.15,
            "roe_4q": 1.049999999999999,
            "gross_profit": 73251,
            "gross_margin": 12.7,
            "gross_margin_4q_avg": 9.28,
            "net_income": 84160,
            "net_income_4q": null,
            "revenue": 576975,
            "revenue_4q": null,
            "common_shares": 1350595,
            "book_valuer_per_share": 7.95,
            "book_valuer_per_share_4q_avg": 7.44,
            "equity": 1073294,
            "current_ratio": 148.65,
            "debt_ratio": 51.21,
            "inventory_turnover_ratio": 0.99,
            "account_receivable_turnover_ratio": 1.21,
            "reinvestment_rate": null,
            "research_to_sale_ratio": 3.59,
            "price_fair": 29.87,
            "eps_avg_yearly": 0.85,
            "eps_latest_yearly": 2.48,
            "eps_growth_yearly": 54.07
        },
        "20121": {
            "year_quarter": 20121,
            "year": 2012,
            "quarter": 1,
            "eps": 0.05,
            "eps_growth_year": null,
            "eps_4q": 0.55,
            "eps_4q_growth_year": null,
            "roe": 0.66,
            "roe_4q": 7.039999999999999,
            "gross_profit": 65508,
            "gross_margin": 13.01,
            "gross_margin_4q_avg": 10.79,
            "net_income": 7113,
            "net_income_4q": null,
            "revenue": 503593,
            "revenue_4q": null,
            "common_shares": 1350595,
            "book_valuer_per_share": 7.98,
            "book_valuer_per_share_4q_avg": 7.58,
            "equity": 1077659,
            "current_ratio": 144.5,
            "debt_ratio": 42.44,
            "inventory_turnover_ratio": 0.86,
            "account_receivable_turnover_ratio": 1.17,
            "reinvestment_rate": null,
            "research_to_sale_ratio": 2.56,
            "price_fair": 31.73,
            "eps_avg_yearly": 0.91,
            "eps_latest_yearly": 0.2,
            "eps_growth_yearly": 57.42
        },
        "20122": {
            "year_quarter": 20122,
            "year": 2012,
            "quarter": 2,
            "eps": 0.29,
            "eps_growth_year": null,
            "eps_4q": 1.17,
            "eps_4q_growth_year": null,
            "roe": 3.56,
            "roe_4q": 15.170000000000002,
            "gross_profit": 52836,
            "gross_margin": 9.25,
            "gross_margin_4q_avg": 12.19,
            "net_income": 39105,
            "net_income_4q": null,
            "revenue": 571439,
            "revenue_4q": null,
            "common_shares": 1350595,
            "book_valuer_per_share": 8.28,
            "book_valuer_per_share_4q_avg": 7.89,
            "equity": 1117825,
            "current_ratio": 140.27,
            "debt_ratio": 48.08,
            "inventory_turnover_ratio": 1.05,
            "account_receivable_turnover_ratio": 1.23,
            "reinvestment_rate": null,
            "research_to_sale_ratio": 2.33,
            "price_fair": 33.95,
            "eps_avg_yearly": 0.97,
            "eps_latest_yearly": 1.16,
            "eps_growth_yearly": 523.06
        },
        "20123": {
            "year_quarter": 20123,
            "year": 2012,
            "quarter": 3,
            "eps": -0.05,
            "eps_growth_year": -125.25,
            "eps_4q": 0.91,
            "eps_4q_growth_year": null,
            "roe": -0.62,
            "roe_4q": 11.75,
            "gross_profit": 71018,
            "gross_margin": 13.24,
            "gross_margin_4q_avg": 12.05,
            "net_income": -6879,
            "net_income_4q": null,
            "revenue": 536213,
            "revenue_4q": null,
            "common_shares": 1350595,
            "book_valuer_per_share": 8.2,
            "book_valuer_per_share_4q_avg": 8.1,
            "equity": 1107567,
            "current_ratio": 144.52,
            "debt_ratio": 44.32,
            "inventory_turnover_ratio": 1.08,
            "account_receivable_turnover_ratio": 1.09,
            "reinvestment_rate": null,
            "research_to_sale_ratio": 3.18,
            "price_fair": 33.95,
            "eps_avg_yearly": 0.97,
            "eps_latest_yearly": 1.16,
            "eps_growth_yearly": 523.06
        },
        "20124": {
            "year_quarter": 20124,
            "year": 2012,
            "quarter": 4,
            "eps": -0.25,
            "eps_growth_year": -140.57,
            "eps_4q": 0.04,
            "eps_4q_growth_year": -55.96,
            "roe": -3.13,
            "roe_4q": 0.4700000000000001,
            "gross_profit": 57213,
            "gross_margin": 15.06,
            "gross_margin_4q_avg": 12.64,
            "net_income": -34142,
            "net_income_4q": null,
            "revenue": 379894,
            "revenue_4q": null,
            "common_shares": 1350595,
            "book_valuer_per_share": 7.95,
            "book_valuer_per_share_4q_avg": 8.1,
            "equity": 1073510,
            "current_ratio": 160.17,
            "debt_ratio": 37.6,
            "inventory_turnover_ratio": 0.93,
            "account_receivable_turnover_ratio": 0.94,
            "reinvestment_rate": null,
            "research_to_sale_ratio": 3.83,
            "price_fair": 44.8,
            "eps_avg_yearly": 1.28,
            "eps_latest_yearly": 1.16,
            "eps_growth_yearly": 797.42
        },
        "20131": {
            "year_quarter": 20131,
            "year": 2013,
            "quarter": 1,
            "eps": 0.04,
            "eps_growth_year": -20,
            "eps_4q": 0.03,
            "eps_4q_growth_year": -94.91,
            "roe": 0.53,
            "roe_4q": 0.3400000000000003,
            "gross_profit": 42084,
            "gross_margin": 12.97,
            "gross_margin_4q_avg": 12.63,
            "net_income": 5671,
            "net_income_4q": null,
            "revenue": 324492,
            "revenue_4q": null,
            "common_shares": 1350595,
            "book_valuer_per_share": 7.98,
            "book_valuer_per_share_4q_avg": 8.1,
            "equity": 1077125,
            "current_ratio": 152.64,
            "debt_ratio": 38.73,
            "inventory_turnover_ratio": 0.85,
            "account_receivable_turnover_ratio": 0.81,
            "reinvestment_rate": null,
            "research_to_sale_ratio": 3.45,
            "price_fair": 44.8,
            "eps_avg_yearly": 1.28,
            "eps_latest_yearly": 1.16,
            "eps_growth_yearly": 797.42
        },
        "20132": {
            "year_quarter": 20132,
            "year": 2013,
            "quarter": 2,
            "eps": 0,
            "eps_growth_year": -100,
            "eps_4q": -0.27,
            "eps_4q_growth_year": -122.96,
            "roe": -0.08,
            "roe_4q": -3.3,
            "gross_profit": 57368,
            "gross_margin": 13.73,
            "gross_margin_4q_avg": 13.75,
            "net_income": -834,
            "net_income_4q": null,
            "revenue": 417723,
            "revenue_4q": null,
            "common_shares": 1350595,
            "book_valuer_per_share": 7.98,
            "book_valuer_per_share_4q_avg": 8.03,
            "equity": 1078154,
            "current_ratio": 144.83,
            "debt_ratio": 41.86,
            "inventory_turnover_ratio": 0.98,
            "account_receivable_turnover_ratio": 0.94,
            "reinvestment_rate": null,
            "research_to_sale_ratio": 3.72,
            "price_fair": 44.8,
            "eps_avg_yearly": 1.28,
            "eps_latest_yearly": 1.16,
            "eps_growth_yearly": 797.42
        },
        "20133": {
            "year_quarter": 20133,
            "year": 2013,
            "quarter": 3,
            "eps": 0.02,
            "eps_growth_year": null,
            "eps_4q": -0.2,
            "eps_4q_growth_year": -121.41,
            "roe": 0.27,
            "roe_4q": -2.41,
            "gross_profit": 57357,
            "gross_margin": 13.67,
            "gross_margin_4q_avg": 13.86,
            "net_income": 2868,
            "net_income_4q": null,
            "revenue": 419618,
            "revenue_4q": null,
            "common_shares": 1350595,
            "book_valuer_per_share": 8,
            "book_valuer_per_share_4q_avg": 7.98,
            "equity": 1079811,
            "current_ratio": 147.88,
            "debt_ratio": 40.15,
            "inventory_turnover_ratio": 0.97,
            "account_receivable_turnover_ratio": 0.92,
            "reinvestment_rate": null,
            "research_to_sale_ratio": 2.78,
            "price_fair": 44.8,
            "eps_avg_yearly": 1.28,
            "eps_latest_yearly": 1.16,
            "eps_growth_yearly": 797.42
        },
        "20134": {
            "year_quarter": 20134,
            "year": 2013,
            "quarter": 4,
            "eps": -1.52,
            "eps_growth_year": null,
            "eps_4q": -1.46,
            "eps_4q_growth_year": -3903.17,
            "roe": -20.94,
            "roe_4q": -20.22,
            "gross_profit": -52931,
            "gross_margin": -13.93,
            "gross_margin_4q_avg": 6.61,
            "net_income": -205354,
            "net_income_4q": null,
            "revenue": 379908,
            "revenue_4q": null,
            "common_shares": 1350595,
            "book_valuer_per_share": 6.53,
            "book_valuer_per_share_4q_avg": 7.62,
            "equity": 881347,
            "current_ratio": 133.97,
            "debt_ratio": 41.29,
            "inventory_turnover_ratio": 1.53,
            "account_receivable_turnover_ratio": 0.95,
            "reinvestment_rate": null,
            "research_to_sale_ratio": 3.74,
            "price_fair": 44.8,
            "eps_avg_yearly": 1.28,
            "eps_latest_yearly": 1.16,
            "eps_growth_yearly": 797.42
        },
        "20141": {
            "year_quarter": 20141,
            "year": 2014,
            "quarter": 1,
            "eps": 0.17,
            "eps_growth_year": 325,
            "eps_4q": -1.34,
            "eps_4q_growth_year": -4903.07,
            "roe": 2.57,
            "roe_4q": -18.18,
            "gross_profit": 58915,
            "gross_margin": 16.84,
            "gross_margin_4q_avg": 7.58,
            "net_income": 22962,
            "net_income_4q": null,
            "revenue": 349775,
            "revenue_4q": null,
            "common_shares": 1350595,
            "book_valuer_per_share": 6.7,
            "book_valuer_per_share_4q_avg": 7.3,
            "equity": 904309,
            "current_ratio": 131.64,
            "debt_ratio": 41.39,
            "inventory_turnover_ratio": 1.26,
            "account_receivable_turnover_ratio": 1.02,
            "reinvestment_rate": null,
            "research_to_sale_ratio": 3.05,
            "price_fair": 44.8,
            "eps_avg_yearly": 1.28,
            "eps_latest_yearly": 1.16,
            "eps_growth_yearly": 797.42
        },
        "20142": {
            "year_quarter": 20142,
            "year": 2014,
            "quarter": 2,
            "eps": 0.03,
            "eps_growth_year": null,
            "eps_4q": -1.3,
            "eps_4q_growth_year": null,
            "roe": 0.41,
            "roe_4q": -17.69,
            "gross_profit": 57172,
            "gross_margin": 13.26,
            "gross_margin_4q_avg": 7.46,
            "net_income": 3700,
            "net_income_4q": null,
            "revenue": 431320,
            "revenue_4q": null,
            "common_shares": 1350595,
            "book_valuer_per_share": 6.72,
            "book_valuer_per_share_4q_avg": 6.99,
            "equity": 908009,
            "current_ratio": 131.48,
            "debt_ratio": 42.71,
            "inventory_turnover_ratio": 1.59,
            "account_receivable_turnover_ratio": 1.26,
            "reinvestment_rate": null,
            "research_to_sale_ratio": 2.83,
            "price_fair": 34.65,
            "eps_avg_yearly": 0.99,
            "eps_latest_yearly": 0.12,
            "eps_growth_yearly": 515.71
        },
        "20143": {
            "year_quarter": 20143,
            "year": 2014,
            "quarter": 3,
            "eps": 0.05,
            "eps_growth_year": 150,
            "eps_4q": -2.05,
            "eps_4q_growth_year": null,
            "roe": 0.43,
            "roe_4q": -17.53,
            "gross_profit": 48816,
            "gross_margin": 12.58,
            "gross_margin_4q_avg": 7.19,
            "net_income": 3900,
            "net_income_4q": null,
            "revenue": 387932,
            "revenue_4q": null,
            "common_shares": 854375,
            "book_valuer_per_share": 10.67,
            "book_valuer_per_share_4q_avg": 7.66,
            "equity": 911909,
            "current_ratio": 134.05,
            "debt_ratio": 41.76,
            "inventory_turnover_ratio": 1.42,
            "account_receivable_turnover_ratio": 1.03,
            "reinvestment_rate": null,
            "research_to_sale_ratio": 3.45,
            "price_fair": 29.12,
            "eps_avg_yearly": 0.83,
            "eps_latest_yearly": 0.2,
            "eps_growth_yearly": 465.9
        },
        "20144": {
            "year_quarter": 20144,
            "year": 2014,
            "quarter": 4,
            "eps": 0.21,
            "eps_growth_year": null,
            "eps_4q": 0.57,
            "eps_4q_growth_year": null,
            "roe": 1.94,
            "roe_4q": 5.35,
            "gross_profit": 74612,
            "gross_margin": 16.09,
            "gross_margin_4q_avg": 14.69,
            "net_income": 17890,
            "net_income_4q": null,
            "revenue": 463677,
            "revenue_4q": null,
            "common_shares": 854375,
            "book_valuer_per_share": 10.88,
            "book_valuer_per_share_4q_avg": 8.74,
            "equity": 929898,
            "current_ratio": 143.3,
            "debt_ratio": 37.84,
            "inventory_turnover_ratio": 1.68,
            "account_receivable_turnover_ratio": 1.29,
            "reinvestment_rate": null,
            "research_to_sale_ratio": 3.38,
            "price_fair": 29.17,
            "eps_avg_yearly": 0.83,
            "eps_latest_yearly": 0.84,
            "eps_growth_yearly": 601.59
        },
        "20151": {
            "year_quarter": 20151,
            "year": 2015,
            "quarter": 1,
            "eps": 0.27,
            "eps_growth_year": 58.82,
            "eps_4q": 0.57,
            "eps_4q_growth_year": null,
            "roe": 2.42,
            "roe_4q": 5.199999999999999,
            "gross_profit": 69540,
            "gross_margin": 16,
            "gross_margin_4q_avg": 14.48,
            "net_income": 22793,
            "net_income_4q": null,
            "revenue": 434547,
            "revenue_4q": null,
            "common_shares": 854375,
            "book_valuer_per_share": 11.15,
            "book_valuer_per_share_4q_avg": 9.86,
            "equity": 952691,
            "current_ratio": 138.39,
            "debt_ratio": 40.82,
            "inventory_turnover_ratio": 1.49,
            "account_receivable_turnover_ratio": 1.32,
            "reinvestment_rate": null,
            "research_to_sale_ratio": 2.54,
            "price_fair": 30.4,
            "eps_avg_yearly": 0.87,
            "eps_latest_yearly": 1.08,
            "eps_growth_yearly": 531.97
        },
        "20152": {
            "year_quarter": 20152,
            "year": 2015,
            "quarter": 2,
            "eps": -1.32,
            "eps_growth_year": -4500,
            "eps_4q": -0.8,
            "eps_4q_growth_year": null,
            "roe": -12.8,
            "roe_4q": -8.010000000000002,
            "gross_profit": 72094,
            "gross_margin": 17.02,
            "gross_margin_4q_avg": 15.42,
            "net_income": -112574,
            "net_income_4q": null,
            "revenue": 423556,
            "revenue_4q": null,
            "common_shares": 854375,
            "book_valuer_per_share": 9.44,
            "book_valuer_per_share_4q_avg": 10.54,
            "equity": 806897,
            "current_ratio": 175.15,
            "debt_ratio": 49.68,
            "inventory_turnover_ratio": 1.23,
            "account_receivable_turnover_ratio": 1.39,
            "reinvestment_rate": null,
            "research_to_sale_ratio": 2.72,
            "price_fair": 30.4,
            "eps_avg_yearly": 0.87,
            "eps_latest_yearly": 1.08,
            "eps_growth_yearly": 531.97
        },
        "20153": {
            "year_quarter": 20153,
            "year": 2015,
            "quarter": 3,
            "eps": 0.45,
            "eps_growth_year": 800,
            "eps_4q": -0.39,
            "eps_4q_growth_year": null,
            "roe": 4.64,
            "roe_4q": -3.8000000000000003,
            "gross_profit": 64885,
            "gross_margin": 15.38,
            "gross_margin_4q_avg": 16.12,
            "net_income": 38295,
            "net_income_4q": null,
            "revenue": 421864,
            "revenue_4q": null,
            "common_shares": 854375,
            "book_valuer_per_share": 9.89,
            "book_valuer_per_share_4q_avg": 10.34,
            "equity": 845192,
            "current_ratio": 217.7,
            "debt_ratio": 45.09,
            "inventory_turnover_ratio": 1.36,
            "account_receivable_turnover_ratio": 1.48,
            "reinvestment_rate": null,
            "research_to_sale_ratio": 2.65,
            "price_fair": 30.4,
            "eps_avg_yearly": 0.87,
            "eps_latest_yearly": 1.08,
            "eps_growth_yearly": 531.97
        },
        "20154": {
            "year_quarter": 20154,
            "year": 2015,
            "quarter": 4,
            "eps": 0.9,
            "eps_growth_year": 329.34,
            "eps_4q": 0.3,
            "eps_4q_growth_year": -47.74,
            "roe": 8.75,
            "roe_4q": 3.01,
            "gross_profit": 77094,
            "gross_margin": 18.26,
            "gross_margin_4q_avg": 16.67,
            "net_income": 76809,
            "net_income_4q": null,
            "revenue": 422128,
            "revenue_4q": null,
            "common_shares": 854375,
            "book_valuer_per_share": 10.67,
            "book_valuer_per_share_4q_avg": 10.29,
            "equity": 911243,
            "current_ratio": 219.5,
            "debt_ratio": 44.75,
            "inventory_turnover_ratio": 1.51,
            "account_receivable_turnover_ratio": 1.42,
            "reinvestment_rate": null,
            "research_to_sale_ratio": 4.32,
            "price_fair": 36,
            "eps_avg_yearly": 1.03,
            "eps_latest_yearly": 3.6,
            "eps_growth_yearly": 469.11
        },
        "20161": {
            "year_quarter": 20161,
            "year": 2016,
            "quarter": 1,
            "eps": 0.31,
            "eps_growth_year": 14.81,
            "eps_4q": 0.34,
            "eps_4q_growth_year": -39.8,
            "roe": 2.87,
            "roe_4q": 3.460000000000001,
            "gross_profit": 80189,
            "gross_margin": 22.42,
            "gross_margin_4q_avg": 18.27,
            "net_income": 26536,
            "net_income_4q": null,
            "revenue": 357681,
            "revenue_4q": null,
            "common_shares": 854375,
            "book_valuer_per_share": 10.98,
            "book_valuer_per_share_4q_avg": 10.25,
            "equity": 937779,
            "current_ratio": 251.96,
            "debt_ratio": 41.28,
            "inventory_turnover_ratio": 1.16,
            "account_receivable_turnover_ratio": 1.32,
            "reinvestment_rate": null,
            "research_to_sale_ratio": 3.41,
            "price_fair": 41.2,
            "eps_avg_yearly": 1.18,
            "eps_latest_yearly": 1.24,
            "eps_growth_yearly": 484.19
        },
        "20162": {
            "year_quarter": 20162,
            "year": 2016,
            "quarter": 2,
            "eps": 0.31,
            "eps_growth_year": null,
            "eps_4q": 1.97,
            "eps_4q_growth_year": null,
            "roe": 2.83,
            "roe_4q": 19.09,
            "gross_profit": 82290,
            "gross_margin": 20.46,
            "gross_margin_4q_avg": 19.13,
            "net_income": 26782,
            "net_income_4q": null,
            "revenue": 402230,
            "revenue_4q": null,
            "common_shares": 854375,
            "book_valuer_per_share": 11.14,
            "book_valuer_per_share_4q_avg": 10.67,
            "equity": 951745,
            "current_ratio": 232.13,
            "debt_ratio": 43.3,
            "inventory_turnover_ratio": 1.28,
            "account_receivable_turnover_ratio": 1.62,
            "reinvestment_rate": null,
            "research_to_sale_ratio": 3.29,
            "price_fair": 41.6,
            "eps_avg_yearly": 1.19,
            "eps_latest_yearly": 1.24,
            "eps_growth_yearly": 209.9
        },
        "20163": {
            "year_quarter": 20163,
            "year": 2016,
            "quarter": 3,
            "eps": 0.08,
            "eps_growth_year": -82.22,
            "eps_4q": 1.6,
            "eps_4q_growth_year": null,
            "roe": 0.7,
            "roe_4q": 15.15,
            "gross_profit": 59964,
            "gross_margin": 14.12,
            "gross_margin_4q_avg": 18.82,
            "net_income": 6720,
            "net_income_4q": null,
            "revenue": 424636,
            "revenue_4q": null,
            "common_shares": 854375,
            "book_valuer_per_share": 11.22,
            "book_valuer_per_share_4q_avg": 11,
            "equity": 958465,
            "current_ratio": 232.33,
            "debt_ratio": 43.22,
            "inventory_turnover_ratio": 1.65,
            "account_receivable_turnover_ratio": 1.51,
            "reinvestment_rate": null,
            "research_to_sale_ratio": 2.8,
            "price_fair": 37.8,
            "eps_avg_yearly": 1.08,
            "eps_latest_yearly": 0.32,
            "eps_growth_yearly": 146.57
        },
        "20164": {
            "year_quarter": 20164,
            "year": 2016,
            "quarter": 4,
            "eps": -0.08,
            "eps_growth_year": -108.8,
            "eps_4q": 0.62,
            "eps_4q_growth_year": 110.39,
            "roe": -0.71,
            "roe_4q": 5.69,
            "gross_profit": 45921,
            "gross_margin": 12.7,
            "gross_margin_4q_avg": 17.43,
            "net_income": -6761,
            "net_income_4q": null,
            "revenue": 361443,
            "revenue_4q": null,
            "common_shares": 854375,
            "book_valuer_per_share": 11.09,
            "book_valuer_per_share_4q_avg": 11.11,
            "equity": 947339,
            "current_ratio": 222.98,
            "debt_ratio": 44.55,
            "inventory_turnover_ratio": 1.83,
            "account_receivable_turnover_ratio": 1.31,
            "reinvestment_rate": null,
            "research_to_sale_ratio": 4.44,
            "price_fair": 37.8,
            "eps_avg_yearly": 1.08,
            "eps_latest_yearly": 0.32,
            "eps_growth_yearly": 146.57
        },
        "20171": {
            "year_quarter": 20171,
            "year": 2017,
            "quarter": 1,
            "eps": -0.15,
            "eps_growth_year": -148.39,
            "eps_4q": 0.16,
            "eps_4q_growth_year": -53.54,
            "roe": -1.41,
            "roe_4q": 1.41,
            "gross_profit": 46905,
            "gross_margin": 14.21,
            "gross_margin_4q_avg": 15.37,
            "net_income": -13237,
            "net_income_4q": null,
            "revenue": 330171,
            "revenue_4q": null,
            "common_shares": 854375,
            "book_valuer_per_share": 10.93,
            "book_valuer_per_share_4q_avg": 11.1,
            "equity": 934102,
            "current_ratio": 214.61,
            "debt_ratio": 45.72,
            "inventory_turnover_ratio": 1.44,
            "account_receivable_turnover_ratio": 1.54,
            "reinvestment_rate": null,
            "research_to_sale_ratio": 3.73,
            "price_fair": 37.8,
            "eps_avg_yearly": 1.08,
            "eps_latest_yearly": 0.32,
            "eps_growth_yearly": 146.57
        },
        "20172": {
            "year_quarter": 20172,
            "year": 2017,
            "quarter": 2,
            "eps": 0.2,
            "eps_growth_year": -35.48,
            "eps_4q": null,
            "eps_4q_growth_year": null,
            "roe": 1.86,
            "roe_4q": 0.44000000000000017,
            "gross_profit": 62150,
            "gross_margin": 14.83,
            "gross_margin_4q_avg": 13.97,
            "net_income": 17427,
            "net_income_4q": null,
            "revenue": 419101,
            "revenue_4q": null,
            "common_shares": 873842,
            "book_valuer_per_share": 10.73,
            "book_valuer_per_share_4q_avg": 10.99,
            "equity": 937511,
            "current_ratio": 127.7,
            "debt_ratio": 48.95,
            "inventory_turnover_ratio": 1.31,
            "account_receivable_turnover_ratio": 1.78,
            "reinvestment_rate": null,
            "research_to_sale_ratio": 2.82,
            "price_fair": 37.8,
            "eps_avg_yearly": 1.08,
            "eps_latest_yearly": 0.32,
            "eps_growth_yearly": 146.57
        },
        "20173": {
            "year_quarter": 20173,
            "year": 2017,
            "quarter": 3,
            "eps": 0.17,
            "eps_growth_year": 112.5,
            "eps_4q": 0.12,
            "eps_4q_growth_year": -92.4,
            "roe": 1.43,
            "roe_4q": 1.1700000000000002,
            "gross_profit": 63329,
            "gross_margin": 15.26,
            "gross_margin_4q_avg": 14.25,
            "net_income": 15300,
            "net_income_4q": null,
            "revenue": 414885,
            "revenue_4q": null,
            "common_shares": 1046256,
            "book_valuer_per_share": 11.53,
            "book_valuer_per_share_4q_avg": 11.07,
            "equity": 1206363,
            "current_ratio": 207.2,
            "debt_ratio": 27.3,
            "inventory_turnover_ratio": 1.28,
            "account_receivable_turnover_ratio": 1.6,
            "reinvestment_rate": null,
            "research_to_sale_ratio": 3.19,
            "price_fair": 36.24,
            "eps_avg_yearly": 1.04,
            "eps_latest_yearly": 0.68,
            "eps_growth_yearly": 123.62
        },
        "20174": {
            "year_quarter": 20174,
            "year": 2017,
            "quarter": 4,
            "eps": -0.06,
            "eps_growth_year": null,
            "eps_4q": 0.13,
            "eps_4q_growth_year": -79.94,
            "roe": -0.52,
            "roe_4q": 1.36,
            "gross_profit": 58012,
            "gross_margin": 15.54,
            "gross_margin_4q_avg": 14.96,
            "net_income": -6285,
            "net_income_4q": null,
            "revenue": 373274,
            "revenue_4q": null,
            "common_shares": 1055576,
            "book_valuer_per_share": 11.41,
            "book_valuer_per_share_4q_avg": 11.15,
            "equity": 1204684,
            "current_ratio": 244.37,
            "debt_ratio": 22.35,
            "inventory_turnover_ratio": 1.35,
            "account_receivable_turnover_ratio": 1.87,
            "reinvestment_rate": 21.4,
            "research_to_sale_ratio": 4.01,
            "price_fair": 36.24,
            "eps_avg_yearly": 1.04,
            "eps_latest_yearly": 0.68,
            "eps_growth_yearly": 123.62
        },
        "20181": {
            "year_quarter": 20181,
            "year": 2018,
            "quarter": 1,
            "eps": -0.33,
            "eps_growth_year": null,
            "eps_4q": -0.08,
            "eps_4q_growth_year": -147.87,
            "roe": -2.9,
            "roe_4q": -0.1299999999999999,
            "gross_profit": 34764,
            "gross_margin": 9.97,
            "gross_margin_4q_avg": 13.9,
            "net_income": -34429,
            "net_income_4q": null,
            "revenue": 348539,
            "revenue_4q": null,
            "common_shares": 1055576,
            "book_valuer_per_share": 11.09,
            "book_valuer_per_share_4q_avg": 11.19,
            "equity": 1170255,
            "current_ratio": 233.45,
            "debt_ratio": 23.14,
            "inventory_turnover_ratio": 1.21,
            "account_receivable_turnover_ratio": 2.25,
            "reinvestment_rate": -76.24,
            "research_to_sale_ratio": 3.24,
            "price_fair": 36.24,
            "eps_avg_yearly": 1.04,
            "eps_latest_yearly": 0.68,
            "eps_growth_yearly": 123.62
        },
        "20182": {
            "year_quarter": 20182,
            "year": 2018,
            "quarter": 2,
            "eps": -0.09,
            "eps_growth_year": -145,
            "eps_4q": -0.34,
            "eps_4q_growth_year": null,
            "roe": -0.85,
            "roe_4q": -2.84,
            "gross_profit": 36523,
            "gross_margin": 14.62,
            "gross_margin_4q_avg": 13.85,
            "net_income": -9342,
            "net_income_4q": null,
            "revenue": 249858,
            "revenue_4q": null,
            "common_shares": 1055576,
            "book_valuer_per_share": 10.21,
            "book_valuer_per_share_4q_avg": 11.06,
            "equity": 1037170,
            "current_ratio": 206.5,
            "debt_ratio": 24.64,
            "inventory_turnover_ratio": 0.73,
            "account_receivable_turnover_ratio": 1.25,
            "reinvestment_rate": -49.69,
            "research_to_sale_ratio": 3.34,
            "price_fair": 40.25,
            "eps_avg_yearly": 1.15,
            "eps_latest_yearly": 0.68,
            "eps_growth_yearly": 180.24
        },
        "20183": {
            "year_quarter": 20183,
            "year": 2018,
            "quarter": 3,
            "eps": -0.16,
            "eps_growth_year": -194.12,
            "eps_4q": -0.66,
            "eps_4q_growth_year": -639.72,
            "roe": -1.61,
            "roe_4q": -5.879999999999999,
            "gross_profit": 29338,
            "gross_margin": 13.11,
            "gross_margin_4q_avg": 13.31,
            "net_income": -16638,
            "net_income_4q": null,
            "revenue": 223810,
            "revenue_4q": null,
            "common_shares": 1055576,
            "book_valuer_per_share": 10.12,
            "book_valuer_per_share_4q_avg": 10.71,
            "equity": 1028107,
            "current_ratio": 233.74,
            "debt_ratio": 20.9,
            "inventory_turnover_ratio": 0.57,
            "account_receivable_turnover_ratio": 1.18,
            "reinvestment_rate": -205.87,
            "research_to_sale_ratio": 2.41,
            "price_fair": 45,
            "eps_avg_yearly": 1.29,
            "eps_latest_yearly": 0.68,
            "eps_growth_yearly": 167.9
        },
        "20184": {
            "year_quarter": 20184,
            "year": 2018,
            "quarter": 4,
            "eps": -0.38,
            "eps_growth_year": null,
            "eps_4q": -0.98,
            "eps_4q_growth_year": -879.94,
            "roe": -3.84,
            "roe_4q": -9.2,
            "gross_profit": 10736,
            "gross_margin": 2.78,
            "gross_margin_4q_avg": 10.12,
            "net_income": -38691,
            "net_income_4q": null,
            "revenue": 385861,
            "revenue_4q": null,
            "common_shares": 1055576,
            "book_valuer_per_share": 9.74,
            "book_valuer_per_share_4q_avg": 10.29,
            "equity": 988963,
            "current_ratio": 216.92,
            "debt_ratio": 22.42,
            "inventory_turnover_ratio": 1.03,
            "account_receivable_turnover_ratio": 2.51,
            "reinvestment_rate": null,
            "research_to_sale_ratio": 1,
            "price_fair": 4.08,
            "eps_avg_yearly": 1.36,
            "eps_latest_yearly": 0.68,
            "eps_growth_yearly": -17.45
        },
        "20191": {
            "year_quarter": 20191,
            "year": 2019,
            "quarter": 1,
            "eps": -0.32,
            "eps_growth_year": null,
            "eps_4q": -0.96,
            "eps_4q_growth_year": null,
            "roe": -3.32,
            "roe_4q": -9.62,
            "gross_profit": 12869,
            "gross_margin": 4.67,
            "gross_margin_4q_avg": 8.8,
            "net_income": -32328,
            "net_income_4q": null,
            "revenue": 275679,
            "revenue_4q": null,
            "common_shares": 1055576,
            "book_valuer_per_share": 9.42,
            "book_valuer_per_share_4q_avg": 9.87,
            "equity": 956816,
            "current_ratio": 179.29,
            "debt_ratio": 28.75,
            "inventory_turnover_ratio": 0.7,
            "account_receivable_turnover_ratio": 1.79,
            "reinvestment_rate": null,
            "research_to_sale_ratio": 1.06,
            "price_fair": 4.25,
            "eps_avg_yearly": 1.42,
            "eps_latest_yearly": 0.68,
            "eps_growth_yearly": -43.8
        },
        "20192": {
            "year_quarter": 20192,
            "year": 2019,
            "quarter": 2,
            "eps": -0.22,
            "eps_growth_year": null,
            "eps_4q": -1.08,
            "eps_4q_growth_year": null,
            "roe": -2.32,
            "roe_4q": -11.09,
            "gross_profit": 26420,
            "gross_margin": 7.49,
            "gross_margin_4q_avg": 7.01,
            "net_income": -21896,
            "net_income_4q": null,
            "revenue": 352579,
            "revenue_4q": null,
            "common_shares": 1055576,
            "book_valuer_per_share": 9.18,
            "book_valuer_per_share_4q_avg": 9.62,
            "equity": 932376,
            "current_ratio": 141.73,
            "debt_ratio": 42.1,
            "inventory_turnover_ratio": 0.67,
            "account_receivable_turnover_ratio": 2.27,
            "reinvestment_rate": -477.18,
            "research_to_sale_ratio": 1.24,
            "price_fair": 4.25,
            "eps_avg_yearly": 1.42,
            "eps_latest_yearly": 0.68,
            "eps_growth_yearly": -43.8
        },
        "20193": {
            "year_quarter": 20193,
            "year": 2019,
            "quarter": 3,
            "eps": 0.16,
            "eps_growth_year": null,
            "eps_4q": -0.76,
            "eps_4q_growth_year": null,
            "roe": 1.7,
            "roe_4q": -7.779999999999999,
            "gross_profit": 63793,
            "gross_margin": 14.12,
            "gross_margin_4q_avg": 7.27,
            "net_income": 15959,
            "net_income_4q": null,
            "revenue": 451705,
            "revenue_4q": null,
            "common_shares": 1055576,
            "book_valuer_per_share": 9.33,
            "book_valuer_per_share_4q_avg": 9.42,
            "equity": 947824,
            "current_ratio": 146.45,
            "debt_ratio": 42.03,
            "inventory_turnover_ratio": 0.7,
            "account_receivable_turnover_ratio": 2.26,
            "reinvestment_rate": -1254.79,
            "research_to_sale_ratio": 0.9,
            "price_fair": 4.25,
            "eps_avg_yearly": 1.42,
            "eps_latest_yearly": 0.68,
            "eps_growth_yearly": -43.8
        },
        "20194": {
            "year_quarter": 20194,
            "year": 2019,
            "quarter": 4,
            "eps": 0.11,
            "eps_growth_year": null,
            "eps_4q": -0.26,
            "eps_4q_growth_year": null,
            "roe": 1.22,
            "roe_4q": -2.7199999999999998,
            "gross_profit": 62574,
            "gross_margin": 12.62,
            "gross_margin_4q_avg": 9.73,
            "net_income": 11645,
            "net_income_4q": null,
            "revenue": 495987,
            "revenue_4q": null,
            "common_shares": 1055576,
            "book_valuer_per_share": 9.47,
            "book_valuer_per_share_4q_avg": 9.35,
            "equity": 961398,
            "current_ratio": 145.4,
            "debt_ratio": 43.84,
            "inventory_turnover_ratio": 0.76,
            "account_receivable_turnover_ratio": 1.88,
            "reinvestment_rate": null,
            "research_to_sale_ratio": 1.09,
            "price_fair": 2.35,
            "eps_avg_yearly": 0.78,
            "eps_latest_yearly": 0.44,
            "eps_growth_yearly": -148.8
        },
        "20201": {
            "year_quarter": 20201,
            "year": 2020,
            "quarter": 1,
            "eps": 0.01,
            "eps_growth_year": null,
            "eps_4q": 0.06,
            "eps_4q_growth_year": null,
            "roe": 0.07,
            "roe_4q": 0.6700000000000004,
            "gross_profit": 44467,
            "gross_margin": 11.28,
            "gross_margin_4q_avg": 11.38,
            "net_income": 692,
            "net_income_4q": null,
            "revenue": 394196,
            "revenue_4q": null,
            "common_shares": 1055576,
            "book_valuer_per_share": 9.47,
            "book_valuer_per_share_4q_avg": 9.36,
            "equity": 961849,
            "current_ratio": 144.94,
            "debt_ratio": 44.45,
            "inventory_turnover_ratio": 0.59,
            "account_receivable_turnover_ratio": 1.17,
            "reinvestment_rate": null,
            "research_to_sale_ratio": 1.99,
            "price_fair": 1.63,
            "eps_avg_yearly": 0.54,
            "eps_latest_yearly": 0.04,
            "eps_growth_yearly": -169.08
        },
        "20202": {
            "year_quarter": 20202,
            "year": 2020,
            "quarter": 2,
            "eps": -1.08,
            "eps_growth_year": null,
            "eps_4q": -0.8,
            "eps_4q_growth_year": null,
            "roe": -12.06,
            "roe_4q": -9.07,
            "gross_profit": 52443,
            "gross_margin": 15.08,
            "gross_margin_4q_avg": 13.28,
            "net_income": -109460,
            "net_income_4q": null,
            "revenue": 347777,
            "revenue_4q": null,
            "common_shares": 1055576,
            "book_valuer_per_share": 8.41,
            "book_valuer_per_share_4q_avg": 9.17,
            "equity": 853907,
            "current_ratio": 124.31,
            "debt_ratio": 53.05,
            "inventory_turnover_ratio": 0.45,
            "account_receivable_turnover_ratio": 1.09,
            "reinvestment_rate": null,
            "research_to_sale_ratio": 1.82,
            "price_fair": 1.11,
            "eps_avg_yearly": 0.37,
            "eps_latest_yearly": 0.04,
            "eps_growth_yearly": -211.35
        },
        "20203": {
            "year_quarter": 20203,
            "year": 2020,
            "quarter": 3,
            "eps": 0.12,
            "eps_growth_year": -25,
            "eps_4q": -0.84,
            "eps_4q_growth_year": null,
            "roe": 1.42,
            "roe_4q": -9.35,
            "gross_profit": 83706,
            "gross_margin": 16.81,
            "gross_margin_4q_avg": 13.95,
            "net_income": 12181,
            "net_income_4q": null,
            "revenue": 497891,
            "revenue_4q": null,
            "common_shares": 1055576,
            "book_valuer_per_share": 8.47,
            "book_valuer_per_share_4q_avg": 8.96,
            "equity": 860033,
            "current_ratio": 124.93,
            "debt_ratio": 54.22,
            "inventory_turnover_ratio": 0.57,
            "account_receivable_turnover_ratio": 1.9,
            "reinvestment_rate": null,
            "research_to_sale_ratio": 1.07,
            "price_fair": 1.16,
            "eps_avg_yearly": 0.39,
            "eps_latest_yearly": 0.04,
            "eps_growth_yearly": -182.88
        },
        "20204": {
            "year_quarter": 20204,
            "year": 2020,
            "quarter": 4,
            "eps": 0.02,
            "eps_growth_year": -84.33,
            "eps_4q": -0.93,
            "eps_4q_growth_year": null,
            "roe": 0.21,
            "roe_4q": -10.36,
            "gross_profit": 74377,
            "gross_margin": 13.92,
            "gross_margin_4q_avg": 14.27,
            "net_income": 1825,
            "net_income_4q": null,
            "revenue": 534353,
            "revenue_4q": null,
            "common_shares": 1055576,
            "book_valuer_per_share": 8.5,
            "book_valuer_per_share_4q_avg": 8.71,
            "equity": 863289,
            "current_ratio": 126.69,
            "debt_ratio": 53.75,
            "inventory_turnover_ratio": 0.62,
            "account_receivable_turnover_ratio": 2.1,
            "reinvestment_rate": null,
            "research_to_sale_ratio": 1.47,
            "price_fair": 0.93,
            "eps_avg_yearly": 0.31,
            "eps_latest_yearly": 0.08,
            "eps_growth_yearly": -220.49
        },
        "20211": {
            "year_quarter": 20211,
            "year": 2021,
            "quarter": 1,
            "eps": -0.27,
            "eps_growth_year": -2800,
            "eps_4q": -1.21,
            "eps_4q_growth_year": -2015.08,
            "roe": -3.2,
            "roe_4q": -13.63,
            "gross_profit": 55173,
            "gross_margin": 12.42,
            "gross_margin_4q_avg": 14.56,
            "net_income": -27111,
            "net_income_4q": null,
            "revenue": 444332,
            "revenue_4q": null,
            "common_shares": 1055576,
            "book_valuer_per_share": 8.21,
            "book_valuer_per_share_4q_avg": 8.4,
            "equity": 833544,
            "current_ratio": 126.67,
            "debt_ratio": 53.9,
            "inventory_turnover_ratio": 0.52,
            "account_receivable_turnover_ratio": 2.01,
            "reinvestment_rate": null,
            "research_to_sale_ratio": 1.7,
            "price_fair": 0.93,
            "eps_avg_yearly": 0.31,
            "eps_latest_yearly": 0.08,
            "eps_growth_yearly": -220.49
        },
        "20212": {
            "year_quarter": 20212,
            "year": 2021,
            "quarter": 2,
            "eps": 0.06,
            "eps_growth_year": null,
            "eps_4q": -0.07,
            "eps_4q_growth_year": null,
            "roe": 0.73,
            "roe_4q": -0.8400000000000003,
            "gross_profit": 61854,
            "gross_margin": 16.07,
            "gross_margin_4q_avg": 14.81,
            "net_income": 6091,
            "net_income_4q": null,
            "revenue": 384898,
            "revenue_4q": null,
            "common_shares": 1055576,
            "book_valuer_per_share": 8.25,
            "book_valuer_per_share_4q_avg": 8.36,
            "equity": 837748,
            "current_ratio": 126.04,
            "debt_ratio": 53.83,
            "inventory_turnover_ratio": 0.41,
            "account_receivable_turnover_ratio": 1.71,
            "reinvestment_rate": null,
            "research_to_sale_ratio": 2.24,
            "price_fair": 0.93,
            "eps_avg_yearly": 0.31,
            "eps_latest_yearly": 0.08,
            "eps_growth_yearly": -220.49
        },
        "20213": {
            "year_quarter": 20213,
            "year": 2021,
            "quarter": 3,
            "eps": 0.11,
            "eps_growth_year": -8.33,
            "eps_4q": -0.08,
            "eps_4q_growth_year": null,
            "roe": 1.36,
            "roe_4q": -0.9000000000000004,
            "gross_profit": 57919,
            "gross_margin": 13.15,
            "gross_margin_4q_avg": 13.89,
            "net_income": 11500,
            "net_income_4q": null,
            "revenue": 440548,
            "revenue_4q": null,
            "common_shares": 1055576,
            "book_valuer_per_share": 8.36,
            "book_valuer_per_share_4q_avg": 8.33,
            "equity": 848711,
            "current_ratio": 131.15,
            "debt_ratio": 51.27,
            "inventory_turnover_ratio": 0.49,
            "account_receivable_turnover_ratio": 1.82,
            "reinvestment_rate": null,
            "research_to_sale_ratio": 1.87,
            "price_fair": 0.75,
            "eps_avg_yearly": 0.25,
            "eps_latest_yearly": 0.44,
            "eps_growth_yearly": -122.16
        },
        "20214": {
            "year_quarter": 20214,
            "year": 2021,
            "quarter": 4,
            "eps": 0.21,
            "eps_growth_year": 1092.44,
            "eps_4q": 0.12,
            "eps_4q_growth_year": null,
            "roe": 2.53,
            "roe_4q": 1.419999999999999,
            "gross_profit": 43258,
            "gross_margin": 8.69,
            "gross_margin_4q_avg": 12.58,
            "net_income": 21762,
            "net_income_4q": null,
            "revenue": 497843,
            "revenue_4q": null,
            "common_shares": 1055576,
            "book_valuer_per_share": 8.59,
            "book_valuer_per_share_4q_avg": 8.35,
            "equity": 872280,
            "current_ratio": 128.29,
            "debt_ratio": 52.93,
            "inventory_turnover_ratio": 0.62,
            "account_receivable_turnover_ratio": 2,
            "reinvestment_rate": null,
            "research_to_sale_ratio": 2.45,
            "price_fair": 1.1,
            "eps_avg_yearly": 0.37,
            "eps_latest_yearly": 0.84,
            "eps_growth_yearly": -25
        },
        "20221": {
            "year_quarter": 20221,
            "year": 2022,
            "quarter": 1,
            "eps": 0.31,
            "eps_growth_year": null,
            "eps_4q": 0.69,
            "eps_4q_growth_year": null,
            "roe": 3.5,
            "roe_4q": 8.12,
            "gross_profit": 73333,
            "gross_margin": 17.25,
            "gross_margin_4q_avg": 13.79,
            "net_income": 31090,
            "net_income_4q": null,
            "revenue": 425010,
            "revenue_4q": null,
            "common_shares": 1055576,
            "book_valuer_per_share": 8.9,
            "book_valuer_per_share_4q_avg": 8.53,
            "equity": 903635,
            "current_ratio": 130.79,
            "debt_ratio": 51.89,
            "inventory_turnover_ratio": 0.49,
            "account_receivable_turnover_ratio": 1.67,
            "reinvestment_rate": null,
            "research_to_sale_ratio": 2.17,
            "price_fair": 10.74,
            "eps_avg_yearly": 0.51,
            "eps_latest_yearly": 1.24,
            "eps_growth_yearly": 10.91
        },
        "20222": {
            "year_quarter": 20222,
            "year": 2022,
            "quarter": 2,
            "eps": 0.01,
            "eps_growth_year": -83.33,
            "eps_4q": 0.64,
            "eps_4q_growth_year": null,
            "roe": 0.08,
            "roe_4q": 7.47,
            "gross_profit": 48598,
            "gross_margin": 12.28,
            "gross_margin_4q_avg": 12.84,
            "net_income": 768,
            "net_income_4q": null,
            "revenue": 395644,
            "revenue_4q": null,
            "common_shares": 1055576,
            "book_valuer_per_share": 8.89,
            "book_valuer_per_share_4q_avg": 8.69,
            "equity": 903037,
            "current_ratio": 268.57,
            "debt_ratio": 51.43,
            "inventory_turnover_ratio": 0.49,
            "account_receivable_turnover_ratio": 1.64,
            "reinvestment_rate": null,
            "research_to_sale_ratio": 1.53,
            "price_fair": 1.34,
            "eps_avg_yearly": 0.45,
            "eps_latest_yearly": 0.04,
            "eps_growth_yearly": -45.95
        },
        "20223": {
            "year_quarter": 20223,
            "year": 2022,
            "quarter": 3,
            "eps": 0.5,
            "eps_growth_year": 354.55,
            "eps_4q": 1.03,
            "eps_4q_growth_year": null,
            "roe": 5.48,
            "roe_4q": 11.59,
            "gross_profit": 80114,
            "gross_margin": 19.79,
            "gross_margin_4q_avg": 14.5,
            "net_income": 50894,
            "net_income_4q": null,
            "revenue": 404755,
            "revenue_4q": null,
            "common_shares": 1055576,
            "book_valuer_per_share": 9.39,
            "book_valuer_per_share_4q_avg": 8.94,
            "equity": 953931,
            "current_ratio": 240.89,
            "debt_ratio": 52.54,
            "inventory_turnover_ratio": 0.44,
            "account_receivable_turnover_ratio": 1.45,
            "reinvestment_rate": null,
            "research_to_sale_ratio": 2.02,
            "price_fair": 22.4,
            "eps_avg_yearly": 0.64,
            "eps_latest_yearly": 2,
            "eps_growth_yearly": 2409.8
        },
        "20224": {
            "year_quarter": 20224,
            "year": 2022,
            "quarter": 4,
            "eps": 0.37,
            "eps_growth_year": 71.11,
            "eps_4q": 1.18,
            "eps_4q_growth_year": 880.15,
            "roe": 3.82,
            "roe_4q": 12.88,
            "gross_profit": 116769,
            "gross_margin": 20.24,
            "gross_margin_4q_avg": 17.39,
            "net_income": 37238,
            "net_income_4q": null,
            "revenue": 576966,
            "revenue_4q": null,
            "common_shares": 1055576,
            "book_valuer_per_share": 9.78,
            "book_valuer_per_share_4q_avg": 9.24,
            "equity": 993365,
            "current_ratio": 227.9,
            "debt_ratio": 52.94,
            "inventory_turnover_ratio": 0.57,
            "account_receivable_turnover_ratio": 1.6,
            "reinvestment_rate": -99.85,
            "research_to_sale_ratio": 1.48,
            "price_fair": 25.67,
            "eps_avg_yearly": 0.73,
            "eps_latest_yearly": 1.48,
            "eps_growth_yearly": 2130.49
        },
        "20231": {
            "year_quarter": 20231,
            "year": 2023,
            "quarter": 1,
            "eps": null,
            "eps_growth_year": null,
            "eps_4q": null,
            "eps_4q_growth_year": null,
            "roe": null,
            "roe_4q": 9.38,
            "gross_profit": null,
            "gross_margin": null,
            "gross_margin_4q_avg": 13.08,
            "net_income": null,
            "net_income_4q": null,
            "revenue": null,
            "revenue_4q": null,
            "common_shares": 1055576,
            "book_valuer_per_share": 9.82,
            "book_valuer_per_share_4q_avg": 9.47,
            "equity": null,
            "current_ratio": 219.42,
            "debt_ratio": 52.8,
            "inventory_turnover_ratio": null,
            "account_receivable_turnover_ratio": null,
            "reinvestment_rate": null,
            "research_to_sale_ratio": null,
            "price_fair": 25.67,
            "eps_avg_yearly": 0.73,
            "eps_latest_yearly": 1.48,
            "eps_growth_yearly": 2130.49
        },
        "20232": {
            "year_quarter": 20232,
            "year": 2023,
            "quarter": 2,
            "eps": -0.42,
            "eps_growth_year": -4300,
            "eps_4q": null,
            "eps_4q_growth_year": null,
            "roe": -4.42,
            "roe_4q": 4.880000000000001,
            "gross_profit": 20391,
            "gross_margin": 5.14,
            "gross_margin_4q_avg": 11.29,
            "net_income": -42259,
            "net_income_4q": null,
            "revenue": 396399,
            "revenue_4q": null,
            "common_shares": 1015696,
            "book_valuer_per_share": 9.4,
            "book_valuer_per_share_4q_avg": 9.6,
            "equity": 955237,
            "current_ratio": 304.18,
            "debt_ratio": 52.28,
            "inventory_turnover_ratio": 0.48,
            "account_receivable_turnover_ratio": 1.86,
            "reinvestment_rate": null,
            "research_to_sale_ratio": 1.66,
            "price_fair": 25.67,
            "eps_avg_yearly": 0.73,
            "eps_latest_yearly": 1.48,
            "eps_growth_yearly": 2130.49
        },
        "20233": {
            "year_quarter": 20233,
            "year": 2023,
            "quarter": 3,
            "eps": 0.45,
            "eps_growth_year": -10,
            "eps_4q": null,
            "eps_4q_growth_year": null,
            "roe": 4.68,
            "roe_4q": 4.08,
            "gross_profit": 54023,
            "gross_margin": 10.74,
            "gross_margin_4q_avg": 9.03,
            "net_income": 45743,
            "net_income_4q": null,
            "revenue": 502955,
            "revenue_4q": null,
            "common_shares": 1015696,
            "book_valuer_per_share": 9.83,
            "book_valuer_per_share_4q_avg": 9.71,
            "equity": 998664,
            "current_ratio": 300.74,
            "debt_ratio": 50.42,
            "inventory_turnover_ratio": 0.69,
            "account_receivable_turnover_ratio": 2,
            "reinvestment_rate": null,
            "research_to_sale_ratio": 1.67,
            "price_fair": 25.67,
            "eps_avg_yearly": 0.73,
            "eps_latest_yearly": 1.48,
            "eps_growth_yearly": 2130.49
        }
    },
    "months": {
        "2001-06": {
            "month": "2001-06",
            "price": "75.32",
            "revenue": 268341
        },
        "2001-07": {
            "month": "2001-07",
            "price": "67.36",
            "revenue": 291728
        },
        "2001-08": {
            "month": "2001-08",
            "price": "64.52",
            "revenue": 273451
        },
        "2001-09": {
            "month": "2001-09",
            "price": "45.08",
            "revenue": 245454
        },
        "2001-10": {
            "month": "2001-10",
            "price": "38.91",
            "revenue": 234317
        },
        "2001-11": {
            "month": "2001-11",
            "price": "48.74",
            "revenue": 350236
        },
        "2001-12": {
            "month": "2001-12",
            "price": "70.67",
            "revenue": 242748
        },
        "2002-01": {
            "month": "2002-01",
            "price": "79.27",
            "revenue": 301506
        },
        "2002-02": {
            "month": "2002-02",
            "price": "75.38",
            "revenue": 217104
        },
        "2002-03": {
            "month": "2002-03",
            "price": "72.90",
            "revenue": 351221
        },
        "2002-04": {
            "month": "2002-04",
            "price": "69.60",
            "revenue": 300591
        },
        "2002-05": {
            "month": "2002-05",
            "price": "52.20",
            "revenue": 395498
        },
        "2002-06": {
            "month": "2002-06",
            "price": "52.14",
            "revenue": 349296
        },
        "2002-07": {
            "month": "2002-07",
            "price": "46.15",
            "revenue": 314932
        },
        "2002-08": {
            "month": "2002-08",
            "price": "39.50",
            "revenue": 212805
        },
        "2002-09": {
            "month": "2002-09",
            "price": "27.10",
            "revenue": 234230
        },
        "2002-10": {
            "month": "2002-10",
            "price": "28.98",
            "revenue": 283007
        },
        "2002-11": {
            "month": "2002-11",
            "price": "28.77",
            "revenue": 268564
        },
        "2002-12": {
            "month": "2002-12",
            "price": "26.27",
            "revenue": 245329
        },
        "2003-01": {
            "month": "2003-01",
            "price": "26.73",
            "revenue": 337227
        },
        "2003-02": {
            "month": "2003-02",
            "price": "23.20",
            "revenue": 211703
        },
        "2003-03": {
            "month": "2003-03",
            "price": "19.12",
            "revenue": 297111
        },
        "2003-04": {
            "month": "2003-04",
            "price": "18.27",
            "revenue": 280163
        },
        "2003-05": {
            "month": "2003-05",
            "price": "14.39",
            "revenue": 262418
        },
        "2003-06": {
            "month": "2003-06",
            "price": "16.68",
            "revenue": 219601
        },
        "2003-07": {
            "month": "2003-07",
            "price": "16.67",
            "revenue": 310453
        },
        "2003-08": {
            "month": "2003-08",
            "price": "14.66",
            "revenue": 377406
        },
        "2003-09": {
            "month": "2003-09",
            "price": "12.07",
            "revenue": 248154
        },
        "2003-10": {
            "month": "2003-10",
            "price": "12.48",
            "revenue": 470126
        },
        "2003-11": {
            "month": "2003-11",
            "price": "15.32",
            "revenue": 345673
        },
        "2003-12": {
            "month": "2003-12",
            "price": "15.62",
            "revenue": 536676
        },
        "2004-01": {
            "month": "2004-01",
            "price": "17.60",
            "revenue": 449444
        },
        "2004-02": {
            "month": "2004-02",
            "price": "21.30",
            "revenue": 399505
        },
        "2004-03": {
            "month": "2004-03",
            "price": "22.91",
            "revenue": 537361
        },
        "2004-04": {
            "month": "2004-04",
            "price": "22.70",
            "revenue": 347975
        },
        "2004-05": {
            "month": "2004-05",
            "price": "16.51",
            "revenue": 277883
        },
        "2004-06": {
            "month": "2004-06",
            "price": "14.15",
            "revenue": 215049
        },
        "2004-07": {
            "month": "2004-07",
            "price": "10.70",
            "revenue": 243522
        },
        "2004-08": {
            "month": "2004-08",
            "price": "9.83",
            "revenue": 268377
        },
        "2004-09": {
            "month": "2004-09",
            "price": "8.15",
            "revenue": 298079
        },
        "2004-10": {
            "month": "2004-10",
            "price": "7.26",
            "revenue": 325707
        },
        "2004-11": {
            "month": "2004-11",
            "price": "6.88",
            "revenue": 399195
        },
        "2004-12": {
            "month": "2004-12",
            "price": "7.82",
            "revenue": 473501
        },
        "2005-01": {
            "month": "2005-01",
            "price": "7.28",
            "revenue": 288799
        },
        "2005-02": {
            "month": "2005-02",
            "price": "7.47",
            "revenue": 234604
        },
        "2005-03": {
            "month": "2005-03",
            "price": "11.12",
            "revenue": 277888
        },
        "2005-04": {
            "month": "2005-04",
            "price": "10.47",
            "revenue": 303979
        },
        "2005-05": {
            "month": "2005-05",
            "price": "9.94",
            "revenue": 307464
        },
        "2005-06": {
            "month": "2005-06",
            "price": "11.19",
            "revenue": 256642
        },
        "2005-07": {
            "month": "2005-07",
            "price": "12.64",
            "revenue": 276155
        },
        "2005-08": {
            "month": "2005-08",
            "price": "11.18",
            "revenue": 330255
        },
        "2005-09": {
            "month": "2005-09",
            "price": "10.14",
            "revenue": 262169
        },
        "2005-10": {
            "month": "2005-10",
            "price": "9.34",
            "revenue": 256267
        },
        "2005-11": {
            "month": "2005-11",
            "price": "8.26",
            "revenue": 237718
        },
        "2005-12": {
            "month": "2005-12",
            "price": "9.04",
            "revenue": 305649
        },
        "2006-01": {
            "month": "2006-01",
            "price": "10.11",
            "revenue": 205693
        },
        "2006-02": {
            "month": "2006-02",
            "price": "9.37",
            "revenue": 183808
        },
        "2006-03": {
            "month": "2006-03",
            "price": "10.17",
            "revenue": 240285
        },
        "2006-04": {
            "month": "2006-04",
            "price": "10.64",
            "revenue": 228381
        },
        "2006-05": {
            "month": "2006-05",
            "price": "9.68",
            "revenue": 217336
        },
        "2006-06": {
            "month": "2006-06",
            "price": "8.22",
            "revenue": 232313
        },
        "2006-07": {
            "month": "2006-07",
            "price": "8.09",
            "revenue": 206313
        },
        "2006-08": {
            "month": "2006-08",
            "price": "7.16",
            "revenue": 204278
        },
        "2006-09": {
            "month": "2006-09",
            "price": "6.75",
            "revenue": 181702
        },
        "2006-10": {
            "month": "2006-10",
            "price": "7.31",
            "revenue": 218171
        },
        "2006-11": {
            "month": "2006-11",
            "price": "10.03",
            "revenue": 244167
        },
        "2006-12": {
            "month": "2006-12",
            "price": "14.67",
            "revenue": 217190
        },
        "2007-01": {
            "month": "2007-01",
            "price": "18.80",
            "revenue": 261368
        },
        "2007-02": {
            "month": "2007-02",
            "price": "18.28",
            "revenue": 203470
        },
        "2007-03": {
            "month": "2007-03",
            "price": "24.78",
            "revenue": 285690
        },
        "2007-04": {
            "month": "2007-04",
            "price": "24.57",
            "revenue": 220584
        },
        "2007-05": {
            "month": "2007-05",
            "price": "21.65",
            "revenue": 208143
        },
        "2007-06": {
            "month": "2007-06",
            "price": "24.01",
            "revenue": 179559
        },
        "2007-07": {
            "month": "2007-07",
            "price": "25.89",
            "revenue": 198821
        },
        "2007-08": {
            "month": "2007-08",
            "price": "23.18",
            "revenue": 243906
        },
        "2007-09": {
            "month": "2007-09",
            "price": "22.10",
            "revenue": 277698
        },
        "2007-10": {
            "month": "2007-10",
            "price": "20.84",
            "revenue": 236783
        },
        "2007-11": {
            "month": "2007-11",
            "price": "16.95",
            "revenue": 243312
        },
        "2007-12": {
            "month": "2007-12",
            "price": "15.25",
            "revenue": 246488
        },
        "2008-01": {
            "month": "2008-01",
            "price": "12.00",
            "revenue": 246854
        },
        "2008-02": {
            "month": "2008-02",
            "price": "11.91",
            "revenue": 190297
        },
        "2008-03": {
            "month": "2008-03",
            "price": "13.60",
            "revenue": 240894
        },
        "2008-04": {
            "month": "2008-04",
            "price": "13.71",
            "revenue": 208362
        },
        "2008-05": {
            "month": "2008-05",
            "price": "15.06",
            "revenue": 165431
        },
        "2008-06": {
            "month": "2008-06",
            "price": "15.12",
            "revenue": 117594
        },
        "2008-07": {
            "month": "2008-07",
            "price": "11.47",
            "revenue": 210174
        },
        "2008-08": {
            "month": "2008-08",
            "price": "11.30",
            "revenue": 254373
        },
        "2008-09": {
            "month": "2008-09",
            "price": "8.28",
            "revenue": 211480
        },
        "2008-10": {
            "month": "2008-10",
            "price": "5.92",
            "revenue": 200563
        },
        "2008-11": {
            "month": "2008-11",
            "price": "5.38",
            "revenue": 156589
        },
        "2008-12": {
            "month": "2008-12",
            "price": "5.17",
            "revenue": 157509
        },
        "2009-01": {
            "month": "2009-01",
            "price": "5.06",
            "revenue": 95202
        },
        "2009-02": {
            "month": "2009-02",
            "price": "5.77",
            "revenue": 102927
        },
        "2009-03": {
            "month": "2009-03",
            "price": "7.07",
            "revenue": 142085
        },
        "2009-04": {
            "month": "2009-04",
            "price": "7.82",
            "revenue": 130459
        },
        "2009-05": {
            "month": "2009-05",
            "price": "10.43",
            "revenue": 155024
        },
        "2009-06": {
            "month": "2009-06",
            "price": "12.46",
            "revenue": 139233
        },
        "2009-07": {
            "month": "2009-07",
            "price": "12.53",
            "revenue": 199615
        },
        "2009-08": {
            "month": "2009-08",
            "price": "11.94",
            "revenue": 149605
        },
        "2009-09": {
            "month": "2009-09",
            "price": "12.13",
            "revenue": 222388
        },
        "2009-10": {
            "month": "2009-10",
            "price": "11.81",
            "revenue": 185929
        },
        "2009-11": {
            "month": "2009-11",
            "price": "11.30",
            "revenue": 204413
        },
        "2009-12": {
            "month": "2009-12",
            "price": "14.60",
            "revenue": 214838
        },
        "2010-01": {
            "month": "2010-01",
            "price": "14.07",
            "revenue": 184439
        },
        "2010-02": {
            "month": "2010-02",
            "price": "11.67",
            "revenue": 124017
        },
        "2010-03": {
            "month": "2010-03",
            "price": "12.62",
            "revenue": 207079
        },
        "2010-04": {
            "month": "2010-04",
            "price": "12.58",
            "revenue": 210723
        },
        "2010-05": {
            "month": "2010-05",
            "price": "11.93",
            "revenue": 182470
        },
        "2010-06": {
            "month": "2010-06",
            "price": "13.60",
            "revenue": 199910
        },
        "2010-07": {
            "month": "2010-07",
            "price": "15.65",
            "revenue": 224631
        },
        "2010-08": {
            "month": "2010-08",
            "price": "14.77",
            "revenue": 183712
        },
        "2010-09": {
            "month": "2010-09",
            "price": "14.05",
            "revenue": 202218
        },
        "2010-10": {
            "month": "2010-10",
            "price": "13.08",
            "revenue": 159459
        },
        "2010-11": {
            "month": "2010-11",
            "price": "11.16",
            "revenue": 174285
        },
        "2010-12": {
            "month": "2010-12",
            "price": "11.53",
            "revenue": 204105
        },
        "2011-01": {
            "month": "2011-01",
            "price": "11.54",
            "revenue": 193848
        },
        "2011-02": {
            "month": "2011-02",
            "price": "10.76",
            "revenue": 119839
        },
        "2011-03": {
            "month": "2011-03",
            "price": "10.50",
            "revenue": 168703
        },
        "2011-04": {
            "month": "2011-04",
            "price": "10.74",
            "revenue": 151809
        },
        "2011-05": {
            "month": "2011-05",
            "price": "10.10",
            "revenue": 162405
        },
        "2011-06": {
            "month": "2011-06",
            "price": "8.68",
            "revenue": 136510
        },
        "2011-07": {
            "month": "2011-07",
            "price": "6.50",
            "revenue": 173165
        },
        "2011-08": {
            "month": "2011-08",
            "price": "5.38",
            "revenue": 157161
        },
        "2011-09": {
            "month": "2011-09",
            "price": "5.51",
            "revenue": 185350
        },
        "2011-10": {
            "month": "2011-10",
            "price": "6.80",
            "revenue": 155408
        },
        "2011-11": {
            "month": "2011-11",
            "price": "7.12",
            "revenue": 208848
        },
        "2011-12": {
            "month": "2011-12",
            "price": "6.59",
            "revenue": 212627
        },
        "2012-01": {
            "month": "2012-01",
            "price": "6.55",
            "revenue": 181273
        },
        "2012-02": {
            "month": "2012-02",
            "price": "8.60",
            "revenue": 166148
        },
        "2012-03": {
            "month": "2012-03",
            "price": "8.58",
            "revenue": 156168
        },
        "2012-04": {
            "month": "2012-04",
            "price": "6.86",
            "revenue": 201830
        },
        "2012-05": {
            "month": "2012-05",
            "price": "6.74",
            "revenue": 201812
        },
        "2012-06": {
            "month": "2012-06",
            "price": "6.66",
            "revenue": 167780
        },
        "2012-07": {
            "month": "2012-07",
            "price": "7.34",
            "revenue": 190921
        },
        "2012-08": {
            "month": "2012-08",
            "price": "7.49",
            "revenue": 175808
        },
        "2012-09": {
            "month": "2012-09",
            "price": "8.00",
            "revenue": 169484
        },
        "2012-10": {
            "month": "2012-10",
            "price": "6.90",
            "revenue": 130805
        },
        "2012-11": {
            "month": "2012-11",
            "price": "6.07",
            "revenue": 121540
        },
        "2012-12": {
            "month": "2012-12",
            "price": "6.83",
            "revenue": 127524
        },
        "2013-01": {
            "month": "2013-01",
            "price": "7.04",
            "revenue": 120637
        },
        "2013-02": {
            "month": "2013-02",
            "price": "6.83",
            "revenue": 98208
        },
        "2013-03": {
            "month": "2013-03",
            "price": "6.55",
            "revenue": 105647
        },
        "2013-04": {
            "month": "2013-04",
            "price": "6.41",
            "revenue": 119180
        },
        "2013-05": {
            "month": "2013-05",
            "price": "6.50",
            "revenue": 156087
        },
        "2013-06": {
            "month": "2013-06",
            "price": "6.51",
            "revenue": 142456
        },
        "2013-07": {
            "month": "2013-07",
            "price": "6.44",
            "revenue": 137725
        },
        "2013-08": {
            "month": "2013-08",
            "price": "6.08",
            "revenue": 154084
        },
        "2013-09": {
            "month": "2013-09",
            "price": "6.00",
            "revenue": 127809
        },
        "2013-10": {
            "month": "2013-10",
            "price": "6.60",
            "revenue": 126837
        },
        "2013-11": {
            "month": "2013-11",
            "price": "7.57",
            "revenue": 117478
        },
        "2013-12": {
            "month": "2013-12",
            "price": "7.12",
            "revenue": 135593
        },
        "2014-01": {
            "month": "2014-01",
            "price": "8.32",
            "revenue": 111409
        },
        "2014-02": {
            "month": "2014-02",
            "price": "9.55",
            "revenue": 118131
        },
        "2014-03": {
            "month": "2014-03",
            "price": "11.61",
            "revenue": 120235
        },
        "2014-04": {
            "month": "2014-04",
            "price": "10.56",
            "revenue": 132649
        },
        "2014-05": {
            "month": "2014-05",
            "price": "10.22",
            "revenue": 123107
        },
        "2014-06": {
            "month": "2014-06",
            "price": "11.08",
            "revenue": 175564
        },
        "2014-07": {
            "month": "2014-07",
            "price": "12.13",
            "revenue": 115809
        },
        "2014-08": {
            "month": "2014-08",
            "price": "10.45",
            "revenue": 125378
        },
        "2014-09": {
            "month": "2014-09",
            "price": "10.21",
            "revenue": 146745
        },
        "2014-10": {
            "month": "2014-10",
            "price": "9.59",
            "revenue": 155750
        },
        "2014-11": {
            "month": "2014-11",
            "price": "14.93",
            "revenue": 146183
        },
        "2014-12": {
            "month": "2014-12",
            "price": "15.30",
            "revenue": 161744
        },
        "2015-01": {
            "month": "2015-01",
            "price": "17.60",
            "revenue": 121167
        },
        "2015-02": {
            "month": "2015-02",
            "price": "17.94",
            "revenue": 104199
        },
        "2015-03": {
            "month": "2015-03",
            "price": "17.96",
            "revenue": 137439
        },
        "2015-04": {
            "month": "2015-04",
            "price": "16.58",
            "revenue": 137368
        },
        "2015-05": {
            "month": "2015-05",
            "price": "14.56",
            "revenue": 140256
        },
        "2015-06": {
            "month": "2015-06",
            "price": "15.13",
            "revenue": 142599
        },
        "2015-07": {
            "month": "2015-07",
            "price": "16.41",
            "revenue": 140310
        },
        "2015-08": {
            "month": "2015-08",
            "price": "10.36",
            "revenue": 152824
        },
        "2015-09": {
            "month": "2015-09",
            "price": "8.96",
            "revenue": 128730
        },
        "2015-10": {
            "month": "2015-10",
            "price": "8.28",
            "revenue": 137851
        },
        "2015-11": {
            "month": "2015-11",
            "price": "8.37",
            "revenue": 138055
        },
        "2015-12": {
            "month": "2015-12",
            "price": "9.67",
            "revenue": 146222
        },
        "2016-01": {
            "month": "2016-01",
            "price": "10.04",
            "revenue": 128441
        },
        "2016-02": {
            "month": "2016-02",
            "price": "10.47",
            "revenue": 99793
        },
        "2016-03": {
            "month": "2016-03",
            "price": "12.82",
            "revenue": 129448
        },
        "2016-04": {
            "month": "2016-04",
            "price": "15.67",
            "revenue": 138357
        },
        "2016-05": {
            "month": "2016-05",
            "price": "14.44",
            "revenue": 129849
        },
        "2016-06": {
            "month": "2016-06",
            "price": "13.96",
            "revenue": 134023
        },
        "2016-07": {
            "month": "2016-07",
            "price": "14.50",
            "revenue": 138924
        },
        "2016-08": {
            "month": "2016-08",
            "price": "13.62",
            "revenue": 149784
        },
        "2016-09": {
            "month": "2016-09",
            "price": "12.93",
            "revenue": 135928
        },
        "2016-10": {
            "month": "2016-10",
            "price": "12.48",
            "revenue": 132290
        },
        "2016-11": {
            "month": "2016-11",
            "price": "11.36",
            "revenue": 126037
        },
        "2016-12": {
            "month": "2016-12",
            "price": "12.16",
            "revenue": 103116
        },
        "2017-01": {
            "month": "2017-01",
            "price": "11.32",
            "revenue": 93819
        },
        "2017-02": {
            "month": "2017-02",
            "price": "12.33",
            "revenue": 108037
        },
        "2017-03": {
            "month": "2017-03",
            "price": "15.15",
            "revenue": 128315
        },
        "2017-04": {
            "month": "2017-04",
            "price": "15.79",
            "revenue": 129787
        },
        "2017-05": {
            "month": "2017-05",
            "price": "16.61",
            "revenue": 139704
        },
        "2017-06": {
            "month": "2017-06",
            "price": "17.26",
            "revenue": 149610
        },
        "2017-07": {
            "month": "2017-07",
            "price": "17.57",
            "revenue": 137447
        },
        "2017-08": {
            "month": "2017-08",
            "price": "23.87",
            "revenue": 153234
        },
        "2017-09": {
            "month": "2017-09",
            "price": "30.24",
            "revenue": 124204
        },
        "2017-10": {
            "month": "2017-10",
            "price": "39.09",
            "revenue": 132615
        },
        "2017-11": {
            "month": "2017-11",
            "price": "37.96",
            "revenue": 124818
        },
        "2017-12": {
            "month": "2017-12",
            "price": "39.21",
            "revenue": 115841
        },
        "2018-01": {
            "month": "2018-01",
            "price": "37.91",
            "revenue": 101763
        },
        "2018-02": {
            "month": "2018-02",
            "price": "32.53",
            "revenue": 102967
        },
        "2018-03": {
            "month": "2018-03",
            "price": "34.53",
            "revenue": 143809
        },
        "2018-04": {
            "month": "2018-04",
            "price": "29.01",
            "revenue": 128553
        },
        "2018-05": {
            "month": "2018-05",
            "price": "24.82",
            "revenue": 138286
        },
        "2018-06": {
            "month": "2018-06",
            "price": "16.42",
            "revenue": 120855
        },
        "2018-07": {
            "month": "2018-07",
            "price": "15.71",
            "revenue": 66217
        },
        "2018-08": {
            "month": "2018-08",
            "price": "16.02",
            "revenue": 71620
        },
        "2018-09": {
            "month": "2018-09",
            "price": "15.72",
            "revenue": 85972
        },
        "2018-10": {
            "month": "2018-10",
            "price": "14.88",
            "revenue": 135151
        },
        "2018-11": {
            "month": "2018-11",
            "price": "16.99",
            "revenue": 141594
        },
        "2018-12": {
            "month": "2018-12",
            "price": "22.21",
            "revenue": 109993
        },
        "2019-01": {
            "month": "2019-01",
            "price": "21.14",
            "revenue": 99354
        },
        "2019-02": {
            "month": "2019-02",
            "price": "23.35",
            "revenue": 77899
        },
        "2019-03": {
            "month": "2019-03",
            "price": "20.95",
            "revenue": 97550
        },
        "2019-04": {
            "month": "2019-04",
            "price": "21.12",
            "revenue": 103345
        },
        "2019-05": {
            "month": "2019-05",
            "price": "20.93",
            "revenue": 108405
        },
        "2019-06": {
            "month": "2019-06",
            "price": "19.93",
            "revenue": 140829
        },
        "2019-07": {
            "month": "2019-07",
            "price": "19.09",
            "revenue": 154512
        },
        "2019-08": {
            "month": "2019-08",
            "price": "19.95",
            "revenue": 161169
        },
        "2019-09": {
            "month": "2019-09",
            "price": "20.68",
            "revenue": 136024
        },
        "2019-10": {
            "month": "2019-10",
            "price": "21.95",
            "revenue": 162931
        },
        "2019-11": {
            "month": "2019-11",
            "price": "22.86",
            "revenue": 169886
        },
        "2019-12": {
            "month": "2019-12",
            "price": "22.01",
            "revenue": 163170
        },
        "2020-01": {
            "month": "2020-01",
            "price": "19.84",
            "revenue": 143016
        },
        "2020-02": {
            "month": "2020-02",
            "price": "19.32",
            "revenue": 142875
        },
        "2020-03": {
            "month": "2020-03",
            "price": "15.60",
            "revenue": 108306
        },
        "2020-04": {
            "month": "2020-04",
            "price": "15.04",
            "revenue": 73511
        },
        "2020-05": {
            "month": "2020-05",
            "price": "16.16",
            "revenue": 125164
        },
        "2020-06": {
            "month": "2020-06",
            "price": "15.13",
            "revenue": 149101
        },
        "2020-07": {
            "month": "2020-07",
            "price": "15.02",
            "revenue": 165418
        },
        "2020-08": {
            "month": "2020-08",
            "price": "14.36",
            "revenue": 147996
        },
        "2020-09": {
            "month": "2020-09",
            "price": "14.53",
            "revenue": 184477
        },
        "2020-10": {
            "month": "2020-10",
            "price": "14.94",
            "revenue": 156770
        },
        "2020-11": {
            "month": "2020-11",
            "price": "14.45",
            "revenue": 147428
        },
        "2020-12": {
            "month": "2020-12",
            "price": "14.23",
            "revenue": 230155
        },
        "2021-01": {
            "month": "2021-01",
            "price": "15.74",
            "revenue": 157104
        },
        "2021-02": {
            "month": "2021-02",
            "price": "14.85",
            "revenue": 106112
        },
        "2021-03": {
            "month": "2021-03",
            "price": "15.80",
            "revenue": 181116
        },
        "2021-04": {
            "month": "2021-04",
            "price": "15.97",
            "revenue": 103635
        },
        "2021-05": {
            "month": "2021-05",
            "price": "13.00",
            "revenue": 141790
        },
        "2021-06": {
            "month": "2021-06",
            "price": "12.21",
            "revenue": 139472
        },
        "2021-07": {
            "month": "2021-07",
            "price": "11.64",
            "revenue": 141617
        },
        "2021-08": {
            "month": "2021-08",
            "price": "11.11",
            "revenue": 154346
        },
        "2021-09": {
            "month": "2021-09",
            "price": "10.92",
            "revenue": 144586
        },
        "2021-10": {
            "month": "2021-10",
            "price": "10.54",
            "revenue": 158351
        },
        "2021-11": {
            "month": "2021-11",
            "price": "12.09",
            "revenue": 178240
        },
        "2021-12": {
            "month": "2021-12",
            "price": "13.90",
            "revenue": 161253
        },
        "2022-01": {
            "month": "2022-01",
            "price": "12.76",
            "revenue": 128357
        },
        "2022-02": {
            "month": "2022-02",
            "price": "12.30",
            "revenue": 113058
        },
        "2022-03": {
            "month": "2022-03",
            "price": "11.40",
            "revenue": 183595
        },
        "2022-04": {
            "month": "2022-04",
            "price": "11.80",
            "revenue": 157899
        },
        "2022-05": {
            "month": "2022-05",
            "price": "12.12",
            "revenue": 128549
        },
        "2022-06": {
            "month": "2022-06",
            "price": "12.87",
            "revenue": 109197
        },
        "2022-07": {
            "month": "2022-07",
            "price": "11.72",
            "revenue": 113399
        },
        "2022-08": {
            "month": "2022-08",
            "price": "14.37",
            "revenue": 150337
        },
        "2022-09": {
            "month": "2022-09",
            "price": "12.78",
            "revenue": 141019
        },
        "2022-10": {
            "month": "2022-10",
            "price": "11.51",
            "revenue": 186453
        },
        "2022-11": {
            "month": "2022-11",
            "price": "12.97",
            "revenue": 240203
        },
        "2022-12": {
            "month": "2022-12",
            "price": "17.22",
            "revenue": 193234
        },
        "2023-01": {
            "month": "2023-01",
            "price": "17.53",
            "revenue": 106898
        },
        "2023-02": {
            "month": "2023-02",
            "price": "17.38",
            "revenue": 152320
        },
        "2023-03": {
            "month": "2023-03",
            "price": "16.99",
            "revenue": 177981
        },
        "2023-04": {
            "month": "2023-04",
            "price": "16.66",
            "revenue": 128231
        },
        "2023-05": {
            "month": "2023-05",
            "price": "15.00",
            "revenue": 123738
        },
        "2023-06": {
            "month": "2023-06",
            "price": "11.73",
            "revenue": 144431
        },
        "2023-07": {
            "month": "2023-07",
            "price": "13.33",
            "revenue": 151559
        },
        "2023-08": {
            "month": "2023-08",
            "price": "12.70",
            "revenue": 166393
        },
        "2023-09": {
            "month": "2023-09",
            "price": "12.84",
            "revenue": 185003
        },
        "2023-10": {
            "month": "2023-10",
            "price": "12.66",
            "revenue": 193855
        },
        "2023-11": {
            "month": "2023-11",
            "price": "13.46",
            "revenue": 181568
        },
        "2023-12": {
            "month": "2023-12",
            "price": "13.42",
            "revenue": 110187
        }
    }
}
