{
    "summary": {
        "stock_name": "晶電",
        "stock_id": "2448",
        "category": "光電",
        "main_business": "磷化鋁鎵銦磊晶片與晶粒(AlGaInP EPI WAFER &amp; CHIPS)<br>砷化鋁鎵磊晶片與晶粒(AlGaAs  EPI WAFER &amp; CHIPS)<br>氮化銦鎵磊晶片與晶粒(InGaN EPI WAFER &amp; CHIPS)",
        "website_url": "http://www.epistar.com.tw",
        "ceo": "范進雍",
        "pe_ratio": -9,
        "report_year_from": 2001,
        "report_year_to": 2020,
        "age": 22,
        "eps_negative_percentage": 35,
        "eps_growth_avg": {
            "last_all": -15.33,
            "last_2y": -100,
            "last_4y": -100,
            "last_8y": -50,
            "last_12y": -23.81,
            "last_16y": -17.09,
            "last_20y": null,
            "at_2006_last_3y": -6.84,
            "at_2007_last_3y": -3.64,
            "at_2008_last_3y": -25.95,
            "at_2009_last_3y": 3.01,
            "at_2010_last_3y": 30.05,
            "at_2011_last_3y": 2.37,
            "at_2012_last_3y": 1.96,
            "at_2013_last_3y": -30.72,
            "at_2014_last_3y": -30.72,
            "at_2015_last_3y": -33.33,
            "at_2016_last_3y": 0,
            "at_2017_last_3y": 0,
            "at_2018_last_3y": -100,
            "at_2019_last_3y": -100,
            "at_2020_last_3y": -100,
            "at_2021_last_3y": -100,
            "at_2022_last_3y": -100,
            "at_2023_last_3y": -100,
            "at_2006_last_all": -6.84,
            "at_2007_last_all": -1.76,
            "at_2008_last_all": -17.86,
            "at_2009_last_all": -1.03,
            "at_2010_last_all": 11.6,
            "at_2011_last_all": 0.08,
            "at_2012_last_all": -9.93,
            "at_2013_last_all": -9.93,
            "at_2014_last_all": 0.06,
            "at_2015_last_all": -8.28,
            "at_2016_last_all": -8.28,
            "at_2017_last_all": -8.28,
            "at_2018_last_all": -15.33,
            "at_2019_last_all": -15.33,
            "at_2020_last_all": -15.33,
            "at_2021_last_all": -15.33,
            "at_2022_last_all": -15.33,
            "at_2023_last_all": -15.33
        },
        "latest_eps": -4.39,
        "latest_price": 41.4,
        "latest_roe": -10.91,
        "latest_gross_margin": -9.42,
        "latest_equity": 44243756,
        "latest_revenue": 3731185,
        "latest_gross_profit": -351596,
        "latest_net_income": -1196480,
        "latest_debt_ratio": 26.31,
        "latest_current_ratio": 203.71,
        "latest_account_receivable_turnover_ratio": 0.5,
        "latest_inventory_turnover_ratio": 1.28,
        "latest_reinvestment_rate": null,
        "latest_research_to_sale_ratio": 12.52
    },
    "eps_dividends": {
        "1999": {
            "cash": 0,
            "stock": 1.7,
            "eps": 0
        },
        "2001": {
            "cash": 0,
            "stock": 1,
            "eps": -0.19
        },
        "2002": {
            "cash": 0,
            "stock": 0.5,
            "eps": 4.86
        },
        "2003": {
            "cash": 1.3,
            "stock": 1.7,
            "eps": 5.14
        },
        "2004": {
            "cash": 2.17,
            "stock": 0.99,
            "eps": 4.67
        },
        "2005": {
            "cash": 0.5,
            "stock": 1.5,
            "eps": 3.93
        },
        "2006": {
            "cash": 1.49,
            "stock": 0.5,
            "eps": 3.61
        },
        "2007": {
            "cash": 1.73,
            "stock": 0.19,
            "eps": 4.28
        },
        "2008": {
            "cash": 2.4,
            "stock": 0.1,
            "eps": 0.07
        },
        "2009": {
            "cash": 0.12,
            "stock": 0,
            "eps": 2.66
        },
        "2010": {
            "cash": 1.8,
            "stock": 0,
            "eps": 7.13
        },
        "2011": {
            "cash": 5.58,
            "stock": 0,
            "eps": 0.56
        },
        "2012": {
            "cash": 0,
            "stock": 0,
            "eps": -1.2
        },
        "2013": {
            "cash": 0.54,
            "stock": 0,
            "eps": 0.05
        },
        "2014": {
            "cash": 0.45,
            "stock": 0,
            "eps": 1.96
        },
        "2015": {
            "cash": 0.83,
            "stock": 0,
            "eps": -2.82
        },
        "2016": {
            "cash": 0,
            "stock": 0,
            "eps": -3.33
        },
        "2017": {
            "cash": 0,
            "stock": 0,
            "eps": 1.55
        },
        "2018": {
            "cash": 0.8,
            "stock": 0,
            "eps": -0.42
        },
        "2019": {
            "cash": 0.3,
            "stock": 0,
            "eps": -3.48
        },
        "2020": {
            "cash": 0,
            "stock": 0,
            "eps": -3.25
        }
    },
    "dividends": {
        "1999-04-20": {
            "cash": 0,
            "stock": 1.7
        },
        "2001-05-14": {
            "cash": 0,
            "stock": 1
        },
        "2002-06-19": {
            "cash": 0,
            "stock": 0.5
        },
        "2003-03-26": {
            "cash": 1.3,
            "stock": 1.7
        },
        "2004-03-24": {
            "cash": 2.17,
            "stock": 0.99
        },
        "2005-03-23": {
            "cash": 0.5,
            "stock": 1.5
        },
        "2006-03-23": {
            "cash": 1.49,
            "stock": 0.5
        },
        "2007-03-20": {
            "cash": 1.73,
            "stock": 0.19
        },
        "2008-03-20": {
            "cash": 2.4,
            "stock": 0.1
        },
        "2009-03-23": {
            "cash": 0.12,
            "stock": 0
        },
        "2010-03-22": {
            "cash": 1.8,
            "stock": 0
        },
        "2011-01-01": {
            "cash": 1.1,
            "stock": 0
        },
        "2011-03-17": {
            "cash": 4.48,
            "stock": 0
        },
        "2013-03-25": {
            "cash": 0.54,
            "stock": 0
        },
        "2014-09-05": {
            "cash": 0.45,
            "stock": 0
        },
        "2015-09-03": {
            "cash": 0.83,
            "stock": 0
        },
        "2018-08-22": {
            "cash": 0.8,
            "stock": 0
        },
        "2019-08-15": {
            "cash": 0.3,
            "stock": 0
        }
    },
    "prices": {
        "200101": "無",
        "200102": "無",
        "200103": "無",
        "200104": "無",
        "200105": "27.30",
        "200106": "23.46",
        "200107": "17.99",
        "200108": "15.93",
        "200109": "13.93",
        "200110": "12.63",
        "200111": "14.17",
        "200112": "22.17",
        "200201": "27.45",
        "200202": "32.83",
        "200203": "36.77",
        "200204": "44.93",
        "200205": "39.75",
        "200206": "37.64",
        "200207": "46.93",
        "200208": "55.20",
        "200209": "66.72",
        "200210": "61.43",
        "200211": "70.40",
        "200212": "65.61",
        "200301": "57.95",
        "200302": "53.62",
        "200303": "48.13",
        "200304": "46.37",
        "200305": "38.84",
        "200306": "45.88",
        "200307": "46.22",
        "200308": "45.73",
        "200309": "46.65",
        "200310": "47.72",
        "200311": "70.18",
        "200312": "77.33",
        "200401": "93.30",
        "200402": "116.42",
        "200403": "104.96",
        "200404": "103.86",
        "200405": "84.45",
        "200406": "70.24",
        "200407": "65.32",
        "200408": "55.32",
        "200409": "51.98",
        "200410": "44.94",
        "200411": "39.99",
        "200412": "40.83",
        "200501": "37.08",
        "200502": "40.26",
        "200503": "44.29",
        "200504": "48.84",
        "200505": "48.51",
        "200506": "49.51",
        "200507": "50.79",
        "200508": "40.88",
        "200509": "41.40",
        "200510": "50.94",
        "200511": "58.91",
        "200512": "61.34",
        "200601": "65.21",
        "200602": "60.95",
        "200603": "75.93",
        "200604": "105.52",
        "200605": "124.60",
        "200606": "104.39",
        "200607": "93.90",
        "200608": "97.60",
        "200609": "103.03",
        "200610": "97.53",
        "200611": "86.92",
        "200612": "92.80",
        "200701": "101.67",
        "200702": "115.42",
        "200703": "116.96",
        "200704": "115.50",
        "200705": "120.36",
        "200706": "135.02",
        "200707": "157.73",
        "200708": "148.80",
        "200709": "154.36",
        "200710": "148.41",
        "200711": "126.73",
        "200712": "130.19",
        "200801": "109.09",
        "200802": "82.66",
        "200803": "92.24",
        "200804": "85.23",
        "200805": "91.66",
        "200806": "74.74",
        "200807": "61.07",
        "200808": "63.12",
        "200809": "46.88",
        "200810": "41.60",
        "200811": "30.58",
        "200812": "29.03",
        "200901": "30.40",
        "200902": "39.75",
        "200903": "50.40",
        "200904": "59.18",
        "200905": "86.82",
        "200906": "85.65",
        "200907": "92.02",
        "200908": "86.62",
        "200909": "100.12",
        "200910": "112.47",
        "200911": "103.73",
        "200912": "113.26",
        "201001": "110.68",
        "201002": "92.58",
        "201003": "99.13",
        "201004": "105.69",
        "201005": "96.38",
        "201006": "86.74",
        "201007": "88.92",
        "201008": "84.56",
        "201009": "91.33",
        "201010": "95.11",
        "201011": "97.96",
        "201012": "101.85",
        "201101": "103.26",
        "201102": "102.61",
        "201103": "109.11",
        "201104": "104.18",
        "201105": "88.77",
        "201106": "89.64",
        "201107": "73.89",
        "201108": "55.95",
        "201109": "56.45",
        "201110": "56.54",
        "201111": "60.58",
        "201112": "63.12",
        "201201": "65.53",
        "201202": "75.37",
        "201203": "78.19",
        "201204": "72.78",
        "201205": "68.80",
        "201206": "62.07",
        "201207": "61.10",
        "201208": "60.86",
        "201209": "63.07",
        "201210": "55.55",
        "201211": "45.01",
        "201212": "49.88",
        "201301": "53.59",
        "201302": "56.52",
        "201303": "56.12",
        "201304": "50.90",
        "201305": "56.07",
        "201306": "55.90",
        "201307": "53.09",
        "201308": "49.88",
        "201309": "53.62",
        "201310": "54.37",
        "201311": "47.50",
        "201312": "53.74",
        "201401": "63.87",
        "201402": "68.45",
        "201403": "74.37",
        "201404": "71.04",
        "201405": "67.11",
        "201406": "70.68",
        "201407": "74.15",
        "201408": "66.54",
        "201409": "57.34",
        "201410": "54.48",
        "201411": "55.48",
        "201412": "61.35",
        "201501": "60.10",
        "201502": "58.05",
        "201503": "56.16",
        "201504": "46.10",
        "201505": "46.94",
        "201506": "42.45",
        "201507": "34.51",
        "201508": "26.11",
        "201509": "27.98",
        "201510": "27.54",
        "201511": "26.01",
        "201512": "23.67",
        "201601": "27.13",
        "201602": "26.20",
        "201603": "24.84",
        "201604": "22.38",
        "201605": "19.00",
        "201606": "20.08",
        "201607": "23.50",
        "201608": "22.91",
        "201609": "24.24",
        "201610": "22.31",
        "201611": "22.36",
        "201612": "23.57",
        "201701": "23.80",
        "201702": "25.78",
        "201703": "29.65",
        "201704": "29.78",
        "201705": "31.66",
        "201706": "29.58",
        "201707": "28.62",
        "201708": "30.22",
        "201709": "37.20",
        "201710": "44.31",
        "201711": "58.03",
        "201712": "48.05",
        "201801": "51.31",
        "201802": "50.31",
        "201803": "46.93",
        "201804": "38.90",
        "201805": "37.73",
        "201806": "41.88",
        "201807": "37.47",
        "201808": "34.75",
        "201809": "33.09",
        "201810": "31.48",
        "201811": "25.28",
        "201812": "26.94",
        "201901": "25.15",
        "201902": "27.07",
        "201903": "25.51",
        "201904": "27.67",
        "201905": "24.29",
        "201906": "24.20",
        "201907": "24.95",
        "201908": "22.57",
        "201909": "24.05",
        "201910": "26.53",
        "201911": "31.30",
        "201912": "32.59",
        "202001": "33.25",
        "202002": "32.44",
        "202003": "28.42",
        "202004": "33.00",
        "202005": "37.62",
        "202006": "36.96",
        "202007": "39.72",
        "202008": "41.65",
        "202009": "39.07",
        "202010": "35.27",
        "202011": "36.32",
        "202012": "41.48",
        "202101": "無",
        "202102": "無",
        "202103": "無",
        "202104": "無",
        "202105": "無",
        "202106": "無",
        "202107": "無",
        "202108": "無",
        "202109": "無",
        "202110": "無",
        "202111": "無",
        "202112": "無",
        "202201": "無",
        "202202": "無",
        "202203": "無",
        "202204": "無",
        "202205": "無",
        "202206": "無",
        "202207": "無",
        "202208": "無",
        "202209": "無",
        "202210": "無",
        "202211": "無",
        "202212": "無",
        "202301": "無",
        "202302": "無",
        "202303": "無",
        "202304": "無",
        "202305": "無",
        "202306": "無",
        "202307": "無",
        "202308": "無",
        "202309": "無",
        "202310": "無"
    },
    "quarters": {
        "20011": {
            "year_quarter": 20011,
            "year": 2001,
            "quarter": 1,
            "eps": -0.06,
            "eps_growth_year": null,
            "eps_4q": null,
            "eps_4q_growth_year": null,
            "roe": -0.3,
            "roe_4q": -0.3,
            "gross_profit": 18283,
            "gross_margin": 13.96,
            "gross_margin_4q_avg": 13.96,
            "net_income": -4604,
            "net_income_4q": null,
            "revenue": 130943,
            "revenue_4q": null,
            "common_shares": 765000,
            "book_valuer_per_share": 19.97,
            "book_valuer_per_share_4q_avg": 19.97,
            "equity": 1527933,
            "current_ratio": 164.79,
            "debt_ratio": 34,
            "inventory_turnover_ratio": 0.27,
            "account_receivable_turnover_ratio": null,
            "reinvestment_rate": null,
            "research_to_sale_ratio": null,
            "price_fair": 0,
            "eps_avg_yearly": 0,
            "eps_latest_yearly": 0,
            "eps_growth_yearly": 0
        },
        "20012": {
            "year_quarter": 20012,
            "year": 2001,
            "quarter": 2,
            "eps": 0.02,
            "eps_growth_year": null,
            "eps_4q": 0.4,
            "eps_4q_growth_year": null,
            "roe": 0.12,
            "roe_4q": -0.18,
            "gross_profit": 16665,
            "gross_margin": 11.99,
            "gross_margin_4q_avg": 12.98,
            "net_income": 1806,
            "net_income_4q": null,
            "revenue": 138995,
            "revenue_4q": null,
            "common_shares": 765000,
            "book_valuer_per_share": 20,
            "book_valuer_per_share_4q_avg": 19.99,
            "equity": 1529739,
            "current_ratio": 148.86,
            "debt_ratio": 38.62,
            "inventory_turnover_ratio": 0.29,
            "account_receivable_turnover_ratio": null,
            "reinvestment_rate": null,
            "research_to_sale_ratio": null,
            "price_fair": 0,
            "eps_avg_yearly": 0,
            "eps_latest_yearly": 0,
            "eps_growth_yearly": 0
        },
        "20013": {
            "year_quarter": 20013,
            "year": 2001,
            "quarter": 3,
            "eps": -0.29,
            "eps_growth_year": -169.05,
            "eps_4q": -0.17,
            "eps_4q_growth_year": null,
            "roe": -1.58,
            "roe_4q": -1.76,
            "gross_profit": 15378,
            "gross_margin": 10.74,
            "gross_margin_4q_avg": 12.23,
            "net_income": -24017,
            "net_income_4q": null,
            "revenue": 143150,
            "revenue_4q": null,
            "common_shares": 841500,
            "book_valuer_per_share": 17.89,
            "book_valuer_per_share_4q_avg": 19.29,
            "equity": 1505722,
            "current_ratio": 152.05,
            "debt_ratio": 40.74,
            "inventory_turnover_ratio": 0.29,
            "account_receivable_turnover_ratio": null,
            "reinvestment_rate": null,
            "research_to_sale_ratio": null,
            "price_fair": 0,
            "eps_avg_yearly": 0,
            "eps_latest_yearly": 0,
            "eps_growth_yearly": 0
        },
        "20014": {
            "year_quarter": 20014,
            "year": 2001,
            "quarter": 4,
            "eps": 0.14,
            "eps_growth_year": -26.32,
            "eps_4q": -0.19,
            "eps_4q_growth_year": null,
            "roe": 0.75,
            "roe_4q": -1.01,
            "gross_profit": 7107,
            "gross_margin": 4.25,
            "gross_margin_4q_avg": 10.24,
            "net_income": 11385,
            "net_income_4q": null,
            "revenue": 167032,
            "revenue_4q": null,
            "common_shares": 841500,
            "book_valuer_per_share": 18.03,
            "book_valuer_per_share_4q_avg": 18.97,
            "equity": 1517107,
            "current_ratio": 158.4,
            "debt_ratio": 42.55,
            "inventory_turnover_ratio": 0.36,
            "account_receivable_turnover_ratio": null,
            "reinvestment_rate": null,
            "research_to_sale_ratio": null,
            "price_fair": 0,
            "eps_avg_yearly": 0,
            "eps_latest_yearly": 0,
            "eps_growth_yearly": 0
        },
        "20021": {
            "year_quarter": 20021,
            "year": 2002,
            "quarter": 1,
            "eps": 0.2,
            "eps_growth_year": null,
            "eps_4q": 0.07,
            "eps_4q_growth_year": null,
            "roe": 1.09,
            "roe_4q": 0.38,
            "gross_profit": 55496,
            "gross_margin": 21.55,
            "gross_margin_4q_avg": 12.13,
            "net_income": 16555,
            "net_income_4q": null,
            "revenue": 257562,
            "revenue_4q": null,
            "common_shares": 841500,
            "book_valuer_per_share": 18.23,
            "book_valuer_per_share_4q_avg": 18.54,
            "equity": 1533662,
            "current_ratio": 172.63,
            "debt_ratio": 42.57,
            "inventory_turnover_ratio": 0.45,
            "account_receivable_turnover_ratio": null,
            "reinvestment_rate": null,
            "research_to_sale_ratio": null,
            "price_fair": 28,
            "eps_avg_yearly": 0.8,
            "eps_latest_yearly": 0.8,
            "eps_growth_yearly": 171.43
        },
        "20022": {
            "year_quarter": 20022,
            "year": 2002,
            "quarter": 2,
            "eps": 0.7,
            "eps_growth_year": 3400,
            "eps_4q": 0.75,
            "eps_4q_growth_year": 85.55,
            "roe": 3.79,
            "roe_4q": 4.05,
            "gross_profit": 122921,
            "gross_margin": 31.14,
            "gross_margin_4q_avg": 16.92,
            "net_income": 59228,
            "net_income_4q": null,
            "revenue": 394788,
            "revenue_4q": null,
            "common_shares": 841500,
            "book_valuer_per_share": 18.93,
            "book_valuer_per_share_4q_avg": 18.27,
            "equity": 1592890,
            "current_ratio": 163.78,
            "debt_ratio": 49.19,
            "inventory_turnover_ratio": 0.61,
            "account_receivable_turnover_ratio": null,
            "reinvestment_rate": null,
            "research_to_sale_ratio": null,
            "price_fair": 63,
            "eps_avg_yearly": 1.8,
            "eps_latest_yearly": 2.8,
            "eps_growth_yearly": 585.71
        },
        "20023": {
            "year_quarter": 20023,
            "year": 2002,
            "quarter": 3,
            "eps": 2.26,
            "eps_growth_year": null,
            "eps_4q": 3.3,
            "eps_4q_growth_year": null,
            "roe": 11.26,
            "roe_4q": 16.89,
            "gross_profit": 200162,
            "gross_margin": 38.07,
            "gross_margin_4q_avg": 23.75,
            "net_income": 190029,
            "net_income_4q": null,
            "revenue": 525744,
            "revenue_4q": null,
            "common_shares": 841500,
            "book_valuer_per_share": 21.19,
            "book_valuer_per_share_4q_avg": 19.1,
            "equity": 1782919,
            "current_ratio": 144.36,
            "debt_ratio": 46.23,
            "inventory_turnover_ratio": 0.72,
            "account_receivable_turnover_ratio": null,
            "reinvestment_rate": null,
            "research_to_sale_ratio": null,
            "price_fair": 147.47,
            "eps_avg_yearly": 4.21,
            "eps_latest_yearly": 9.04,
            "eps_growth_yearly": 687.62
        },
        "20024": {
            "year_quarter": 20024,
            "year": 2002,
            "quarter": 4,
            "eps": 1.7,
            "eps_growth_year": 1114.29,
            "eps_4q": 4.68,
            "eps_4q_growth_year": null,
            "roe": 7.25,
            "roe_4q": 23.389999999999997,
            "gross_profit": 219500,
            "gross_margin": 38.65,
            "gross_margin_4q_avg": 32.35,
            "net_income": 151882,
            "net_income_4q": null,
            "revenue": 567922,
            "revenue_4q": null,
            "common_shares": 998575,
            "book_valuer_per_share": 24.1,
            "book_valuer_per_share_4q_avg": 20.61,
            "equity": 2406301,
            "current_ratio": 199.51,
            "debt_ratio": 37.38,
            "inventory_turnover_ratio": 0.76,
            "account_receivable_turnover_ratio": null,
            "reinvestment_rate": null,
            "research_to_sale_ratio": null,
            "price_fair": 170.1,
            "eps_avg_yearly": 4.86,
            "eps_latest_yearly": 6.8,
            "eps_growth_yearly": 490.94
        },
        "20031": {
            "year_quarter": 20031,
            "year": 2003,
            "quarter": 1,
            "eps": 1.32,
            "eps_growth_year": 560,
            "eps_4q": 5.32,
            "eps_4q_growth_year": 7591.46,
            "roe": 5.35,
            "roe_4q": 27.65,
            "gross_profit": 193297,
            "gross_margin": 37.58,
            "gross_margin_4q_avg": 36.36,
            "net_income": 132263,
            "net_income_4q": null,
            "revenue": 514298,
            "revenue_4q": null,
            "common_shares": 998575,
            "book_valuer_per_share": 25.42,
            "book_valuer_per_share_4q_avg": 22.41,
            "equity": 2538564,
            "current_ratio": 225.48,
            "debt_ratio": 33.02,
            "inventory_turnover_ratio": 0.73,
            "account_receivable_turnover_ratio": null,
            "reinvestment_rate": null,
            "research_to_sale_ratio": null,
            "price_fair": 173.04,
            "eps_avg_yearly": 4.94,
            "eps_latest_yearly": 5.28,
            "eps_growth_yearly": 374.87
        },
        "20032": {
            "year_quarter": 20032,
            "year": 2003,
            "quarter": 2,
            "eps": 1.09,
            "eps_growth_year": 55.71,
            "eps_4q": 5.05,
            "eps_4q_growth_year": 576.67,
            "roe": 5.17,
            "roe_4q": 29.03,
            "gross_profit": 195472,
            "gross_margin": 39.91,
            "gross_margin_4q_avg": 38.55,
            "net_income": 130504,
            "net_income_4q": null,
            "revenue": 489814,
            "revenue_4q": null,
            "common_shares": 998575,
            "book_valuer_per_share": 25.12,
            "book_valuer_per_share_4q_avg": 23.96,
            "equity": 2508424,
            "current_ratio": 191.5,
            "debt_ratio": 36.19,
            "inventory_turnover_ratio": 0.66,
            "account_receivable_turnover_ratio": null,
            "reinvestment_rate": null,
            "research_to_sale_ratio": null,
            "price_fair": 169.63,
            "eps_avg_yearly": 4.85,
            "eps_latest_yearly": 4.36,
            "eps_growth_yearly": 300.77
        },
        "20033": {
            "year_quarter": 20033,
            "year": 2003,
            "quarter": 3,
            "eps": 1.08,
            "eps_growth_year": -52.21,
            "eps_4q": 4.57,
            "eps_4q_growth_year": 38.51,
            "roe": 4.99,
            "roe_4q": 22.759999999999998,
            "gross_profit": 216372,
            "gross_margin": 40.77,
            "gross_margin_4q_avg": 39.23,
            "net_income": 128457,
            "net_income_4q": null,
            "revenue": 530708,
            "revenue_4q": null,
            "common_shares": 1193893,
            "book_valuer_per_share": 22.09,
            "book_valuer_per_share_4q_avg": 24.18,
            "equity": 2636881,
            "current_ratio": 193.21,
            "debt_ratio": 32.14,
            "inventory_turnover_ratio": 0.69,
            "account_receivable_turnover_ratio": null,
            "reinvestment_rate": null,
            "research_to_sale_ratio": null,
            "price_fair": 167,
            "eps_avg_yearly": 4.77,
            "eps_latest_yearly": 4.32,
            "eps_growth_yearly": 257.28
        },
        "20034": {
            "year_quarter": 20034,
            "year": 2003,
            "quarter": 4,
            "eps": 1.65,
            "eps_growth_year": -2.94,
            "eps_4q": 4.89,
            "eps_4q_growth_year": 4.63,
            "roe": 7.14,
            "roe_4q": 22.65,
            "gross_profit": 312640,
            "gross_margin": 43.88,
            "gross_margin_4q_avg": 40.54,
            "net_income": 199132,
            "net_income_4q": null,
            "revenue": 712485,
            "revenue_4q": null,
            "common_shares": 1251366,
            "book_valuer_per_share": 23.52,
            "book_valuer_per_share_4q_avg": 24.04,
            "equity": 2943172,
            "current_ratio": 280.34,
            "debt_ratio": 44.64,
            "inventory_turnover_ratio": 0.88,
            "account_receivable_turnover_ratio": null,
            "reinvestment_rate": null,
            "research_to_sale_ratio": null,
            "price_fair": 175,
            "eps_avg_yearly": 5,
            "eps_latest_yearly": 6.6,
            "eps_growth_yearly": 251.51
        },
        "20041": {
            "year_quarter": 20041,
            "year": 2004,
            "quarter": 1,
            "eps": 2.18,
            "eps_growth_year": 65.15,
            "eps_4q": 5.84,
            "eps_4q_growth_year": 9.74,
            "roe": 8.65,
            "roe_4q": 25.950000000000003,
            "gross_profit": 364746,
            "gross_margin": 46.78,
            "gross_margin_4q_avg": 42.84,
            "net_income": 272706,
            "net_income_4q": null,
            "revenue": 779626,
            "revenue_4q": null,
            "common_shares": 1268158,
            "book_valuer_per_share": 26.49,
            "book_valuer_per_share_4q_avg": 24.31,
            "equity": 3359205,
            "current_ratio": 277.24,
            "debt_ratio": 40.86,
            "inventory_turnover_ratio": 0.86,
            "account_receivable_turnover_ratio": null,
            "reinvestment_rate": null,
            "research_to_sale_ratio": null,
            "price_fair": 189.47,
            "eps_avg_yearly": 5.41,
            "eps_latest_yearly": 8.72,
            "eps_growth_yearly": 237.84
        },
        "20042": {
            "year_quarter": 20042,
            "year": 2004,
            "quarter": 2,
            "eps": 1.79,
            "eps_growth_year": 64.22,
            "eps_4q": 6.53,
            "eps_4q_growth_year": 29.36,
            "roe": 6.77,
            "roe_4q": 27.549999999999997,
            "gross_profit": 409784,
            "gross_margin": 47.67,
            "gross_margin_4q_avg": 44.78,
            "net_income": 226537,
            "net_income_4q": null,
            "revenue": 859664,
            "revenue_4q": null,
            "common_shares": 1278253,
            "book_valuer_per_share": 26.06,
            "book_valuer_per_share_4q_avg": 24.54,
            "equity": 3331324,
            "current_ratio": 189.32,
            "debt_ratio": 43.35,
            "inventory_turnover_ratio": 0.81,
            "account_receivable_turnover_ratio": null,
            "reinvestment_rate": 181.67,
            "research_to_sale_ratio": null,
            "price_fair": 195.58,
            "eps_avg_yearly": 5.59,
            "eps_latest_yearly": 7.16,
            "eps_growth_yearly": 206.9
        },
        "20043": {
            "year_quarter": 20043,
            "year": 2004,
            "quarter": 3,
            "eps": 0.74,
            "eps_growth_year": -31.48,
            "eps_4q": 5.64,
            "eps_4q_growth_year": 23.44,
            "roe": 3.1,
            "roe_4q": 25.66,
            "gross_profit": 227479,
            "gross_margin": 33.61,
            "gross_margin_4q_avg": 42.99,
            "net_income": 105548,
            "net_income_4q": null,
            "revenue": 676867,
            "revenue_4q": null,
            "common_shares": 1437079,
            "book_valuer_per_share": 24.23,
            "book_valuer_per_share_4q_avg": 25.08,
            "equity": 3481662,
            "current_ratio": 187.91,
            "debt_ratio": 41.06,
            "inventory_turnover_ratio": 0.66,
            "account_receivable_turnover_ratio": null,
            "reinvestment_rate": 141.35,
            "research_to_sale_ratio": null,
            "price_fair": 187.22,
            "eps_avg_yearly": 5.35,
            "eps_latest_yearly": 2.96,
            "eps_growth_yearly": 166.76
        },
        "20044": {
            "year_quarter": 20044,
            "year": 2004,
            "quarter": 4,
            "eps": -0.04,
            "eps_growth_year": -102.42,
            "eps_4q": 4.2,
            "eps_4q_growth_year": -14.14,
            "roe": -0.17,
            "roe_4q": 18.35,
            "gross_profit": 93221,
            "gross_margin": 15.71,
            "gross_margin_4q_avg": 35.94,
            "net_income": -5931,
            "net_income_4q": null,
            "revenue": 593538,
            "revenue_4q": null,
            "common_shares": 1437079,
            "book_valuer_per_share": 24.19,
            "book_valuer_per_share_4q_avg": 25.24,
            "equity": 3475731,
            "current_ratio": 125.65,
            "debt_ratio": 41.75,
            "inventory_turnover_ratio": 0.64,
            "account_receivable_turnover_ratio": null,
            "reinvestment_rate": 123.65,
            "research_to_sale_ratio": null,
            "price_fair": 187.22,
            "eps_avg_yearly": 5.35,
            "eps_latest_yearly": 2.96,
            "eps_growth_yearly": 166.76
        },
        "20051": {
            "year_quarter": 20051,
            "year": 2005,
            "quarter": 1,
            "eps": 0.16,
            "eps_growth_year": -92.66,
            "eps_4q": 2.43,
            "eps_4q_growth_year": -58.43,
            "roe": 0.66,
            "roe_4q": 10.36,
            "gross_profit": 107640,
            "gross_margin": 16.45,
            "gross_margin_4q_avg": 28.36,
            "net_income": 23006,
            "net_income_4q": null,
            "revenue": 654236,
            "revenue_4q": null,
            "common_shares": 1437079,
            "book_valuer_per_share": 24.35,
            "book_valuer_per_share_4q_avg": 24.71,
            "equity": 3498737,
            "current_ratio": 130.93,
            "debt_ratio": 40.08,
            "inventory_turnover_ratio": 0.7,
            "account_receivable_turnover_ratio": null,
            "reinvestment_rate": 114.18,
            "research_to_sale_ratio": null,
            "price_fair": 187.22,
            "eps_avg_yearly": 5.35,
            "eps_latest_yearly": 2.96,
            "eps_growth_yearly": 166.76
        },
        "20052": {
            "year_quarter": 20052,
            "year": 2005,
            "quarter": 2,
            "eps": 0.75,
            "eps_growth_year": -58.1,
            "eps_4q": 1.6,
            "eps_4q_growth_year": -75.46,
            "roe": 3.08,
            "roe_4q": 6.67,
            "gross_profit": 164059,
            "gross_margin": 20.22,
            "gross_margin_4q_avg": 21.5,
            "net_income": 107765,
            "net_income_4q": null,
            "revenue": 811404,
            "revenue_4q": null,
            "common_shares": 1437079,
            "book_valuer_per_share": 24.29,
            "book_valuer_per_share_4q_avg": 24.27,
            "equity": 3491107,
            "current_ratio": 151.28,
            "debt_ratio": 41.19,
            "inventory_turnover_ratio": 0.86,
            "account_receivable_turnover_ratio": null,
            "reinvestment_rate": 108.45,
            "research_to_sale_ratio": null,
            "price_fair": 180.37,
            "eps_avg_yearly": 5.15,
            "eps_latest_yearly": 3,
            "eps_growth_yearly": 275.78
        },
        "20053": {
            "year_quarter": 20053,
            "year": 2005,
            "quarter": 3,
            "eps": 1.37,
            "eps_growth_year": 85.14,
            "eps_4q": 2.11,
            "eps_4q_growth_year": -62.64,
            "roe": 6.44,
            "roe_4q": 10.01,
            "gross_profit": 288310,
            "gross_margin": 31.89,
            "gross_margin_4q_avg": 21.07,
            "net_income": 232445,
            "net_income_4q": null,
            "revenue": 903969,
            "revenue_4q": null,
            "common_shares": 1692640,
            "book_valuer_per_share": 22,
            "book_valuer_per_share_4q_avg": 23.71,
            "equity": 3723551,
            "current_ratio": 165.36,
            "debt_ratio": 39.78,
            "inventory_turnover_ratio": 0.83,
            "account_receivable_turnover_ratio": null,
            "reinvestment_rate": 92.85,
            "research_to_sale_ratio": null,
            "price_fair": 181.25,
            "eps_avg_yearly": 5.18,
            "eps_latest_yearly": 5.48,
            "eps_growth_yearly": 280
        },
        "20054": {
            "year_quarter": 20054,
            "year": 2005,
            "quarter": 4,
            "eps": 1.65,
            "eps_growth_year": null,
            "eps_4q": 3.79,
            "eps_4q_growth_year": -9.65,
            "roe": 5.03,
            "roe_4q": 15.21,
            "gross_profit": 393289,
            "gross_margin": 39.66,
            "gross_margin_4q_avg": 27.06,
            "net_income": 279428,
            "net_income_4q": null,
            "revenue": 991565,
            "revenue_4q": null,
            "common_shares": 3301808,
            "book_valuer_per_share": 22.31,
            "book_valuer_per_share_4q_avg": 23.24,
            "equity": 7391217,
            "current_ratio": 236.48,
            "debt_ratio": 31.99,
            "inventory_turnover_ratio": 0.63,
            "account_receivable_turnover_ratio": null,
            "reinvestment_rate": 182.9,
            "research_to_sale_ratio": null,
            "price_fair": 184.8,
            "eps_avg_yearly": 5.28,
            "eps_latest_yearly": 6.6,
            "eps_growth_yearly": 265.84
        },
        "20061": {
            "year_quarter": 20061,
            "year": 2006,
            "quarter": 1,
            "eps": 0.69,
            "eps_growth_year": 331.25,
            "eps_4q": 2.57,
            "eps_4q_growth_year": 5.82,
            "roe": 2.95,
            "roe_4q": 17.5,
            "gross_profit": 324154,
            "gross_margin": 25.64,
            "gross_margin_4q_avg": 29.35,
            "net_income": 227478,
            "net_income_4q": null,
            "revenue": 1264046,
            "revenue_4q": null,
            "common_shares": 3397692,
            "book_valuer_per_share": 23.69,
            "book_valuer_per_share_4q_avg": 23.07,
            "equity": 8047530,
            "current_ratio": 311.02,
            "debt_ratio": 18.8,
            "inventory_turnover_ratio": 0.78,
            "account_receivable_turnover_ratio": null,
            "reinvestment_rate": 170.38,
            "research_to_sale_ratio": null,
            "price_fair": 189.7,
            "eps_avg_yearly": 5.42,
            "eps_latest_yearly": 2.76,
            "eps_growth_yearly": 236.97
        },
        "20062": {
            "year_quarter": 20062,
            "year": 2006,
            "quarter": 2,
            "eps": 1.17,
            "eps_growth_year": 56,
            "eps_4q": 3.39,
            "eps_4q_growth_year": 111.61,
            "roe": 4.88,
            "roe_4q": 19.3,
            "gross_profit": 514628,
            "gross_margin": 30.31,
            "gross_margin_4q_avg": 31.88,
            "net_income": 389143,
            "net_income_4q": null,
            "revenue": 1697683,
            "revenue_4q": null,
            "common_shares": 3403452,
            "book_valuer_per_share": 23.22,
            "book_valuer_per_share_4q_avg": 22.81,
            "equity": 7904255,
            "current_ratio": 232.63,
            "debt_ratio": 26.13,
            "inventory_turnover_ratio": 0.96,
            "account_receivable_turnover_ratio": null,
            "reinvestment_rate": 146.79,
            "research_to_sale_ratio": null,
            "price_fair": 194.4,
            "eps_avg_yearly": 5.55,
            "eps_latest_yearly": 4.68,
            "eps_growth_yearly": 185.42
        },
        "20063": {
            "year_quarter": 20063,
            "year": 2006,
            "quarter": 3,
            "eps": 1.18,
            "eps_growth_year": -13.87,
            "eps_4q": 3.69,
            "eps_4q_growth_year": 75.41,
            "roe": 5.18,
            "roe_4q": 18.04,
            "gross_profit": 598480,
            "gross_margin": 34.16,
            "gross_margin_4q_avg": 32.44,
            "net_income": 420603,
            "net_income_4q": null,
            "revenue": 1751800,
            "revenue_4q": null,
            "common_shares": 3607395,
            "book_valuer_per_share": 23.08,
            "book_valuer_per_share_4q_avg": 23.08,
            "equity": 8325607,
            "current_ratio": 400.52,
            "debt_ratio": 31.04,
            "inventory_turnover_ratio": 0.9,
            "account_receivable_turnover_ratio": null,
            "reinvestment_rate": 146.04,
            "research_to_sale_ratio": null,
            "price_fair": 183.6,
            "eps_avg_yearly": 5.25,
            "eps_latest_yearly": 4.72,
            "eps_growth_yearly": 121.99
        },
        "20064": {
            "year_quarter": 20064,
            "year": 2006,
            "quarter": 4,
            "eps": 0.57,
            "eps_growth_year": -65.45,
            "eps_4q": 3.49,
            "eps_4q_growth_year": -8.04,
            "roe": 2.39,
            "roe_4q": 15.399999999999999,
            "gross_profit": 482159,
            "gross_margin": 30.58,
            "gross_margin_4q_avg": 30.17,
            "net_income": 202505,
            "net_income_4q": null,
            "revenue": 1576951,
            "revenue_4q": null,
            "common_shares": 3619683,
            "book_valuer_per_share": 23.88,
            "book_valuer_per_share_4q_avg": 23.47,
            "equity": 8654618,
            "current_ratio": 310.57,
            "debt_ratio": 31.9,
            "inventory_turnover_ratio": 0.77,
            "account_receivable_turnover_ratio": null,
            "reinvestment_rate": 148.72,
            "research_to_sale_ratio": null,
            "price_fair": 172.3,
            "eps_avg_yearly": 4.92,
            "eps_latest_yearly": 2.28,
            "eps_growth_yearly": 114.3
        },
        "20071": {
            "year_quarter": 20071,
            "year": 2007,
            "quarter": 1,
            "eps": 0.84,
            "eps_growth_year": 21.74,
            "eps_4q": 3.31,
            "eps_4q_growth_year": 28.88,
            "roe": 3.14,
            "roe_4q": 15.59,
            "gross_profit": 538187,
            "gross_margin": 30.43,
            "gross_margin_4q_avg": 31.37,
            "net_income": 344029,
            "net_income_4q": null,
            "revenue": 1768741,
            "revenue_4q": null,
            "common_shares": 5164710,
            "book_valuer_per_share": 25.64,
            "book_valuer_per_share_4q_avg": 23.96,
            "equity": 13240347,
            "current_ratio": 284.29,
            "debt_ratio": 35.61,
            "inventory_turnover_ratio": 0.66,
            "account_receivable_turnover_ratio": null,
            "reinvestment_rate": 308.5,
            "research_to_sale_ratio": null,
            "price_fair": 167.5,
            "eps_avg_yearly": 4.79,
            "eps_latest_yearly": 3.36,
            "eps_growth_yearly": 134.22
        },
        "20072": {
            "year_quarter": 20072,
            "year": 2007,
            "quarter": 2,
            "eps": 1.28,
            "eps_growth_year": 9.4,
            "eps_4q": 3.28,
            "eps_4q_growth_year": -3.33,
            "roe": 4.62,
            "roe_4q": 15.33,
            "gross_profit": 900690,
            "gross_margin": 33.8,
            "gross_margin_4q_avg": 32.24,
            "net_income": 618998,
            "net_income_4q": null,
            "revenue": 2664592,
            "revenue_4q": null,
            "common_shares": 5250225,
            "book_valuer_per_share": 25.85,
            "book_valuer_per_share_4q_avg": 24.61,
            "equity": 13569930,
            "current_ratio": 236.25,
            "debt_ratio": 34.23,
            "inventory_turnover_ratio": 0.75,
            "account_receivable_turnover_ratio": null,
            "reinvestment_rate": 263.54,
            "research_to_sale_ratio": null,
            "price_fair": 169.4,
            "eps_avg_yearly": 4.84,
            "eps_latest_yearly": 5.12,
            "eps_growth_yearly": 154.17
        },
        "20073": {
            "year_quarter": 20073,
            "year": 2007,
            "quarter": 3,
            "eps": 1.16,
            "eps_growth_year": -1.69,
            "eps_4q": 3.42,
            "eps_4q_growth_year": -7.29,
            "roe": 4.14,
            "roe_4q": 14.290000000000001,
            "gross_profit": 882232,
            "gross_margin": 30.8,
            "gross_margin_4q_avg": 31.4,
            "net_income": 597009,
            "net_income_4q": null,
            "revenue": 2864373,
            "revenue_4q": null,
            "common_shares": 5539369,
            "book_valuer_per_share": 27.53,
            "book_valuer_per_share_4q_avg": 25.73,
            "equity": 15250494,
            "current_ratio": 238.25,
            "debt_ratio": 27.36,
            "inventory_turnover_ratio": 0.74,
            "account_receivable_turnover_ratio": null,
            "reinvestment_rate": 235.49,
            "research_to_sale_ratio": null,
            "price_fair": 170.2,
            "eps_avg_yearly": 4.86,
            "eps_latest_yearly": 4.64,
            "eps_growth_yearly": 151.75
        },
        "20074": {
            "year_quarter": 20074,
            "year": 2007,
            "quarter": 4,
            "eps": 1,
            "eps_growth_year": 75.44,
            "eps_4q": 3.92,
            "eps_4q_growth_year": 12.44,
            "roe": 2.74,
            "roe_4q": 14.64,
            "gross_profit": 818192,
            "gross_margin": 28.13,
            "gross_margin_4q_avg": 30.79,
            "net_income": 533572,
            "net_income_4q": null,
            "revenue": 2908168,
            "revenue_4q": null,
            "common_shares": 6204664,
            "book_valuer_per_share": 38.12,
            "book_valuer_per_share_4q_avg": 29.29,
            "equity": 23654804,
            "current_ratio": 364.36,
            "debt_ratio": 20.57,
            "inventory_turnover_ratio": 0.7,
            "account_receivable_turnover_ratio": null,
            "reinvestment_rate": 243.59,
            "research_to_sale_ratio": null,
            "price_fair": 163.7,
            "eps_avg_yearly": 4.68,
            "eps_latest_yearly": 4,
            "eps_growth_yearly": 132.73
        },
        "20081": {
            "year_quarter": 20081,
            "year": 2008,
            "quarter": 1,
            "eps": -0.22,
            "eps_growth_year": -126.19,
            "eps_4q": 2.58,
            "eps_4q_growth_year": -22.01,
            "roe": -0.58,
            "roe_4q": 10.92,
            "gross_profit": 203126,
            "gross_margin": 7.7,
            "gross_margin_4q_avg": 25.11,
            "net_income": -137337,
            "net_income_4q": null,
            "revenue": 2638139,
            "revenue_4q": null,
            "common_shares": 6204878,
            "book_valuer_per_share": 37.88,
            "book_valuer_per_share_4q_avg": 32.35,
            "equity": 23508940,
            "current_ratio": 428.43,
            "debt_ratio": 18.23,
            "inventory_turnover_ratio": 0.82,
            "account_receivable_turnover_ratio": null,
            "reinvestment_rate": 260.75,
            "research_to_sale_ratio": null,
            "price_fair": 152.82,
            "eps_avg_yearly": 4.37,
            "eps_latest_yearly": 4,
            "eps_growth_yearly": 133.06
        },
        "20082": {
            "year_quarter": 20082,
            "year": 2008,
            "quarter": 2,
            "eps": 0.6,
            "eps_growth_year": -53.12,
            "eps_4q": 2.2,
            "eps_4q_growth_year": -33.04,
            "roe": 1.63,
            "roe_4q": 7.93,
            "gross_profit": 726903,
            "gross_margin": 24.94,
            "gross_margin_4q_avg": 22.89,
            "net_income": 373312,
            "net_income_4q": null,
            "revenue": 2914302,
            "revenue_4q": null,
            "common_shares": 6205593,
            "book_valuer_per_share": 36.05,
            "book_valuer_per_share_4q_avg": 34.9,
            "equity": 22375197,
            "current_ratio": 280.44,
            "debt_ratio": 24.92,
            "inventory_turnover_ratio": 0.75,
            "account_receivable_turnover_ratio": null,
            "reinvestment_rate": 240.11,
            "research_to_sale_ratio": null,
            "price_fair": 144.67,
            "eps_avg_yearly": 4.13,
            "eps_latest_yearly": 4,
            "eps_growth_yearly": 150.11
        },
        "20083": {
            "year_quarter": 20083,
            "year": 2008,
            "quarter": 3,
            "eps": 0.02,
            "eps_growth_year": -98.28,
            "eps_4q": 1.04,
            "eps_4q_growth_year": -69.65,
            "roe": 0.07,
            "roe_4q": 3.8600000000000003,
            "gross_profit": 308073,
            "gross_margin": 11.18,
            "gross_margin_4q_avg": 17.99,
            "net_income": 15093,
            "net_income_4q": null,
            "revenue": 2755776,
            "revenue_4q": null,
            "common_shares": 6330615,
            "book_valuer_per_share": 35.4,
            "book_valuer_per_share_4q_avg": 36.86,
            "equity": 22414986,
            "current_ratio": 350.28,
            "debt_ratio": 20.92,
            "inventory_turnover_ratio": 0.86,
            "account_receivable_turnover_ratio": null,
            "reinvestment_rate": 236.76,
            "research_to_sale_ratio": null,
            "price_fair": 136.27,
            "eps_avg_yearly": 3.89,
            "eps_latest_yearly": 0.08,
            "eps_growth_yearly": 137.44
        },
        "20084": {
            "year_quarter": 20084,
            "year": 2008,
            "quarter": 4,
            "eps": -0.33,
            "eps_growth_year": -133,
            "eps_4q": 0.07,
            "eps_4q_growth_year": -98.17,
            "roe": -0.94,
            "roe_4q": 0.18000000000000005,
            "gross_profit": 69775,
            "gross_margin": 3.47,
            "gross_margin_4q_avg": 11.82,
            "net_income": -209684,
            "net_income_4q": null,
            "revenue": 2012417,
            "revenue_4q": null,
            "common_shares": 6330615,
            "book_valuer_per_share": 34.9,
            "book_valuer_per_share_4q_avg": 36.06,
            "equity": 22094345,
            "current_ratio": 554.06,
            "debt_ratio": 15.42,
            "inventory_turnover_ratio": 0.75,
            "account_receivable_turnover_ratio": 1.29,
            "reinvestment_rate": 242.42,
            "research_to_sale_ratio": null,
            "price_fair": 136.27,
            "eps_avg_yearly": 3.89,
            "eps_latest_yearly": 0.08,
            "eps_growth_yearly": 137.44
        },
        "20091": {
            "year_quarter": 20091,
            "year": 2009,
            "quarter": 1,
            "eps": -0.17,
            "eps_growth_year": null,
            "eps_4q": 0.11,
            "eps_4q_growth_year": -95.55,
            "roe": -0.43,
            "roe_4q": 0.33000000000000007,
            "gross_profit": 89820,
            "gross_margin": 4.37,
            "gross_margin_4q_avg": 10.99,
            "net_income": -94983,
            "net_income_4q": null,
            "revenue": 2055186,
            "revenue_4q": null,
            "common_shares": 6330635,
            "book_valuer_per_share": 34.78,
            "book_valuer_per_share_4q_avg": 35.28,
            "equity": 22032632,
            "current_ratio": 707.65,
            "debt_ratio": 13.63,
            "inventory_turnover_ratio": 0.88,
            "account_receivable_turnover_ratio": 0.7,
            "reinvestment_rate": 242.48,
            "research_to_sale_ratio": null,
            "price_fair": 136.27,
            "eps_avg_yearly": 3.89,
            "eps_latest_yearly": 0.08,
            "eps_growth_yearly": 137.44
        },
        "20092": {
            "year_quarter": 20092,
            "year": 2009,
            "quarter": 2,
            "eps": 0.46,
            "eps_growth_year": -23.33,
            "eps_4q": -0.02,
            "eps_4q_growth_year": -100.78,
            "roe": 1.45,
            "roe_4q": 0.15000000000000008,
            "gross_profit": 706511,
            "gross_margin": 22.68,
            "gross_margin_4q_avg": 10.43,
            "net_income": 320867,
            "net_income_4q": null,
            "revenue": 3115788,
            "revenue_4q": null,
            "common_shares": 6332575,
            "book_valuer_per_share": 35.12,
            "book_valuer_per_share_4q_avg": 35.05,
            "equity": 22285563,
            "current_ratio": 377.98,
            "debt_ratio": 20.68,
            "inventory_turnover_ratio": 1.21,
            "account_receivable_turnover_ratio": 0.96,
            "reinvestment_rate": 221.18,
            "research_to_sale_ratio": null,
            "price_fair": 102.71,
            "eps_avg_yearly": 3.97,
            "eps_latest_yearly": 0.08,
            "eps_growth_yearly": 15.84
        },
        "20093": {
            "year_quarter": 20093,
            "year": 2009,
            "quarter": 3,
            "eps": 0.96,
            "eps_growth_year": 4700,
            "eps_4q": 0.88,
            "eps_4q_growth_year": -15.35,
            "roe": 2.24,
            "roe_4q": 2.3200000000000003,
            "gross_profit": 1090370,
            "gross_margin": 28.9,
            "gross_margin_4q_avg": 14.86,
            "net_income": 632859,
            "net_income_4q": null,
            "revenue": 3772549,
            "revenue_4q": null,
            "common_shares": 7685042,
            "book_valuer_per_share": 44.46,
            "book_valuer_per_share_4q_avg": 37.32,
            "equity": 34238140,
            "current_ratio": 387.07,
            "debt_ratio": 21.16,
            "inventory_turnover_ratio": 1.37,
            "account_receivable_turnover_ratio": 0.92,
            "reinvestment_rate": 241.33,
            "research_to_sale_ratio": null,
            "price_fair": 133.89,
            "eps_avg_yearly": 3.83,
            "eps_latest_yearly": 3.84,
            "eps_growth_yearly": 25.31
        },
        "20094": {
            "year_quarter": 20094,
            "year": 2009,
            "quarter": 4,
            "eps": 1.41,
            "eps_growth_year": null,
            "eps_4q": 2.25,
            "eps_4q_growth_year": 3037.35,
            "roe": 2.77,
            "roe_4q": 6.03,
            "gross_profit": 1355029,
            "gross_margin": 34.7,
            "gross_margin_4q_avg": 22.66,
            "net_income": 970254,
            "net_income_4q": null,
            "revenue": 3905345,
            "revenue_4q": null,
            "common_shares": 7689651,
            "book_valuer_per_share": 46.43,
            "book_valuer_per_share_4q_avg": 40.2,
            "equity": 35800391,
            "current_ratio": 304.85,
            "debt_ratio": 21.44,
            "inventory_turnover_ratio": 1.32,
            "account_receivable_turnover_ratio": 1.68,
            "reinvestment_rate": 196.22,
            "research_to_sale_ratio": null,
            "price_fair": 130.84,
            "eps_avg_yearly": 3.74,
            "eps_latest_yearly": 5.64,
            "eps_growth_yearly": 34.92
        },
        "20101": {
            "year_quarter": 20101,
            "year": 2010,
            "quarter": 1,
            "eps": 1.3,
            "eps_growth_year": null,
            "eps_4q": 3.7,
            "eps_4q_growth_year": 3118.39,
            "roe": 2.8,
            "roe_4q": 9.26,
            "gross_profit": 1538280,
            "gross_margin": 36.76,
            "gross_margin_4q_avg": 30.76,
            "net_income": 1016697,
            "net_income_4q": null,
            "revenue": 4184395,
            "revenue_4q": null,
            "common_shares": 7690635,
            "book_valuer_per_share": 47.64,
            "book_valuer_per_share_4q_avg": 43.41,
            "equity": 36722585,
            "current_ratio": 284.23,
            "debt_ratio": 22.61,
            "inventory_turnover_ratio": 1.21,
            "account_receivable_turnover_ratio": 0.87,
            "reinvestment_rate": 194.5,
            "research_to_sale_ratio": 3.53,
            "price_fair": 138.6,
            "eps_avg_yearly": 3.96,
            "eps_latest_yearly": 5.2,
            "eps_growth_yearly": 53.24
        },
        "20102": {
            "year_quarter": 20102,
            "year": 2010,
            "quarter": 2,
            "eps": 2.2,
            "eps_growth_year": 377.44,
            "eps_4q": 5.52,
            "eps_4q_growth_year": null,
            "roe": 4.68,
            "roe_4q": 12.49,
            "gross_profit": 2230996,
            "gross_margin": 39.51,
            "gross_margin_4q_avg": 34.97,
            "net_income": 1718018,
            "net_income_4q": null,
            "revenue": 5647231,
            "revenue_4q": null,
            "common_shares": 7691267,
            "book_valuer_per_share": 47.64,
            "book_valuer_per_share_4q_avg": 46.54,
            "equity": 36744069,
            "current_ratio": 236.51,
            "debt_ratio": 26.93,
            "inventory_turnover_ratio": 1.44,
            "account_receivable_turnover_ratio": 0.99,
            "reinvestment_rate": 173.04,
            "research_to_sale_ratio": 3.2,
            "price_fair": 151.71,
            "eps_avg_yearly": 4.33,
            "eps_latest_yearly": 8.8,
            "eps_growth_yearly": 53.12
        },
        "20103": {
            "year_quarter": 20103,
            "year": 2010,
            "quarter": 3,
            "eps": 2.25,
            "eps_growth_year": 134.04,
            "eps_4q": 6.54,
            "eps_4q_growth_year": 642.92,
            "roe": 4.7,
            "roe_4q": 14.95,
            "gross_profit": 2517033,
            "gross_margin": 41.46,
            "gross_margin_4q_avg": 38.11,
            "net_income": 1936524,
            "net_income_4q": null,
            "revenue": 6071134,
            "revenue_4q": null,
            "common_shares": 8474778,
            "book_valuer_per_share": 53.74,
            "book_valuer_per_share_4q_avg": 48.86,
            "equity": 45680007,
            "current_ratio": 251.04,
            "debt_ratio": 20.81,
            "inventory_turnover_ratio": 1.4,
            "account_receivable_turnover_ratio": 0.87,
            "reinvestment_rate": 268.24,
            "research_to_sale_ratio": 3.49,
            "price_fair": 165.33,
            "eps_avg_yearly": 4.72,
            "eps_latest_yearly": 9,
            "eps_growth_yearly": 53.63
        },
        "20104": {
            "year_quarter": 20104,
            "year": 2010,
            "quarter": 4,
            "eps": 1.38,
            "eps_growth_year": -2.13,
            "eps_4q": 6.8,
            "eps_4q_growth_year": 202.09,
            "roe": 2.38,
            "roe_4q": 14.559999999999999,
            "gross_profit": 1557715,
            "gross_margin": 31.25,
            "gross_margin_4q_avg": 37.25,
            "net_income": 1174937,
            "net_income_4q": null,
            "revenue": 4985332,
            "revenue_4q": null,
            "common_shares": 8475209,
            "book_valuer_per_share": 54.83,
            "book_valuer_per_share_4q_avg": 50.96,
            "equity": 52889537,
            "current_ratio": 259.52,
            "debt_ratio": 26.4,
            "inventory_turnover_ratio": 1.04,
            "account_receivable_turnover_ratio": 0.65,
            "reinvestment_rate": 253.21,
            "research_to_sale_ratio": 4.66,
            "price_fair": 175.64,
            "eps_avg_yearly": 5.02,
            "eps_latest_yearly": 5.52,
            "eps_growth_yearly": 58.37
        },
        "20111": {
            "year_quarter": 20111,
            "year": 2011,
            "quarter": 1,
            "eps": 0.41,
            "eps_growth_year": -68.46,
            "eps_4q": 5.97,
            "eps_4q_growth_year": 61.62,
            "roe": 0.65,
            "roe_4q": 12.41,
            "gross_profit": 938172,
            "gross_margin": 16.7,
            "gross_margin_4q_avg": 32.23,
            "net_income": 349710,
            "net_income_4q": null,
            "revenue": 5618170,
            "revenue_4q": null,
            "common_shares": 8548088,
            "book_valuer_per_share": 56.12,
            "book_valuer_per_share_4q_avg": 53.08,
            "equity": 54442366,
            "current_ratio": 334.32,
            "debt_ratio": 29.98,
            "inventory_turnover_ratio": 1.14,
            "account_receivable_turnover_ratio": 0.73,
            "reinvestment_rate": 218.14,
            "research_to_sale_ratio": 4.06,
            "price_fair": 124.4,
            "eps_avg_yearly": 4.86,
            "eps_latest_yearly": 1.64,
            "eps_growth_yearly": 15.59
        },
        "20112": {
            "year_quarter": 20112,
            "year": 2011,
            "quarter": 2,
            "eps": 0.86,
            "eps_growth_year": -60.77,
            "eps_4q": 4.86,
            "eps_4q_growth_year": -11.95,
            "roe": 1.35,
            "roe_4q": 9.08,
            "gross_profit": 1616404,
            "gross_margin": 23.76,
            "gross_margin_4q_avg": 28.29,
            "net_income": 718556,
            "net_income_4q": null,
            "revenue": 6803629,
            "revenue_4q": null,
            "common_shares": 8565876,
            "book_valuer_per_share": 52.46,
            "book_valuer_per_share_4q_avg": 54.29,
            "equity": 51902931,
            "current_ratio": 267.08,
            "debt_ratio": 35.23,
            "inventory_turnover_ratio": 1.1,
            "account_receivable_turnover_ratio": 0.81,
            "reinvestment_rate": 238.29,
            "research_to_sale_ratio": 3.72,
            "price_fair": 164.82,
            "eps_avg_yearly": 4.71,
            "eps_latest_yearly": 3.44,
            "eps_growth_yearly": 36.45
        },
        "20113": {
            "year_quarter": 20113,
            "year": 2011,
            "quarter": 3,
            "eps": 0.01,
            "eps_growth_year": -99.35,
            "eps_4q": 2.64,
            "eps_4q_growth_year": -59.56,
            "roe": -0.57,
            "roe_4q": 3.81,
            "gross_profit": 395570,
            "gross_margin": 8.13,
            "gross_margin_4q_avg": 19.96,
            "net_income": -299431,
            "net_income_4q": null,
            "revenue": 4862963,
            "revenue_4q": null,
            "common_shares": 8582302,
            "book_valuer_per_share": 52.62,
            "book_valuer_per_share_4q_avg": 54.01,
            "equity": 52299192,
            "current_ratio": 428.11,
            "debt_ratio": 29.43,
            "inventory_turnover_ratio": 0.87,
            "account_receivable_turnover_ratio": 0.54,
            "reinvestment_rate": 263.25,
            "research_to_sale_ratio": 5.25,
            "price_fair": 59.72,
            "eps_avg_yearly": 4.29,
            "eps_latest_yearly": 0.04,
            "eps_growth_yearly": 3.92
        },
        "20114": {
            "year_quarter": 20114,
            "year": 2011,
            "quarter": 4,
            "eps": -0.72,
            "eps_growth_year": -152.22,
            "eps_4q": 0.56,
            "eps_4q_growth_year": -91.78,
            "roe": -2.04,
            "roe_4q": -0.6099999999999998,
            "gross_profit": -246291,
            "gross_margin": -5.26,
            "gross_margin_4q_avg": 10.83,
            "net_income": -1055060,
            "net_income_4q": null,
            "revenue": 4678834,
            "revenue_4q": null,
            "common_shares": 8588872,
            "book_valuer_per_share": 51.79,
            "book_valuer_per_share_4q_avg": 53.25,
            "equity": 51025602,
            "current_ratio": 334.42,
            "debt_ratio": 29.58,
            "inventory_turnover_ratio": 1.04,
            "account_receivable_turnover_ratio": 0.57,
            "reinvestment_rate": 291.69,
            "research_to_sale_ratio": 5.62,
            "price_fair": 85.65,
            "eps_avg_yearly": 4.32,
            "eps_latest_yearly": 0.04,
            "eps_growth_yearly": 9.83
        },
        "20121": {
            "year_quarter": 20121,
            "year": 2012,
            "quarter": 1,
            "eps": -0.6,
            "eps_growth_year": -246.34,
            "eps_4q": -0.45,
            "eps_4q_growth_year": -107.46,
            "roe": -1.64,
            "roe_4q": -2.9,
            "gross_profit": -164505,
            "gross_margin": -3.87,
            "gross_margin_4q_avg": 5.69,
            "net_income": -831996,
            "net_income_4q": null,
            "revenue": 4248310,
            "revenue_4q": null,
            "common_shares": 8605790,
            "book_valuer_per_share": 51.08,
            "book_valuer_per_share_4q_avg": 51.99,
            "equity": 50166401,
            "current_ratio": 324.03,
            "debt_ratio": 30.29,
            "inventory_turnover_ratio": 1.05,
            "account_receivable_turnover_ratio": 0.59,
            "reinvestment_rate": 297.03,
            "research_to_sale_ratio": 6.26,
            "price_fair": 85.65,
            "eps_avg_yearly": 4.32,
            "eps_latest_yearly": 0.04,
            "eps_growth_yearly": 9.83
        },
        "20122": {
            "year_quarter": 20122,
            "year": 2012,
            "quarter": 2,
            "eps": 0.44,
            "eps_growth_year": -49.16,
            "eps_4q": -0.86,
            "eps_4q_growth_year": -117.8,
            "roe": 0.32,
            "roe_4q": -3.9299999999999997,
            "gross_profit": 854818,
            "gross_margin": 15.36,
            "gross_margin_4q_avg": 3.59,
            "net_income": 157986,
            "net_income_4q": null,
            "revenue": 5563755,
            "revenue_4q": null,
            "common_shares": 8610329,
            "book_valuer_per_share": 50.49,
            "book_valuer_per_share_4q_avg": 51.5,
            "equity": 49430999,
            "current_ratio": 254.66,
            "debt_ratio": 32.03,
            "inventory_turnover_ratio": 1.12,
            "account_receivable_turnover_ratio": 0.72,
            "reinvestment_rate": 289.05,
            "research_to_sale_ratio": 4.5,
            "price_fair": 85.65,
            "eps_avg_yearly": 4.32,
            "eps_latest_yearly": 0.04,
            "eps_growth_yearly": 9.83
        },
        "20123": {
            "year_quarter": 20123,
            "year": 2012,
            "quarter": 3,
            "eps": 0.15,
            "eps_growth_year": 932.22,
            "eps_4q": -0.73,
            "eps_4q_growth_year": -127.56,
            "roe": -0.14,
            "roe_4q": -3.5,
            "gross_profit": 758686,
            "gross_margin": 13.37,
            "gross_margin_4q_avg": 4.9,
            "net_income": -69286,
            "net_income_4q": null,
            "revenue": 5672592,
            "revenue_4q": null,
            "common_shares": 8612338,
            "book_valuer_per_share": 50.57,
            "book_valuer_per_share_4q_avg": 50.98,
            "equity": 49267039,
            "current_ratio": 266.54,
            "debt_ratio": 30.22,
            "inventory_turnover_ratio": 1.15,
            "account_receivable_turnover_ratio": 0.64,
            "reinvestment_rate": 285.45,
            "research_to_sale_ratio": 4.26,
            "price_fair": 140.47,
            "eps_avg_yearly": 4.37,
            "eps_latest_yearly": 0.6,
            "eps_growth_yearly": 22.13
        },
        "20124": {
            "year_quarter": 20124,
            "year": 2012,
            "quarter": 4,
            "eps": -1.19,
            "eps_growth_year": null,
            "eps_4q": -1.2,
            "eps_4q_growth_year": -315.25,
            "roe": -3.29,
            "roe_4q": -4.75,
            "gross_profit": 16553,
            "gross_margin": 0.37,
            "gross_margin_4q_avg": 6.31,
            "net_income": -1586826,
            "net_income_4q": null,
            "revenue": 4446727,
            "revenue_4q": null,
            "common_shares": 9317523,
            "book_valuer_per_share": 49.21,
            "book_valuer_per_share_4q_avg": 50.34,
            "equity": 47148916,
            "current_ratio": 310.87,
            "debt_ratio": 29.65,
            "inventory_turnover_ratio": 1.04,
            "account_receivable_turnover_ratio": 0.5,
            "reinvestment_rate": 298.56,
            "research_to_sale_ratio": 6.26,
            "price_fair": 140.47,
            "eps_avg_yearly": 4.37,
            "eps_latest_yearly": 0.6,
            "eps_growth_yearly": 22.13
        },
        "20131": {
            "year_quarter": 20131,
            "year": 2013,
            "quarter": 1,
            "eps": -0.27,
            "eps_growth_year": null,
            "eps_4q": -0.92,
            "eps_4q_growth_year": null,
            "roe": -0.53,
            "roe_4q": -3.6400000000000006,
            "gross_profit": 270695,
            "gross_margin": 6.26,
            "gross_margin_4q_avg": 8.84,
            "net_income": -248181,
            "net_income_4q": null,
            "revenue": 4324811,
            "revenue_4q": null,
            "common_shares": 9325244,
            "book_valuer_per_share": 49.31,
            "book_valuer_per_share_4q_avg": 49.9,
            "equity": 47382397,
            "current_ratio": 167.17,
            "debt_ratio": 29.41,
            "inventory_turnover_ratio": 0.9,
            "account_receivable_turnover_ratio": 0.51,
            "reinvestment_rate": 317.78,
            "research_to_sale_ratio": 6.05,
            "price_fair": 140.47,
            "eps_avg_yearly": 4.37,
            "eps_latest_yearly": 0.6,
            "eps_growth_yearly": 22.13
        },
        "20132": {
            "year_quarter": 20132,
            "year": 2013,
            "quarter": 2,
            "eps": 0.38,
            "eps_growth_year": -13.24,
            "eps_4q": -0.95,
            "eps_4q_growth_year": null,
            "roe": 0.76,
            "roe_4q": -3.2,
            "gross_profit": 963945,
            "gross_margin": 15.89,
            "gross_margin_4q_avg": 8.97,
            "net_income": 361675,
            "net_income_4q": null,
            "revenue": 6067860,
            "revenue_4q": null,
            "common_shares": 9327395,
            "book_valuer_per_share": 49.28,
            "book_valuer_per_share_4q_avg": 49.59,
            "equity": 47427853,
            "current_ratio": 162.28,
            "debt_ratio": 30.62,
            "inventory_turnover_ratio": 1.09,
            "account_receivable_turnover_ratio": 0.66,
            "reinvestment_rate": 314.31,
            "research_to_sale_ratio": 4.84,
            "price_fair": 140.47,
            "eps_avg_yearly": 4.37,
            "eps_latest_yearly": 0.6,
            "eps_growth_yearly": 22.13
        },
        "20133": {
            "year_quarter": 20133,
            "year": 2013,
            "quarter": 3,
            "eps": -0.09,
            "eps_growth_year": -159.87,
            "eps_4q": -1.18,
            "eps_4q_growth_year": null,
            "roe": -0.14,
            "roe_4q": -3.2,
            "gross_profit": 925591,
            "gross_margin": 16.09,
            "gross_margin_4q_avg": 9.65,
            "net_income": -65302,
            "net_income_4q": null,
            "revenue": 5753930,
            "revenue_4q": null,
            "common_shares": 9334000,
            "book_valuer_per_share": 49.24,
            "book_valuer_per_share_4q_avg": 49.26,
            "equity": 47455657,
            "current_ratio": 197.69,
            "debt_ratio": 36.84,
            "inventory_turnover_ratio": 1.01,
            "account_receivable_turnover_ratio": 0.55,
            "reinvestment_rate": 317.62,
            "research_to_sale_ratio": 6.23,
            "price_fair": 13.29,
            "eps_avg_yearly": 4.43,
            "eps_latest_yearly": 0.6,
            "eps_growth_yearly": -23.72
        },
        "20134": {
            "year_quarter": 20134,
            "year": 2013,
            "quarter": 4,
            "eps": 0.03,
            "eps_growth_year": null,
            "eps_4q": 0.04,
            "eps_4q_growth_year": null,
            "roe": 0.06,
            "roe_4q": 0.1499999999999999,
            "gross_profit": 797637,
            "gross_margin": 13.09,
            "gross_margin_4q_avg": 12.83,
            "net_income": 26363,
            "net_income_4q": null,
            "revenue": 6094786,
            "revenue_4q": null,
            "common_shares": 9357146,
            "book_valuer_per_share": 49.31,
            "book_valuer_per_share_4q_avg": 49.29,
            "equity": 47602913,
            "current_ratio": 196.44,
            "debt_ratio": 37.36,
            "inventory_turnover_ratio": 1.08,
            "account_receivable_turnover_ratio": 0.55,
            "reinvestment_rate": 335.03,
            "research_to_sale_ratio": 4.96,
            "price_fair": 12.84,
            "eps_avg_yearly": 4.28,
            "eps_latest_yearly": 0.6,
            "eps_growth_yearly": -50.12
        },
        "20141": {
            "year_quarter": 20141,
            "year": 2014,
            "quarter": 1,
            "eps": -0.91,
            "eps_growth_year": null,
            "eps_4q": -0.6,
            "eps_4q_growth_year": null,
            "roe": -1.8,
            "roe_4q": -1.1199999999999999,
            "gross_profit": 950099,
            "gross_margin": 15.22,
            "gross_margin_4q_avg": 15.07,
            "net_income": -852505,
            "net_income_4q": null,
            "revenue": 6240741,
            "revenue_4q": null,
            "common_shares": 9363389,
            "book_valuer_per_share": 48.99,
            "book_valuer_per_share_4q_avg": 49.21,
            "equity": 47349911,
            "current_ratio": 248.12,
            "debt_ratio": 31.76,
            "inventory_turnover_ratio": 1.04,
            "account_receivable_turnover_ratio": 0.51,
            "reinvestment_rate": 499.29,
            "research_to_sale_ratio": 4.28,
            "price_fair": 12.45,
            "eps_avg_yearly": 4.15,
            "eps_latest_yearly": 0.6,
            "eps_growth_yearly": -52.82
        },
        "20142": {
            "year_quarter": 20142,
            "year": 2014,
            "quarter": 2,
            "eps": 0.81,
            "eps_growth_year": 113.16,
            "eps_4q": -0.17,
            "eps_4q_growth_year": null,
            "roe": 1.57,
            "roe_4q": -0.31,
            "gross_profit": 1741597,
            "gross_margin": 21.43,
            "gross_margin_4q_avg": 16.46,
            "net_income": 746805,
            "net_income_4q": null,
            "revenue": 8126349,
            "revenue_4q": null,
            "common_shares": 9363389,
            "book_valuer_per_share": 49.16,
            "book_valuer_per_share_4q_avg": 49.18,
            "equity": 47514454,
            "current_ratio": 227.6,
            "debt_ratio": 32.4,
            "inventory_turnover_ratio": 1.25,
            "account_receivable_turnover_ratio": 0.6,
            "reinvestment_rate": 666.85,
            "research_to_sale_ratio": 3.63,
            "price_fair": 10.12,
            "eps_avg_yearly": 3.37,
            "eps_latest_yearly": 0.6,
            "eps_growth_yearly": -107.78
        },
        "20143": {
            "year_quarter": 20143,
            "year": 2014,
            "quarter": 3,
            "eps": 1.98,
            "eps_growth_year": null,
            "eps_4q": 1.87,
            "eps_4q_growth_year": null,
            "roe": 3.77,
            "roe_4q": 3.6,
            "gross_profit": 1718022,
            "gross_margin": 22.52,
            "gross_margin_4q_avg": 18.07,
            "net_income": 1822440,
            "net_income_4q": null,
            "revenue": 7629113,
            "revenue_4q": null,
            "common_shares": 9360789,
            "book_valuer_per_share": 51.12,
            "book_valuer_per_share_4q_avg": 49.65,
            "equity": 49236793,
            "current_ratio": 242.01,
            "debt_ratio": 32.63,
            "inventory_turnover_ratio": 1.13,
            "account_receivable_turnover_ratio": 0.52,
            "reinvestment_rate": 192.29,
            "research_to_sale_ratio": 4.34,
            "price_fair": 9.58,
            "eps_avg_yearly": 3.19,
            "eps_latest_yearly": 7.92,
            "eps_growth_yearly": -13
        },
        "20144": {
            "year_quarter": 20144,
            "year": 2014,
            "quarter": 4,
            "eps": 0.08,
            "eps_growth_year": 224.13,
            "eps_4q": 1.65,
            "eps_4q_growth_year": 3917.88,
            "roe": 0.16,
            "roe_4q": 3.7,
            "gross_profit": 866411,
            "gross_margin": 15.16,
            "gross_margin_4q_avg": 18.58,
            "net_income": 86207,
            "net_income_4q": null,
            "revenue": 5716953,
            "revenue_4q": null,
            "common_shares": 11031787,
            "book_valuer_per_share": 53.19,
            "book_valuer_per_share_4q_avg": 50.62,
            "equity": 61002098,
            "current_ratio": 193.9,
            "debt_ratio": 33.57,
            "inventory_turnover_ratio": 0.81,
            "account_receivable_turnover_ratio": 0.37,
            "reinvestment_rate": 1047.89,
            "research_to_sale_ratio": 5.66,
            "price_fair": 6.98,
            "eps_avg_yearly": 2.33,
            "eps_latest_yearly": 0.32,
            "eps_growth_yearly": -51.2
        },
        "20151": {
            "year_quarter": 20151,
            "year": 2015,
            "quarter": 1,
            "eps": 0.74,
            "eps_growth_year": null,
            "eps_4q": 3.15,
            "eps_4q_growth_year": null,
            "roe": 1.17,
            "roe_4q": 6.67,
            "gross_profit": 785752,
            "gross_margin": 11.82,
            "gross_margin_4q_avg": 17.73,
            "net_income": 714117,
            "net_income_4q": null,
            "revenue": 6645576,
            "revenue_4q": null,
            "common_shares": 11016381,
            "book_valuer_per_share": 53.77,
            "book_valuer_per_share_4q_avg": 51.81,
            "equity": 61398244,
            "current_ratio": 196.6,
            "debt_ratio": 32.63,
            "inventory_turnover_ratio": 0.88,
            "account_receivable_turnover_ratio": 0.44,
            "reinvestment_rate": 639.61,
            "research_to_sale_ratio": 4.56,
            "price_fair": 89.13,
            "eps_avg_yearly": 2.55,
            "eps_latest_yearly": 2.96,
            "eps_growth_yearly": 545.66
        },
        "20152": {
            "year_quarter": 20152,
            "year": 2015,
            "quarter": 2,
            "eps": -0.11,
            "eps_growth_year": -113.58,
            "eps_4q": 2.36,
            "eps_4q_growth_year": null,
            "roe": -0.16,
            "roe_4q": 4.9399999999999995,
            "gross_profit": 624800,
            "gross_margin": 9.23,
            "gross_margin_4q_avg": 14.68,
            "net_income": -99066,
            "net_income_4q": null,
            "revenue": 6769878,
            "revenue_4q": null,
            "common_shares": 11015131,
            "book_valuer_per_share": 52.49,
            "book_valuer_per_share_4q_avg": 52.64,
            "equity": 60038543,
            "current_ratio": 202.97,
            "debt_ratio": 33.61,
            "inventory_turnover_ratio": 0.85,
            "account_receivable_turnover_ratio": 0.49,
            "reinvestment_rate": 836.58,
            "research_to_sale_ratio": 5.26,
            "price_fair": 82.88,
            "eps_avg_yearly": 2.37,
            "eps_latest_yearly": 2.96,
            "eps_growth_yearly": 566.99
        },
        "20153": {
            "year_quarter": 20153,
            "year": 2015,
            "quarter": 3,
            "eps": -0.96,
            "eps_growth_year": -148.48,
            "eps_4q": -0.25,
            "eps_4q_growth_year": -113.29,
            "roe": -2.01,
            "roe_4q": -0.84,
            "gross_profit": -319924,
            "gross_margin": -5.18,
            "gross_margin_4q_avg": 7.76,
            "net_income": -1191972,
            "net_income_4q": null,
            "revenue": 6177301,
            "revenue_4q": null,
            "common_shares": 11015131,
            "book_valuer_per_share": 51.94,
            "book_valuer_per_share_4q_avg": 52.85,
            "equity": 58355688,
            "current_ratio": 150.69,
            "debt_ratio": 32.52,
            "inventory_turnover_ratio": 0.85,
            "account_receivable_turnover_ratio": 0.48,
            "reinvestment_rate": null,
            "research_to_sale_ratio": 6.67,
            "price_fair": 103.25,
            "eps_avg_yearly": 2.95,
            "eps_latest_yearly": 2.96,
            "eps_growth_yearly": 807.58
        },
        "20154": {
            "year_quarter": 20154,
            "year": 2015,
            "quarter": 4,
            "eps": -2.49,
            "eps_growth_year": -3089.39,
            "eps_4q": -2.82,
            "eps_4q_growth_year": -270.81,
            "roe": -4.81,
            "roe_4q": -5.81,
            "gross_profit": -967129,
            "gross_margin": -16.34,
            "gross_margin_4q_avg": -0.12,
            "net_income": -2740661,
            "net_income_4q": null,
            "revenue": 5917034,
            "revenue_4q": null,
            "common_shares": 10998443,
            "book_valuer_per_share": 49.82,
            "book_valuer_per_share_4q_avg": 52.01,
            "equity": 55644757,
            "current_ratio": 140.38,
            "debt_ratio": 33.06,
            "inventory_turnover_ratio": 0.96,
            "account_receivable_turnover_ratio": 0.49,
            "reinvestment_rate": null,
            "research_to_sale_ratio": 7.9,
            "price_fair": 103.25,
            "eps_avg_yearly": 2.95,
            "eps_latest_yearly": 2.96,
            "eps_growth_yearly": 807.58
        },
        "20161": {
            "year_quarter": 20161,
            "year": 2016,
            "quarter": 1,
            "eps": -1.54,
            "eps_growth_year": -308.11,
            "eps_4q": -5.1,
            "eps_4q_growth_year": -261.94,
            "roe": -3.04,
            "roe_4q": -10.02,
            "gross_profit": -444358,
            "gross_margin": -7.34,
            "gross_margin_4q_avg": -4.91,
            "net_income": -1664335,
            "net_income_4q": null,
            "revenue": 6057610,
            "revenue_4q": null,
            "common_shares": 10998443,
            "book_valuer_per_share": 48.18,
            "book_valuer_per_share_4q_avg": 50.61,
            "equity": 53848417,
            "current_ratio": 142.16,
            "debt_ratio": 33.16,
            "inventory_turnover_ratio": 1.05,
            "account_receivable_turnover_ratio": 0.54,
            "reinvestment_rate": null,
            "research_to_sale_ratio": 7.09,
            "price_fair": 103.25,
            "eps_avg_yearly": 2.95,
            "eps_latest_yearly": 2.96,
            "eps_growth_yearly": 807.58
        },
        "20162": {
            "year_quarter": 20162,
            "year": 2016,
            "quarter": 2,
            "eps": -1.64,
            "eps_growth_year": null,
            "eps_4q": -6.66,
            "eps_4q_growth_year": -382.15,
            "roe": -3.56,
            "roe_4q": -13.42,
            "gross_profit": 292595,
            "gross_margin": 4.46,
            "gross_margin_4q_avg": -6.1,
            "net_income": -1876959,
            "net_income_4q": null,
            "revenue": 6555077,
            "revenue_4q": null,
            "common_shares": 10918801,
            "book_valuer_per_share": 46.54,
            "book_valuer_per_share_4q_avg": 49.12,
            "equity": 51648740,
            "current_ratio": 165.47,
            "debt_ratio": 35.64,
            "inventory_turnover_ratio": 1.16,
            "account_receivable_turnover_ratio": 0.59,
            "reinvestment_rate": null,
            "research_to_sale_ratio": 5.61,
            "price_fair": 103.25,
            "eps_avg_yearly": 2.95,
            "eps_latest_yearly": 2.96,
            "eps_growth_yearly": 807.58
        },
        "20163": {
            "year_quarter": 20163,
            "year": 2016,
            "quarter": 3,
            "eps": 0,
            "eps_growth_year": null,
            "eps_4q": -5.67,
            "eps_4q_growth_year": null,
            "roe": -0.1,
            "roe_4q": -11.51,
            "gross_profit": 902244,
            "gross_margin": 13.69,
            "gross_margin_4q_avg": -1.38,
            "net_income": -52917,
            "net_income_4q": null,
            "revenue": 6592377,
            "revenue_4q": null,
            "common_shares": 10915492,
            "book_valuer_per_share": 46.35,
            "book_valuer_per_share_4q_avg": 47.72,
            "equity": 51410565,
            "current_ratio": 210.81,
            "debt_ratio": 27.48,
            "inventory_turnover_ratio": 1.2,
            "account_receivable_turnover_ratio": 0.62,
            "reinvestment_rate": null,
            "research_to_sale_ratio": 5.62,
            "price_fair": 130.67,
            "eps_avg_yearly": 3.73,
            "eps_latest_yearly": 2.96,
            "eps_growth_yearly": 1164.65
        },
        "20164": {
            "year_quarter": 20164,
            "year": 2016,
            "quarter": 4,
            "eps": -0.15,
            "eps_growth_year": null,
            "eps_4q": -3.33,
            "eps_4q_growth_year": null,
            "roe": -0.82,
            "roe_4q": -7.5200000000000005,
            "gross_profit": 1165529,
            "gross_margin": 18.4,
            "gross_margin_4q_avg": 7.3,
            "net_income": -418541,
            "net_income_4q": null,
            "revenue": 6334099,
            "revenue_4q": null,
            "common_shares": 10915492,
            "book_valuer_per_share": 46.22,
            "book_valuer_per_share_4q_avg": 46.82,
            "equity": 50983996,
            "current_ratio": 242.79,
            "debt_ratio": 26.21,
            "inventory_turnover_ratio": 1.17,
            "account_receivable_turnover_ratio": 0.61,
            "reinvestment_rate": null,
            "research_to_sale_ratio": 5.77,
            "price_fair": 130.67,
            "eps_avg_yearly": 3.73,
            "eps_latest_yearly": 2.96,
            "eps_growth_yearly": 1164.65
        },
        "20171": {
            "year_quarter": 20171,
            "year": 2017,
            "quarter": 1,
            "eps": -0.26,
            "eps_growth_year": null,
            "eps_4q": -2.05,
            "eps_4q_growth_year": null,
            "roe": -0.56,
            "roe_4q": -5.04,
            "gross_profit": 1130660,
            "gross_margin": 19.73,
            "gross_margin_4q_avg": 14.07,
            "net_income": -284146,
            "net_income_4q": null,
            "revenue": 5730563,
            "revenue_4q": null,
            "common_shares": 10915492,
            "book_valuer_per_share": 45.88,
            "book_valuer_per_share_4q_avg": 46.25,
            "equity": 50547007,
            "current_ratio": 257.88,
            "debt_ratio": 24.53,
            "inventory_turnover_ratio": 1.02,
            "account_receivable_turnover_ratio": 0.56,
            "reinvestment_rate": null,
            "research_to_sale_ratio": 6.5,
            "price_fair": 130.67,
            "eps_avg_yearly": 3.73,
            "eps_latest_yearly": 2.96,
            "eps_growth_yearly": 1164.65
        },
        "20172": {
            "year_quarter": 20172,
            "year": 2017,
            "quarter": 2,
            "eps": 0.69,
            "eps_growth_year": null,
            "eps_4q": 0.28,
            "eps_4q_growth_year": null,
            "roe": 1.56,
            "roe_4q": 0.08000000000000004,
            "gross_profit": 1388319,
            "gross_margin": 20.89,
            "gross_margin_4q_avg": 18.18,
            "net_income": 795044,
            "net_income_4q": null,
            "revenue": 6644871,
            "revenue_4q": null,
            "common_shares": 10915492,
            "book_valuer_per_share": 46.51,
            "book_valuer_per_share_4q_avg": 46.24,
            "equity": 51373365,
            "current_ratio": 277.19,
            "debt_ratio": 22.2,
            "inventory_turnover_ratio": 1.14,
            "account_receivable_turnover_ratio": 0.62,
            "reinvestment_rate": null,
            "research_to_sale_ratio": 5.41,
            "price_fair": 130.67,
            "eps_avg_yearly": 3.73,
            "eps_latest_yearly": 2.96,
            "eps_growth_yearly": 1164.65
        },
        "20173": {
            "year_quarter": 20173,
            "year": 2017,
            "quarter": 3,
            "eps": 0.75,
            "eps_growth_year": null,
            "eps_4q": 1.03,
            "eps_4q_growth_year": null,
            "roe": 1.57,
            "roe_4q": 1.75,
            "gross_profit": 1657611,
            "gross_margin": 23.82,
            "gross_margin_4q_avg": 20.71,
            "net_income": 811985,
            "net_income_4q": null,
            "revenue": 6957836,
            "revenue_4q": null,
            "common_shares": 10915492,
            "book_valuer_per_share": 47.37,
            "book_valuer_per_share_4q_avg": 46.5,
            "equity": 52296186,
            "current_ratio": 258.94,
            "debt_ratio": 22.61,
            "inventory_turnover_ratio": 1.14,
            "account_receivable_turnover_ratio": 0.57,
            "reinvestment_rate": null,
            "research_to_sale_ratio": 5.86,
            "price_fair": 124.25,
            "eps_avg_yearly": 3.55,
            "eps_latest_yearly": 3,
            "eps_growth_yearly": 882.18
        },
        "20174": {
            "year_quarter": 20174,
            "year": 2017,
            "quarter": 4,
            "eps": 0.37,
            "eps_growth_year": null,
            "eps_4q": 1.53,
            "eps_4q_growth_year": null,
            "roe": 0.69,
            "roe_4q": 3.26,
            "gross_profit": 1284037,
            "gross_margin": 21.63,
            "gross_margin_4q_avg": 21.52,
            "net_income": 363330,
            "net_income_4q": null,
            "revenue": 5937346,
            "revenue_4q": null,
            "common_shares": 10887014,
            "book_valuer_per_share": 47.76,
            "book_valuer_per_share_4q_avg": 46.88,
            "equity": 52983912,
            "current_ratio": 269.36,
            "debt_ratio": 20.9,
            "inventory_turnover_ratio": 0.98,
            "account_receivable_turnover_ratio": 0.49,
            "reinvestment_rate": null,
            "research_to_sale_ratio": 7.36,
            "price_fair": 109.76,
            "eps_avg_yearly": 3.14,
            "eps_latest_yearly": 1.48,
            "eps_growth_yearly": 665.21
        },
        "20181": {
            "year_quarter": 20181,
            "year": 2018,
            "quarter": 1,
            "eps": 0.37,
            "eps_growth_year": null,
            "eps_4q": 2.15,
            "eps_4q_growth_year": null,
            "roe": 0.71,
            "roe_4q": 4.529999999999999,
            "gross_profit": 871700,
            "gross_margin": 16.93,
            "gross_margin_4q_avg": 20.82,
            "net_income": 377902,
            "net_income_4q": null,
            "revenue": 5147859,
            "revenue_4q": null,
            "common_shares": 10887014,
            "book_valuer_per_share": 48.12,
            "book_valuer_per_share_4q_avg": 47.44,
            "equity": 53913539,
            "current_ratio": 267.96,
            "debt_ratio": 18.7,
            "inventory_turnover_ratio": 0.84,
            "account_receivable_turnover_ratio": 0.45,
            "reinvestment_rate": null,
            "research_to_sale_ratio": 8.55,
            "price_fair": 100.1,
            "eps_avg_yearly": 2.86,
            "eps_latest_yearly": 1.48,
            "eps_growth_yearly": 554.34
        },
        "20182": {
            "year_quarter": 20182,
            "year": 2018,
            "quarter": 2,
            "eps": 0.11,
            "eps_growth_year": -84.06,
            "eps_4q": 1.59,
            "eps_4q_growth_year": 476.01,
            "roe": 0.21,
            "roe_4q": 3.1799999999999997,
            "gross_profit": 937276,
            "gross_margin": 17.7,
            "gross_margin_4q_avg": 20.02,
            "net_income": 111135,
            "net_income_4q": null,
            "revenue": 5294876,
            "revenue_4q": null,
            "common_shares": 10887014,
            "book_valuer_per_share": 47.14,
            "book_valuer_per_share_4q_avg": 47.6,
            "equity": 52805704,
            "current_ratio": 232.11,
            "debt_ratio": 20.67,
            "inventory_turnover_ratio": 0.81,
            "account_receivable_turnover_ratio": 0.45,
            "reinvestment_rate": null,
            "research_to_sale_ratio": 9.31,
            "price_fair": 88,
            "eps_avg_yearly": 2.51,
            "eps_latest_yearly": 0.44,
            "eps_growth_yearly": 435
        },
        "20183": {
            "year_quarter": 20183,
            "year": 2018,
            "quarter": 3,
            "eps": 0,
            "eps_growth_year": -100,
            "eps_4q": 0.85,
            "eps_4q_growth_year": -17.56,
            "roe": 0.02,
            "roe_4q": 1.63,
            "gross_profit": 1041374,
            "gross_margin": 18.44,
            "gross_margin_4q_avg": 18.68,
            "net_income": 9658,
            "net_income_4q": null,
            "revenue": 5647596,
            "revenue_4q": null,
            "common_shares": 10887014,
            "book_valuer_per_share": 46.44,
            "book_valuer_per_share_4q_avg": 47.37,
            "equity": 52006706,
            "current_ratio": 246.63,
            "debt_ratio": 19.49,
            "inventory_turnover_ratio": 0.86,
            "account_receivable_turnover_ratio": 0.48,
            "reinvestment_rate": null,
            "research_to_sale_ratio": 9.5,
            "price_fair": 56.47,
            "eps_avg_yearly": 1.61,
            "eps_latest_yearly": 0.44,
            "eps_growth_yearly": 411.2
        },
        "20184": {
            "year_quarter": 20184,
            "year": 2018,
            "quarter": 4,
            "eps": -0.9,
            "eps_growth_year": -345.71,
            "eps_4q": -0.42,
            "eps_4q_growth_year": -127.46,
            "roe": -1.95,
            "roe_4q": -1.01,
            "gross_profit": -195679,
            "gross_margin": -4.64,
            "gross_margin_4q_avg": 12.11,
            "net_income": -1004559,
            "net_income_4q": null,
            "revenue": 4216081,
            "revenue_4q": null,
            "common_shares": 10887014,
            "book_valuer_per_share": 45.57,
            "book_valuer_per_share_4q_avg": 46.82,
            "equity": 50907910,
            "current_ratio": 258.1,
            "debt_ratio": 18.86,
            "inventory_turnover_ratio": 0.88,
            "account_receivable_turnover_ratio": 0.38,
            "reinvestment_rate": null,
            "research_to_sale_ratio": 11.62,
            "price_fair": 65.52,
            "eps_avg_yearly": 1.87,
            "eps_latest_yearly": 0.44,
            "eps_growth_yearly": 570.21
        },
        "20191": {
            "year_quarter": 20191,
            "year": 2019,
            "quarter": 1,
            "eps": -1.03,
            "eps_growth_year": -378.38,
            "eps_4q": -1.82,
            "eps_4q_growth_year": -184.98,
            "roe": -2.23,
            "roe_4q": -3.95,
            "gross_profit": -421798,
            "gross_margin": -11.24,
            "gross_margin_4q_avg": 5.07,
            "net_income": -1130242,
            "net_income_4q": null,
            "revenue": 3753453,
            "revenue_4q": null,
            "common_shares": 10887014,
            "book_valuer_per_share": 45.02,
            "book_valuer_per_share_4q_avg": 46.04,
            "equity": 50262695,
            "current_ratio": 257.99,
            "debt_ratio": 19.85,
            "inventory_turnover_ratio": 0.93,
            "account_receivable_turnover_ratio": 0.37,
            "reinvestment_rate": null,
            "research_to_sale_ratio": 11.59,
            "price_fair": 4.8,
            "eps_avg_yearly": 1.6,
            "eps_latest_yearly": 0.44,
            "eps_growth_yearly": -112.24
        },
        "20192": {
            "year_quarter": 20192,
            "year": 2019,
            "quarter": 2,
            "eps": -0.52,
            "eps_growth_year": -572.73,
            "eps_4q": -2.46,
            "eps_4q_growth_year": -254.99,
            "roe": -1.19,
            "roe_4q": -5.3500000000000005,
            "gross_profit": 95713,
            "gross_margin": 2.38,
            "gross_margin_4q_avg": 1.24,
            "net_income": -595418,
            "net_income_4q": null,
            "revenue": 4027433,
            "revenue_4q": null,
            "common_shares": 10887014,
            "book_valuer_per_share": 44.18,
            "book_valuer_per_share_4q_avg": 45.3,
            "equity": 49813453,
            "current_ratio": 258.04,
            "debt_ratio": 20.05,
            "inventory_turnover_ratio": 0.91,
            "account_receivable_turnover_ratio": 0.41,
            "reinvestment_rate": null,
            "research_to_sale_ratio": 12.6,
            "price_fair": 4.8,
            "eps_avg_yearly": 1.6,
            "eps_latest_yearly": 0.44,
            "eps_growth_yearly": -112.24
        },
        "20193": {
            "year_quarter": 20193,
            "year": 2019,
            "quarter": 3,
            "eps": -0.79,
            "eps_growth_year": null,
            "eps_4q": -3.23,
            "eps_4q_growth_year": -481.07,
            "roe": -1.88,
            "roe_4q": -7.25,
            "gross_profit": -45683,
            "gross_margin": -1.09,
            "gross_margin_4q_avg": -3.65,
            "net_income": -925953,
            "net_income_4q": null,
            "revenue": 4172464,
            "revenue_4q": null,
            "common_shares": 10887014,
            "book_valuer_per_share": 42.74,
            "book_valuer_per_share_4q_avg": 44.38,
            "equity": 48466391,
            "current_ratio": 292.47,
            "debt_ratio": 19.01,
            "inventory_turnover_ratio": 1.03,
            "account_receivable_turnover_ratio": 0.44,
            "reinvestment_rate": null,
            "research_to_sale_ratio": 12.28,
            "price_fair": 4.8,
            "eps_avg_yearly": 1.6,
            "eps_latest_yearly": 0.44,
            "eps_growth_yearly": -112.24
        },
        "20194": {
            "year_quarter": 20194,
            "year": 2019,
            "quarter": 4,
            "eps": -1.14,
            "eps_growth_year": null,
            "eps_4q": -3.48,
            "eps_4q_growth_year": null,
            "roe": -2.69,
            "roe_4q": -7.99,
            "gross_profit": -61600,
            "gross_margin": -1.54,
            "gross_margin_4q_avg": -2.87,
            "net_income": -1285907,
            "net_income_4q": null,
            "revenue": 4006481,
            "revenue_4q": null,
            "common_shares": 10887014,
            "book_valuer_per_share": 41.93,
            "book_valuer_per_share_4q_avg": 43.47,
            "equity": 47195358,
            "current_ratio": 289.57,
            "debt_ratio": 19.64,
            "inventory_turnover_ratio": 1.16,
            "account_receivable_turnover_ratio": 0.43,
            "reinvestment_rate": null,
            "research_to_sale_ratio": 13.59,
            "price_fair": 4.8,
            "eps_avg_yearly": 1.6,
            "eps_latest_yearly": 0.44,
            "eps_growth_yearly": -112.24
        },
        "20201": {
            "year_quarter": 20201,
            "year": 2020,
            "quarter": 1,
            "eps": -1.38,
            "eps_growth_year": null,
            "eps_4q": -3.84,
            "eps_4q_growth_year": null,
            "roe": -3.37,
            "roe_4q": -9.13,
            "gross_profit": -2169,
            "gross_margin": -0.06,
            "gross_margin_4q_avg": -0.08,
            "net_income": -1568350,
            "net_income_4q": null,
            "revenue": 3387728,
            "revenue_4q": null,
            "common_shares": 10887014,
            "book_valuer_per_share": 40.63,
            "book_valuer_per_share_4q_avg": 42.37,
            "equity": 45977047,
            "current_ratio": 294.92,
            "debt_ratio": 21.11,
            "inventory_turnover_ratio": 1.01,
            "account_receivable_turnover_ratio": 0.39,
            "reinvestment_rate": null,
            "research_to_sale_ratio": 13.93,
            "price_fair": 4.8,
            "eps_avg_yearly": 1.6,
            "eps_latest_yearly": 0.44,
            "eps_growth_yearly": -112.24
        },
        "20202": {
            "year_quarter": 20202,
            "year": 2020,
            "quarter": 2,
            "eps": -0.85,
            "eps_growth_year": null,
            "eps_4q": -4.16,
            "eps_4q_growth_year": null,
            "roe": -2.22,
            "roe_4q": -10.16,
            "gross_profit": -265117,
            "gross_margin": -8.47,
            "gross_margin_4q_avg": -2.79,
            "net_income": -1006456,
            "net_income_4q": null,
            "revenue": 3130866,
            "revenue_4q": null,
            "common_shares": 10887014,
            "book_valuer_per_share": 39.6,
            "book_valuer_per_share_4q_avg": 41.23,
            "equity": 44820043,
            "current_ratio": 247.18,
            "debt_ratio": 23.03,
            "inventory_turnover_ratio": 1,
            "account_receivable_turnover_ratio": 0.4,
            "reinvestment_rate": null,
            "research_to_sale_ratio": 13.81,
            "price_fair": 4.8,
            "eps_avg_yearly": 1.6,
            "eps_latest_yearly": 0.44,
            "eps_growth_yearly": -112.24
        },
        "20203": {
            "year_quarter": 20203,
            "year": 2020,
            "quarter": 3,
            "eps": -1.02,
            "eps_growth_year": null,
            "eps_4q": -4.39,
            "eps_4q_growth_year": null,
            "roe": -2.69,
            "roe_4q": -10.97,
            "gross_profit": -351596,
            "gross_margin": -9.42,
            "gross_margin_4q_avg": -4.87,
            "net_income": -1196480,
            "net_income_4q": null,
            "revenue": 3731185,
            "revenue_4q": null,
            "common_shares": 10887014,
            "book_valuer_per_share": 38.88,
            "book_valuer_per_share_4q_avg": 40.26,
            "equity": 44243756,
            "current_ratio": 203.71,
            "debt_ratio": 26.31,
            "inventory_turnover_ratio": 1.28,
            "account_receivable_turnover_ratio": 0.5,
            "reinvestment_rate": null,
            "research_to_sale_ratio": 12.52,
            "price_fair": 4.8,
            "eps_avg_yearly": 1.6,
            "eps_latest_yearly": 0.44,
            "eps_growth_yearly": -112.24
        }
    },
    "months": {
        "2001-06": {
            "month": "2001-06",
            "price": "23.46",
            "revenue": 44725
        },
        "2001-07": {
            "month": "2001-07",
            "price": "17.99",
            "revenue": 51632
        },
        "2001-08": {
            "month": "2001-08",
            "price": "15.93",
            "revenue": 46304
        },
        "2001-09": {
            "month": "2001-09",
            "price": "13.93",
            "revenue": 45676
        },
        "2001-10": {
            "month": "2001-10",
            "price": "12.63",
            "revenue": 48357
        },
        "2001-11": {
            "month": "2001-11",
            "price": "14.17",
            "revenue": 57759
        },
        "2001-12": {
            "month": "2001-12",
            "price": "22.17",
            "revenue": 60409
        },
        "2002-01": {
            "month": "2002-01",
            "price": "27.45",
            "revenue": 72974
        },
        "2002-02": {
            "month": "2002-02",
            "price": "32.83",
            "revenue": 75386
        },
        "2002-03": {
            "month": "2002-03",
            "price": "36.77",
            "revenue": 109202
        },
        "2002-04": {
            "month": "2002-04",
            "price": "44.93",
            "revenue": 124800
        },
        "2002-05": {
            "month": "2002-05",
            "price": "39.75",
            "revenue": 132682
        },
        "2002-06": {
            "month": "2002-06",
            "price": "37.64",
            "revenue": 137445
        },
        "2002-07": {
            "month": "2002-07",
            "price": "46.93",
            "revenue": 148088
        },
        "2002-08": {
            "month": "2002-08",
            "price": "55.20",
            "revenue": 172699
        },
        "2002-09": {
            "month": "2002-09",
            "price": "66.72",
            "revenue": 204958
        },
        "2002-10": {
            "month": "2002-10",
            "price": "61.43",
            "revenue": 212067
        },
        "2002-11": {
            "month": "2002-11",
            "price": "70.40",
            "revenue": 195145
        },
        "2002-12": {
            "month": "2002-12",
            "price": "65.61",
            "revenue": 160710
        },
        "2003-01": {
            "month": "2003-01",
            "price": "57.95",
            "revenue": 188157
        },
        "2003-02": {
            "month": "2003-02",
            "price": "53.62",
            "revenue": 143613
        },
        "2003-03": {
            "month": "2003-03",
            "price": "48.13",
            "revenue": 182529
        },
        "2003-04": {
            "month": "2003-04",
            "price": "46.37",
            "revenue": 164485
        },
        "2003-05": {
            "month": "2003-05",
            "price": "38.84",
            "revenue": 170617
        },
        "2003-06": {
            "month": "2003-06",
            "price": "45.88",
            "revenue": 154712
        },
        "2003-07": {
            "month": "2003-07",
            "price": "46.22",
            "revenue": 165144
        },
        "2003-08": {
            "month": "2003-08",
            "price": "45.73",
            "revenue": 176300
        },
        "2003-09": {
            "month": "2003-09",
            "price": "46.65",
            "revenue": 189264
        },
        "2003-10": {
            "month": "2003-10",
            "price": "47.72",
            "revenue": 207981
        },
        "2003-11": {
            "month": "2003-11",
            "price": "70.18",
            "revenue": 231465
        },
        "2003-12": {
            "month": "2003-12",
            "price": "77.33",
            "revenue": 273038
        },
        "2004-01": {
            "month": "2004-01",
            "price": "93.30",
            "revenue": 250236
        },
        "2004-02": {
            "month": "2004-02",
            "price": "116.42",
            "revenue": 264428
        },
        "2004-03": {
            "month": "2004-03",
            "price": "104.96",
            "revenue": 264961
        },
        "2004-04": {
            "month": "2004-04",
            "price": "103.86",
            "revenue": 271763
        },
        "2004-05": {
            "month": "2004-05",
            "price": "84.45",
            "revenue": 283627
        },
        "2004-06": {
            "month": "2004-06",
            "price": "70.24",
            "revenue": 304275
        },
        "2004-07": {
            "month": "2004-07",
            "price": "65.32",
            "revenue": 250219
        },
        "2004-08": {
            "month": "2004-08",
            "price": "55.32",
            "revenue": 200065
        },
        "2004-09": {
            "month": "2004-09",
            "price": "51.98",
            "revenue": 226582
        },
        "2004-10": {
            "month": "2004-10",
            "price": "44.94",
            "revenue": 215999
        },
        "2004-11": {
            "month": "2004-11",
            "price": "39.99",
            "revenue": 199913
        },
        "2004-12": {
            "month": "2004-12",
            "price": "40.83",
            "revenue": 186626
        },
        "2005-01": {
            "month": "2005-01",
            "price": "37.08",
            "revenue": 207329
        },
        "2005-02": {
            "month": "2005-02",
            "price": "40.26",
            "revenue": 200302
        },
        "2005-03": {
            "month": "2005-03",
            "price": "44.29",
            "revenue": 249265
        },
        "2005-04": {
            "month": "2005-04",
            "price": "48.84",
            "revenue": 275362
        },
        "2005-05": {
            "month": "2005-05",
            "price": "48.51",
            "revenue": 273098
        },
        "2005-06": {
            "month": "2005-06",
            "price": "49.51",
            "revenue": 262943
        },
        "2005-07": {
            "month": "2005-07",
            "price": "50.79",
            "revenue": 245505
        },
        "2005-08": {
            "month": "2005-08",
            "price": "40.88",
            "revenue": 303780
        },
        "2005-09": {
            "month": "2005-09",
            "price": "41.40",
            "revenue": 354684
        },
        "2005-10": {
            "month": "2005-10",
            "price": "50.94",
            "revenue": 365165
        },
        "2005-11": {
            "month": "2005-11",
            "price": "58.91",
            "revenue": 347081
        },
        "2005-12": {
            "month": "2005-12",
            "price": "61.34",
            "revenue": 279319
        },
        "2006-01": {
            "month": "2006-01",
            "price": "65.21",
            "revenue": 383143
        },
        "2006-02": {
            "month": "2006-02",
            "price": "60.95",
            "revenue": 399040
        },
        "2006-03": {
            "month": "2006-03",
            "price": "75.93",
            "revenue": 481863
        },
        "2006-04": {
            "month": "2006-04",
            "price": "105.52",
            "revenue": 537474
        },
        "2006-05": {
            "month": "2006-05",
            "price": "124.60",
            "revenue": 581662
        },
        "2006-06": {
            "month": "2006-06",
            "price": "104.39",
            "revenue": 578546
        },
        "2006-07": {
            "month": "2006-07",
            "price": "93.90",
            "revenue": 584293
        },
        "2006-08": {
            "month": "2006-08",
            "price": "97.60",
            "revenue": 565886
        },
        "2006-09": {
            "month": "2006-09",
            "price": "103.03",
            "revenue": 601621
        },
        "2006-10": {
            "month": "2006-10",
            "price": "97.53",
            "revenue": 551834
        },
        "2006-11": {
            "month": "2006-11",
            "price": "86.92",
            "revenue": 530144
        },
        "2006-12": {
            "month": "2006-12",
            "price": "92.80",
            "revenue": 494974
        },
        "2007-01": {
            "month": "2007-01",
            "price": "101.67",
            "revenue": 540370
        },
        "2007-02": {
            "month": "2007-02",
            "price": "115.42",
            "revenue": 420394
        },
        "2007-03": {
            "month": "2007-03",
            "price": "116.96",
            "revenue": 807977
        },
        "2007-04": {
            "month": "2007-04",
            "price": "115.50",
            "revenue": 857724
        },
        "2007-05": {
            "month": "2007-05",
            "price": "120.36",
            "revenue": 947728
        },
        "2007-06": {
            "month": "2007-06",
            "price": "135.02",
            "revenue": 859139
        },
        "2007-07": {
            "month": "2007-07",
            "price": "157.73",
            "revenue": 889932
        },
        "2007-08": {
            "month": "2007-08",
            "price": "148.80",
            "revenue": 954950
        },
        "2007-09": {
            "month": "2007-09",
            "price": "154.36",
            "revenue": 1019491
        },
        "2007-10": {
            "month": "2007-10",
            "price": "148.41",
            "revenue": 1051714
        },
        "2007-11": {
            "month": "2007-11",
            "price": "126.73",
            "revenue": 1019155
        },
        "2007-12": {
            "month": "2007-12",
            "price": "130.19",
            "revenue": 837299
        },
        "2008-01": {
            "month": "2008-01",
            "price": "109.09",
            "revenue": 865282
        },
        "2008-02": {
            "month": "2008-02",
            "price": "82.66",
            "revenue": 834478
        },
        "2008-03": {
            "month": "2008-03",
            "price": "92.24",
            "revenue": 938379
        },
        "2008-04": {
            "month": "2008-04",
            "price": "85.23",
            "revenue": 1055623
        },
        "2008-05": {
            "month": "2008-05",
            "price": "91.66",
            "revenue": 1012852
        },
        "2008-06": {
            "month": "2008-06",
            "price": "74.74",
            "revenue": 845828
        },
        "2008-07": {
            "month": "2008-07",
            "price": "61.07",
            "revenue": 920264
        },
        "2008-08": {
            "month": "2008-08",
            "price": "63.12",
            "revenue": 913663
        },
        "2008-09": {
            "month": "2008-09",
            "price": "46.88",
            "revenue": 921849
        },
        "2008-10": {
            "month": "2008-10",
            "price": "41.60",
            "revenue": 903685
        },
        "2008-11": {
            "month": "2008-11",
            "price": "30.58",
            "revenue": 647906
        },
        "2008-12": {
            "month": "2008-12",
            "price": "29.03",
            "revenue": 460826
        },
        "2009-01": {
            "month": "2009-01",
            "price": "30.40",
            "revenue": 426163
        },
        "2009-02": {
            "month": "2009-02",
            "price": "39.75",
            "revenue": 688824
        },
        "2009-03": {
            "month": "2009-03",
            "price": "50.40",
            "revenue": 910191
        },
        "2009-04": {
            "month": "2009-04",
            "price": "59.18",
            "revenue": 982724
        },
        "2009-05": {
            "month": "2009-05",
            "price": "86.82",
            "revenue": 979147
        },
        "2009-06": {
            "month": "2009-06",
            "price": "85.65",
            "revenue": 1147752
        },
        "2009-07": {
            "month": "2009-07",
            "price": "92.02",
            "revenue": 1208931
        },
        "2009-08": {
            "month": "2009-08",
            "price": "86.62",
            "revenue": 1248698
        },
        "2009-09": {
            "month": "2009-09",
            "price": "100.12",
            "revenue": 1260196
        },
        "2009-10": {
            "month": "2009-10",
            "price": "112.47",
            "revenue": 1275128
        },
        "2009-11": {
            "month": "2009-11",
            "price": "103.73",
            "revenue": 1315085
        },
        "2009-12": {
            "month": "2009-12",
            "price": "113.26",
            "revenue": 1262791
        },
        "2010-01": {
            "month": "2010-01",
            "price": "110.68",
            "revenue": 1300578
        },
        "2010-02": {
            "month": "2010-02",
            "price": "92.58",
            "revenue": 1267225
        },
        "2010-03": {
            "month": "2010-03",
            "price": "99.13",
            "revenue": 1462303
        },
        "2010-04": {
            "month": "2010-04",
            "price": "105.69",
            "revenue": 1646207
        },
        "2010-05": {
            "month": "2010-05",
            "price": "96.38",
            "revenue": 1746325
        },
        "2010-06": {
            "month": "2010-06",
            "price": "86.74",
            "revenue": 1851813
        },
        "2010-07": {
            "month": "2010-07",
            "price": "88.92",
            "revenue": 1902105
        },
        "2010-08": {
            "month": "2010-08",
            "price": "84.56",
            "revenue": 1935027
        },
        "2010-09": {
            "month": "2010-09",
            "price": "91.33",
            "revenue": 1841609
        },
        "2010-10": {
            "month": "2010-10",
            "price": "95.11",
            "revenue": 1710755
        },
        "2010-11": {
            "month": "2010-11",
            "price": "97.96",
            "revenue": 1662531
        },
        "2010-12": {
            "month": "2010-12",
            "price": "101.85",
            "revenue": 1439375
        },
        "2011-01": {
            "month": "2011-01",
            "price": "103.26",
            "revenue": 1388350
        },
        "2011-02": {
            "month": "2011-02",
            "price": "102.61",
            "revenue": 1360967
        },
        "2011-03": {
            "month": "2011-03",
            "price": "109.11",
            "revenue": 1698298
        },
        "2011-04": {
            "month": "2011-04",
            "price": "104.18",
            "revenue": 1692975
        },
        "2011-05": {
            "month": "2011-05",
            "price": "88.77",
            "revenue": 1908563
        },
        "2011-06": {
            "month": "2011-06",
            "price": "89.64",
            "revenue": 1730227
        },
        "2011-07": {
            "month": "2011-07",
            "price": "73.89",
            "revenue": 1458925
        },
        "2011-08": {
            "month": "2011-08",
            "price": "55.95",
            "revenue": 1397030
        },
        "2011-09": {
            "month": "2011-09",
            "price": "56.45",
            "revenue": 1407450
        },
        "2011-10": {
            "month": "2011-10",
            "price": "56.54",
            "revenue": 1259477
        },
        "2011-11": {
            "month": "2011-11",
            "price": "60.58",
            "revenue": 1292880
        },
        "2011-12": {
            "month": "2011-12",
            "price": "63.12",
            "revenue": 1117061
        },
        "2012-01": {
            "month": "2012-01",
            "price": "65.53",
            "revenue": 980136
        },
        "2012-02": {
            "month": "2012-02",
            "price": "75.37",
            "revenue": 1185086
        },
        "2012-03": {
            "month": "2012-03",
            "price": "78.19",
            "revenue": 1435965
        },
        "2012-04": {
            "month": "2012-04",
            "price": "72.78",
            "revenue": 1510516
        },
        "2012-05": {
            "month": "2012-05",
            "price": "68.80",
            "revenue": 1657722
        },
        "2012-06": {
            "month": "2012-06",
            "price": "62.07",
            "revenue": 1729727
        },
        "2012-07": {
            "month": "2012-07",
            "price": "61.10",
            "revenue": 1666928
        },
        "2012-08": {
            "month": "2012-08",
            "price": "60.86",
            "revenue": 1720716
        },
        "2012-09": {
            "month": "2012-09",
            "price": "63.07",
            "revenue": 1616016
        },
        "2012-10": {
            "month": "2012-10",
            "price": "55.55",
            "revenue": 1519255
        },
        "2012-11": {
            "month": "2012-11",
            "price": "45.01",
            "revenue": 1365079
        },
        "2012-12": {
            "month": "2012-12",
            "price": "49.88",
            "revenue": 1144760
        },
        "2013-01": {
            "month": "2013-01",
            "price": "53.59",
            "revenue": 1351631
        },
        "2013-02": {
            "month": "2013-02",
            "price": "56.52",
            "revenue": 1258784
        },
        "2013-03": {
            "month": "2013-03",
            "price": "56.12",
            "revenue": 1713538
        },
        "2013-04": {
            "month": "2013-04",
            "price": "50.90",
            "revenue": 1918844
        },
        "2013-05": {
            "month": "2013-05",
            "price": "56.07",
            "revenue": 2223142
        },
        "2013-06": {
            "month": "2013-06",
            "price": "55.90",
            "revenue": 1925874
        },
        "2013-07": {
            "month": "2013-07",
            "price": "53.09",
            "revenue": 1916862
        },
        "2013-08": {
            "month": "2013-08",
            "price": "49.88",
            "revenue": 1971451
        },
        "2013-09": {
            "month": "2013-09",
            "price": "53.62",
            "revenue": 1865617
        },
        "2013-10": {
            "month": "2013-10",
            "price": "54.37",
            "revenue": 1982450
        },
        "2013-11": {
            "month": "2013-11",
            "price": "47.50",
            "revenue": 2075231
        },
        "2013-12": {
            "month": "2013-12",
            "price": "53.74",
            "revenue": 2046946
        },
        "2014-01": {
            "month": "2014-01",
            "price": "63.87",
            "revenue": 1888728
        },
        "2014-02": {
            "month": "2014-02",
            "price": "68.45",
            "revenue": 1982299
        },
        "2014-03": {
            "month": "2014-03",
            "price": "74.37",
            "revenue": 2369714
        },
        "2014-04": {
            "month": "2014-04",
            "price": "71.04",
            "revenue": 2510087
        },
        "2014-05": {
            "month": "2014-05",
            "price": "67.11",
            "revenue": 2795904
        },
        "2014-06": {
            "month": "2014-06",
            "price": "70.68",
            "revenue": 2820358
        },
        "2014-07": {
            "month": "2014-07",
            "price": "74.15",
            "revenue": 2785724
        },
        "2014-08": {
            "month": "2014-08",
            "price": "66.54",
            "revenue": 2574800
        },
        "2014-09": {
            "month": "2014-09",
            "price": "57.34",
            "revenue": 2268589
        },
        "2014-10": {
            "month": "2014-10",
            "price": "54.48",
            "revenue": 1917430
        },
        "2014-11": {
            "month": "2014-11",
            "price": "55.48",
            "revenue": 1770922
        },
        "2014-12": {
            "month": "2014-12",
            "price": "61.35",
            "revenue": 2028601
        },
        "2015-01": {
            "month": "2015-01",
            "price": "60.10",
            "revenue": 2416080
        },
        "2015-02": {
            "month": "2015-02",
            "price": "58.05",
            "revenue": 1864268
        },
        "2015-03": {
            "month": "2015-03",
            "price": "56.16",
            "revenue": 2365227
        },
        "2015-04": {
            "month": "2015-04",
            "price": "46.10",
            "revenue": 2582499
        },
        "2015-05": {
            "month": "2015-05",
            "price": "46.94",
            "revenue": 2269839
        },
        "2015-06": {
            "month": "2015-06",
            "price": "42.45",
            "revenue": 1917540
        },
        "2015-07": {
            "month": "2015-07",
            "price": "34.51",
            "revenue": 2110660
        },
        "2015-08": {
            "month": "2015-08",
            "price": "26.11",
            "revenue": 1919645
        },
        "2015-09": {
            "month": "2015-09",
            "price": "27.98",
            "revenue": 2146996
        },
        "2015-10": {
            "month": "2015-10",
            "price": "27.54",
            "revenue": 1946865
        },
        "2015-11": {
            "month": "2015-11",
            "price": "26.01",
            "revenue": 1812868
        },
        "2015-12": {
            "month": "2015-12",
            "price": "23.67",
            "revenue": 2159540
        },
        "2016-01": {
            "month": "2016-01",
            "price": "27.13",
            "revenue": 2180784
        },
        "2016-02": {
            "month": "2016-02",
            "price": "26.20",
            "revenue": 1644320
        },
        "2016-03": {
            "month": "2016-03",
            "price": "24.84",
            "revenue": 2232507
        },
        "2016-04": {
            "month": "2016-04",
            "price": "22.38",
            "revenue": 2291571
        },
        "2016-05": {
            "month": "2016-05",
            "price": "19.00",
            "revenue": 2156711
        },
        "2016-06": {
            "month": "2016-06",
            "price": "20.08",
            "revenue": 2106796
        },
        "2016-07": {
            "month": "2016-07",
            "price": "23.50",
            "revenue": 2180981
        },
        "2016-08": {
            "month": "2016-08",
            "price": "22.91",
            "revenue": 2215858
        },
        "2016-09": {
            "month": "2016-09",
            "price": "24.24",
            "revenue": 2195538
        },
        "2016-10": {
            "month": "2016-10",
            "price": "22.31",
            "revenue": 2132287
        },
        "2016-11": {
            "month": "2016-11",
            "price": "22.36",
            "revenue": 2135668
        },
        "2016-12": {
            "month": "2016-12",
            "price": "23.57",
            "revenue": 2066144
        },
        "2017-01": {
            "month": "2017-01",
            "price": "23.80",
            "revenue": 1682134
        },
        "2017-02": {
            "month": "2017-02",
            "price": "25.78",
            "revenue": 1821695
        },
        "2017-03": {
            "month": "2017-03",
            "price": "29.65",
            "revenue": 2230735
        },
        "2017-04": {
            "month": "2017-04",
            "price": "29.78",
            "revenue": 2188278
        },
        "2017-05": {
            "month": "2017-05",
            "price": "31.66",
            "revenue": 2214198
        },
        "2017-06": {
            "month": "2017-06",
            "price": "29.58",
            "revenue": 2238393
        },
        "2017-07": {
            "month": "2017-07",
            "price": "28.62",
            "revenue": 2249128
        },
        "2017-08": {
            "month": "2017-08",
            "price": "30.22",
            "revenue": 2332434
        },
        "2017-09": {
            "month": "2017-09",
            "price": "37.20",
            "revenue": 2475803
        },
        "2017-10": {
            "month": "2017-10",
            "price": "44.31",
            "revenue": 2070048
        },
        "2017-11": {
            "month": "2017-11",
            "price": "58.03",
            "revenue": 1815249
        },
        "2017-12": {
            "month": "2017-12",
            "price": "48.05",
            "revenue": 2052045
        },
        "2018-01": {
            "month": "2018-01",
            "price": "51.31",
            "revenue": 1875842
        },
        "2018-02": {
            "month": "2018-02",
            "price": "50.31",
            "revenue": 1496118
        },
        "2018-03": {
            "month": "2018-03",
            "price": "46.93",
            "revenue": 1775900
        },
        "2018-04": {
            "month": "2018-04",
            "price": "38.90",
            "revenue": 1665243
        },
        "2018-05": {
            "month": "2018-05",
            "price": "37.73",
            "revenue": 1814110
        },
        "2018-06": {
            "month": "2018-06",
            "price": "41.88",
            "revenue": 1815523
        },
        "2018-07": {
            "month": "2018-07",
            "price": "37.47",
            "revenue": 1813737
        },
        "2018-08": {
            "month": "2018-08",
            "price": "34.75",
            "revenue": 1903951
        },
        "2018-09": {
            "month": "2018-09",
            "price": "33.09",
            "revenue": 1929908
        },
        "2018-10": {
            "month": "2018-10",
            "price": "31.48",
            "revenue": 1689401
        },
        "2018-11": {
            "month": "2018-11",
            "price": "25.28",
            "revenue": 1357146
        },
        "2018-12": {
            "month": "2018-12",
            "price": "26.94",
            "revenue": 1189816
        },
        "2019-01": {
            "month": "2019-01",
            "price": "25.15",
            "revenue": 1267945
        },
        "2019-02": {
            "month": "2019-02",
            "price": "27.07",
            "revenue": 1060852
        },
        "2019-03": {
            "month": "2019-03",
            "price": "25.51",
            "revenue": 1424656
        },
        "2019-04": {
            "month": "2019-04",
            "price": "27.67",
            "revenue": 1516703
        },
        "2019-05": {
            "month": "2019-05",
            "price": "24.29",
            "revenue": 1289169
        },
        "2019-06": {
            "month": "2019-06",
            "price": "24.20",
            "revenue": 1221561
        },
        "2019-07": {
            "month": "2019-07",
            "price": "24.95",
            "revenue": 1396313
        },
        "2019-08": {
            "month": "2019-08",
            "price": "22.57",
            "revenue": 1431469
        },
        "2019-09": {
            "month": "2019-09",
            "price": "24.05",
            "revenue": 1344683
        },
        "2019-10": {
            "month": "2019-10",
            "price": "26.53",
            "revenue": 1367166
        },
        "2019-11": {
            "month": "2019-11",
            "price": "31.30",
            "revenue": 1288336
        },
        "2019-12": {
            "month": "2019-12",
            "price": "32.59",
            "revenue": 1350895
        },
        "2020-01": {
            "month": "2020-01",
            "price": "33.25",
            "revenue": 970179
        },
        "2020-02": {
            "month": "2020-02",
            "price": "32.44",
            "revenue": 1056317
        },
        "2020-03": {
            "month": "2020-03",
            "price": "28.42",
            "revenue": 1361232
        },
        "2020-04": {
            "month": "2020-04",
            "price": "33.00",
            "revenue": 1111889
        },
        "2020-05": {
            "month": "2020-05",
            "price": "37.62",
            "revenue": 1008083
        },
        "2020-06": {
            "month": "2020-06",
            "price": "36.96",
            "revenue": 1021560
        },
        "2020-07": {
            "month": "2020-07",
            "price": "39.72",
            "revenue": 1128869
        },
        "2020-08": {
            "month": "2020-08",
            "price": "41.65",
            "revenue": 1304233
        },
        "2020-09": {
            "month": "2020-09",
            "price": "39.07",
            "revenue": 1399992
        },
        "2020-10": {
            "month": "2020-10",
            "price": "35.27",
            "revenue": 1397327
        },
        "2020-11": {
            "month": "2020-11",
            "price": "36.32",
            "revenue": 1416990
        },
        "2020-12": {
            "month": "2020-12",
            "price": "41.48",
            "revenue": 1467727
        }
    }
}
