{
    "summary": {
        "stock_name": "京元電子",
        "stock_id": "2449",
        "category": "半導體",
        "main_business": "各種積體電路之設計.製造.測試.配件.加工.包裝.買賣業務<br>各種奔應機及其零配件之製造.加工.買賣業務<br>前各項產品之進出口貿易業務",
        "website_url": "http://www.kyec.com.tw",
        "ceo": "劉安炫",
        "pe_ratio": 9,
        "report_year_from": 2001,
        "report_year_to": 2023,
        "age": 22,
        "eps_negative_percentage": 13,
        "eps_growth_avg": {
            "last_all": 6.13,
            "last_2y": 31.26,
            "last_4y": 28.27,
            "last_8y": 19.75,
            "last_12y": 18.48,
            "last_16y": 4.11,
            "last_20y": 6.13,
            "at_2006_last_3y": 36.06,
            "at_2007_last_3y": 17.15,
            "at_2008_last_3y": -27.88,
            "at_2009_last_3y": -39.03,
            "at_2010_last_3y": -73.23,
            "at_2011_last_3y": -84.58,
            "at_2012_last_3y": -24.54,
            "at_2013_last_3y": 14.69,
            "at_2014_last_3y": 21.15,
            "at_2015_last_3y": 37,
            "at_2016_last_3y": 20.16,
            "at_2017_last_3y": 9.09,
            "at_2018_last_3y": -6.49,
            "at_2019_last_3y": 13.41,
            "at_2020_last_3y": 10.17,
            "at_2021_last_3y": 27.3,
            "at_2022_last_3y": 40.79,
            "at_2023_last_3y": 40.79,
            "at_2006_last_all": 36.06,
            "at_2007_last_all": 17.15,
            "at_2008_last_all": -2.3,
            "at_2009_last_all": -18.59,
            "at_2010_last_all": -18.59,
            "at_2011_last_all": -26.45,
            "at_2012_last_all": -10.64,
            "at_2013_last_all": -7.49,
            "at_2014_last_all": -2.69,
            "at_2015_last_all": -3.38,
            "at_2016_last_all": -0.38,
            "at_2017_last_all": -2.39,
            "at_2018_last_all": -3.78,
            "at_2019_last_all": 1.1,
            "at_2020_last_all": 2.26,
            "at_2021_last_all": 4.6,
            "at_2022_last_all": 6.13,
            "at_2023_last_all": 6.13
        },
        "latest_eps": 5.07,
        "latest_price": 46.85,
        "latest_roe": 16.81,
        "latest_gross_margin": 32.7,
        "latest_equity": 38946158,
        "latest_revenue": 7764452,
        "latest_gross_profit": 2538899,
        "latest_net_income": 1222733,
        "latest_debt_ratio": 47.15,
        "latest_current_ratio": 221.34,
        "latest_account_receivable_turnover_ratio": 1.14,
        "latest_inventory_turnover_ratio": 3.94,
        "latest_reinvestment_rate": 69.67,
        "latest_research_to_sale_ratio": 3.74
    },
    "eps_dividends": {
        "1998": {
            "cash": 0,
            "stock": 2,
            "eps": 0
        },
        "1999": {
            "cash": 0,
            "stock": 3,
            "eps": 0
        },
        "2000": {
            "cash": 0,
            "stock": 5,
            "eps": 0
        },
        "2001": {
            "cash": 0,
            "stock": 6,
            "eps": -1.81
        },
        "2002": {
            "cash": 0,
            "stock": 0,
            "eps": -0.7
        },
        "2003": {
            "cash": 0,
            "stock": 0,
            "eps": 1.42
        },
        "2004": {
            "cash": 0,
            "stock": 1,
            "eps": 3.88
        },
        "2005": {
            "cash": 1,
            "stock": 2,
            "eps": 1.73
        },
        "2006": {
            "cash": 1,
            "stock": 1,
            "eps": 2.83
        },
        "2007": {
            "cash": 1,
            "stock": 1,
            "eps": 1.71
        },
        "2008": {
            "cash": 1,
            "stock": 1,
            "eps": 0.34
        },
        "2009": {
            "cash": 0,
            "stock": 0,
            "eps": -0.84
        },
        "2010": {
            "cash": 0,
            "stock": 0,
            "eps": 1.44
        },
        "2011": {
            "cash": 2,
            "stock": 0,
            "eps": 0.38
        },
        "2012": {
            "cash": 0,
            "stock": 0,
            "eps": 1.3
        },
        "2013": {
            "cash": 1,
            "stock": 0,
            "eps": 1.53
        },
        "2014": {
            "cash": 1,
            "stock": 0,
            "eps": 2.15
        },
        "2015": {
            "cash": 2,
            "stock": 0,
            "eps": 1.93
        },
        "2016": {
            "cash": 1,
            "stock": 0,
            "eps": 2.56
        },
        "2017": {
            "cash": 2,
            "stock": 0,
            "eps": 1.88
        },
        "2018": {
            "cash": 2,
            "stock": 0,
            "eps": 1.47
        },
        "2019": {
            "cash": 1,
            "stock": 0,
            "eps": 2.49
        },
        "2020": {
            "cash": 2,
            "stock": 0,
            "eps": 2.98
        },
        "2021": {
            "cash": 2,
            "stock": 0,
            "eps": 4.23
        },
        "2022": {
            "cash": 3,
            "stock": 0,
            "eps": 5.59
        },
        "2023": {
            "cash": 4,
            "stock": 0,
            "eps": 0.97
        }
    },
    "dividends": {
        "1998-04-30": {
            "cash": 0,
            "stock": 1.6
        },
        "1999-04-20": {
            "cash": 0,
            "stock": 2.5
        },
        "2000-04-10": {
            "cash": 0,
            "stock": 5
        },
        "2001-03-12": {
            "cash": 0,
            "stock": 6
        },
        "2004-03-17": {
            "cash": 0.18,
            "stock": 0.72
        },
        "2005-06-13": {
            "cash": 1,
            "stock": 1.5
        },
        "2006-06-12": {
            "cash": 0.71,
            "stock": 0.71
        },
        "2007-06-13": {
            "cash": 1.1,
            "stock": 1
        },
        "2008-03-21": {
            "cash": 0.6,
            "stock": 0.5
        },
        "2009-03-20": {
            "cash": 0.1,
            "stock": 0.03
        },
        "2011-01-01": {
            "cash": 0.67,
            "stock": 0
        },
        "2011-03-24": {
            "cash": 1.1,
            "stock": 0
        },
        "2013-03-14": {
            "cash": 1.1,
            "stock": 0
        },
        "2014-06-12": {
            "cash": 1.3,
            "stock": 0
        },
        "2015-08-14": {
            "cash": 1.8,
            "stock": 0
        },
        "2016-09-08": {
            "cash": 1.2,
            "stock": 0
        },
        "2017-08-03": {
            "cash": 1.8,
            "stock": 0
        },
        "2018-08-17": {
            "cash": 1.8,
            "stock": 0
        },
        "2019-08-16": {
            "cash": 1.35,
            "stock": 0
        },
        "2020-08-12": {
            "cash": 1.8,
            "stock": 0
        },
        "2021-09-15": {
            "cash": 2,
            "stock": 0
        },
        "2022-08-19": {
            "cash": 3,
            "stock": 0
        },
        "2023-03-02": {
            "cash": 3.5,
            "stock": 0
        }
    },
    "prices": {
        "200101": "無",
        "200102": "無",
        "200103": "無",
        "200104": "無",
        "200105": "43.62",
        "200106": "25.70",
        "200107": "16.01",
        "200108": "13.20",
        "200109": "10.01",
        "200110": "7.84",
        "200111": "8.54",
        "200112": "12.99",
        "200201": "21.01",
        "200202": "22.68",
        "200203": "25.79",
        "200204": "31.23",
        "200205": "23.75",
        "200206": "18.60",
        "200207": "17.24",
        "200208": "19.40",
        "200209": "19.44",
        "200210": "15.38",
        "200211": "15.88",
        "200212": "16.75",
        "200301": "16.19",
        "200302": "15.11",
        "200303": "13.20",
        "200304": "13.20",
        "200305": "12.83",
        "200306": "16.80",
        "200307": "18.65",
        "200308": "21.04",
        "200309": "23.70",
        "200310": "27.60",
        "200311": "33.46",
        "200312": "33.58",
        "200401": "38.65",
        "200402": "40.24",
        "200403": "43.83",
        "200404": "45.70",
        "200405": "33.60",
        "200406": "28.49",
        "200407": "26.90",
        "200408": "29.04",
        "200409": "27.07",
        "200410": "24.02",
        "200411": "23.03",
        "200412": "21.95",
        "200501": "18.97",
        "200502": "21.35",
        "200503": "23.58",
        "200504": "22.95",
        "200505": "25.64",
        "200506": "28.72",
        "200507": "28.24",
        "200508": "26.71",
        "200509": "23.57",
        "200510": "22.50",
        "200511": "23.20",
        "200512": "30.50",
        "200601": "31.74",
        "200602": "28.89",
        "200603": "30.21",
        "200604": "34.94",
        "200605": "33.83",
        "200606": "28.02",
        "200607": "25.22",
        "200608": "23.95",
        "200609": "24.61",
        "200610": "24.24",
        "200611": "25.09",
        "200612": "26.59",
        "200701": "26.87",
        "200702": "25.45",
        "200703": "27.37",
        "200704": "26.99",
        "200705": "26.75",
        "200706": "28.29",
        "200707": "27.52",
        "200708": "21.14",
        "200709": "20.91",
        "200710": "21.17",
        "200711": "18.89",
        "200712": "15.65",
        "200801": "14.58",
        "200802": "14.45",
        "200803": "15.10",
        "200804": "16.62",
        "200805": "17.15",
        "200806": "14.77",
        "200807": "14.00",
        "200808": "13.90",
        "200809": "11.58",
        "200810": "9.20",
        "200811": "7.36",
        "200812": "7.01",
        "200901": "6.79",
        "200902": "6.97",
        "200903": "9.08",
        "200904": "10.57",
        "200905": "11.20",
        "200906": "10.66",
        "200907": "11.47",
        "200908": "12.09",
        "200909": "12.28",
        "200910": "13.00",
        "200911": "13.18",
        "200912": "14.38",
        "201001": "15.69",
        "201002": "14.38",
        "201003": "15.22",
        "201004": "15.52",
        "201005": "13.54",
        "201006": "13.70",
        "201007": "14.52",
        "201008": "14.21",
        "201009": "13.77",
        "201010": "13.73",
        "201011": "14.00",
        "201012": "15.07",
        "201101": "17.88",
        "201102": "17.79",
        "201103": "16.57",
        "201104": "16.16",
        "201105": "15.76",
        "201106": "15.83",
        "201107": "13.60",
        "201108": "11.24",
        "201109": "11.01",
        "201110": "11.44",
        "201111": "11.18",
        "201112": "9.68",
        "201201": "10.21",
        "201202": "12.81",
        "201203": "11.79",
        "201204": "11.86",
        "201205": "12.85",
        "201206": "13.65",
        "201207": "13.99",
        "201208": "14.71",
        "201209": "16.15",
        "201210": "16.02",
        "201211": "15.78",
        "201212": "17.65",
        "201301": "18.16",
        "201302": "18.69",
        "201303": "20.26",
        "201304": "20.26",
        "201305": "22.45",
        "201306": "21.87",
        "201307": "21.67",
        "201308": "21.15",
        "201309": "21.47",
        "201310": "19.57",
        "201311": "19.28",
        "201312": "19.12",
        "201401": "20.97",
        "201402": "21.85",
        "201403": "25.20",
        "201404": "24.45",
        "201405": "24.82",
        "201406": "27.26",
        "201407": "27.42",
        "201408": "26.21",
        "201409": "26.23",
        "201410": "24.67",
        "201411": "24.32",
        "201412": "25.42",
        "201501": "26.60",
        "201502": "26.73",
        "201503": "29.02",
        "201504": "27.87",
        "201505": "27.15",
        "201506": "27.40",
        "201507": "23.73",
        "201508": "20.35",
        "201509": "21.27",
        "201510": "21.65",
        "201511": "20.65",
        "201512": "21.09",
        "201601": "20.98",
        "201602": "23.86",
        "201603": "27.31",
        "201604": "27.43",
        "201605": "28.21",
        "201606": "29.29",
        "201607": "28.39",
        "201608": "30.02",
        "201609": "28.41",
        "201610": "28.20",
        "201611": "26.88",
        "201612": "26.09",
        "201701": "26.66",
        "201702": "28.85",
        "201703": "27.72",
        "201704": "27.22",
        "201705": "29.31",
        "201706": "30.60",
        "201707": "29.53",
        "201708": "29.57",
        "201709": "30.09",
        "201710": "31.75",
        "201711": "31.22",
        "201712": "29.46",
        "201801": "30.76",
        "201802": "30.53",
        "201803": "31.24",
        "201804": "30.17",
        "201805": "28.28",
        "201806": "28.44",
        "201807": "27.15",
        "201808": "23.10",
        "201809": "20.66",
        "201810": "19.27",
        "201811": "19.90",
        "201812": "22.41",
        "201901": "22.37",
        "201902": "24.09",
        "201903": "25.40",
        "201904": "28.31",
        "201905": "27.45",
        "201906": "26.11",
        "201907": "30.79",
        "201908": "32.98",
        "201909": "34.93",
        "201910": "36.13",
        "201911": "37.69",
        "201912": "37.79",
        "202001": "36.35",
        "202002": "34.44",
        "202003": "31.64",
        "202004": "34.16",
        "202005": "33.58",
        "202006": "32.48",
        "202007": "36.00",
        "202008": "33.76",
        "202009": "30.81",
        "202010": "30.55",
        "202011": "32.58",
        "202012": "34.92",
        "202101": "37.25",
        "202102": "38.99",
        "202103": "40.27",
        "202104": "44.51",
        "202105": "43.50",
        "202106": "42.49",
        "202107": "45.15",
        "202108": "45.82",
        "202109": "43.58",
        "202110": "38.94",
        "202111": "42.22",
        "202112": "44.12",
        "202201": "45.30",
        "202202": "43.80",
        "202203": "42.82",
        "202204": "40.85",
        "202205": "43.36",
        "202206": "44.23",
        "202207": "38.12",
        "202208": "38.03",
        "202209": "34.55",
        "202210": "31.43",
        "202211": "34.62",
        "202212": "36.28",
        "202301": "37.18",
        "202302": "40.36",
        "202303": "47.72",
        "202304": "46.97",
        "202305": "46.07"
    },
    "quarters": {
        "20011": {
            "year_quarter": 20011,
            "year": 2001,
            "quarter": 1,
            "eps": 0.64,
            "eps_growth_year": -7.25,
            "eps_4q": 3.13,
            "eps_4q_growth_year": null,
            "roe": 3.01,
            "roe_4q": 3.01,
            "gross_profit": 325824,
            "gross_margin": 24.49,
            "gross_margin_4q_avg": 24.49,
            "net_income": 280855,
            "revenue": 1330382,
            "common_shares": 2632254,
            "book_valuer_per_share": 35.91,
            "book_valuer_per_share_4q_avg": 35.91,
            "equity": 9453205,
            "current_ratio": 46.31,
            "debt_ratio": 47.91,
            "inventory_turnover_ratio": 11.6,
            "account_receivable_turnover_ratio": null,
            "reinvestment_rate": null,
            "research_to_sale_ratio": null,
            "price_fair": 0,
            "eps_avg_yearly": 0,
            "eps_latest_yearly": 0,
            "eps_growth_yearly": 0
        },
        "20012": {
            "year_quarter": 20012,
            "year": 2001,
            "quarter": 2,
            "eps": -0.21,
            "eps_growth_year": -119.09,
            "eps_4q": 2.42,
            "eps_4q_growth_year": null,
            "roe": -0.99,
            "roe_4q": 2.0199999999999996,
            "gross_profit": -71105,
            "gross_margin": -7.73,
            "gross_margin_4q_avg": 8.38,
            "net_income": -93144,
            "revenue": 919362,
            "common_shares": 4366722,
            "book_valuer_per_share": 21.44,
            "book_valuer_per_share_4q_avg": 28.68,
            "equity": 9360305,
            "current_ratio": 50.24,
            "debt_ratio": 51.07,
            "inventory_turnover_ratio": 11.39,
            "account_receivable_turnover_ratio": null,
            "reinvestment_rate": null,
            "research_to_sale_ratio": null,
            "price_fair": 0,
            "eps_avg_yearly": 0,
            "eps_latest_yearly": 0,
            "eps_growth_yearly": 0
        },
        "20013": {
            "year_quarter": 20013,
            "year": 2001,
            "quarter": 3,
            "eps": -1.32,
            "eps_growth_year": -191.67,
            "eps_4q": 0.24,
            "eps_4q_growth_year": null,
            "roe": -6.35,
            "roe_4q": -4.33,
            "gross_profit": -280255,
            "gross_margin": -36.89,
            "gross_margin_4q_avg": -6.71,
            "net_income": -576300,
            "revenue": 759636,
            "common_shares": 4366722,
            "book_valuer_per_share": 20.12,
            "book_valuer_per_share_4q_avg": 25.82,
            "equity": 8784023,
            "current_ratio": 27.33,
            "debt_ratio": 53.82,
            "inventory_turnover_ratio": 14.09,
            "account_receivable_turnover_ratio": null,
            "reinvestment_rate": null,
            "research_to_sale_ratio": null,
            "price_fair": 0,
            "eps_avg_yearly": 0,
            "eps_latest_yearly": 0,
            "eps_growth_yearly": 0
        },
        "20014": {
            "year_quarter": 20014,
            "year": 2001,
            "quarter": 4,
            "eps": -0.92,
            "eps_growth_year": -143.4,
            "eps_4q": -1.81,
            "eps_4q_growth_year": -135.6,
            "roe": -4.7,
            "roe_4q": -9.030000000000001,
            "gross_profit": -226868,
            "gross_margin": -26.14,
            "gross_margin_4q_avg": -11.57,
            "net_income": -403062,
            "revenue": 867918,
            "common_shares": 4366722,
            "book_valuer_per_share": 19.19,
            "book_valuer_per_share_4q_avg": 24.17,
            "equity": 8381022,
            "current_ratio": 19.61,
            "debt_ratio": 53.48,
            "inventory_turnover_ratio": 17.22,
            "account_receivable_turnover_ratio": null,
            "reinvestment_rate": null,
            "research_to_sale_ratio": null,
            "price_fair": 0,
            "eps_avg_yearly": 0,
            "eps_latest_yearly": 0,
            "eps_growth_yearly": 0
        },
        "20021": {
            "year_quarter": 20021,
            "year": 2002,
            "quarter": 1,
            "eps": -0.68,
            "eps_growth_year": -206.25,
            "eps_4q": -3.15,
            "eps_4q_growth_year": -200.61,
            "roe": -3.59,
            "roe_4q": -15.629999999999999,
            "gross_profit": -214110,
            "gross_margin": -23.1,
            "gross_margin_4q_avg": -23.47,
            "net_income": -295501,
            "revenue": 926784,
            "common_shares": 4366722,
            "book_valuer_per_share": 18.52,
            "book_valuer_per_share_4q_avg": 19.82,
            "equity": 8085524,
            "current_ratio": 26.39,
            "debt_ratio": 52.69,
            "inventory_turnover_ratio": 20.9,
            "account_receivable_turnover_ratio": null,
            "reinvestment_rate": null,
            "research_to_sale_ratio": null,
            "price_fair": 0,
            "eps_avg_yearly": 0,
            "eps_latest_yearly": 0,
            "eps_growth_yearly": 0
        },
        "20022": {
            "year_quarter": 20022,
            "year": 2002,
            "quarter": 2,
            "eps": -0.1,
            "eps_growth_year": null,
            "eps_4q": -2.94,
            "eps_4q_growth_year": -221.43,
            "roe": -0.53,
            "roe_4q": -15.17,
            "gross_profit": 95914,
            "gross_margin": 6.76,
            "gross_margin_4q_avg": -19.84,
            "net_income": -43353,
            "revenue": 1418660,
            "common_shares": 4478797,
            "book_valuer_per_share": 18.44,
            "book_valuer_per_share_4q_avg": 19.07,
            "equity": 8260635,
            "current_ratio": 116.82,
            "debt_ratio": 56.45,
            "inventory_turnover_ratio": 27.4,
            "account_receivable_turnover_ratio": null,
            "reinvestment_rate": null,
            "research_to_sale_ratio": null,
            "price_fair": 0,
            "eps_avg_yearly": 0,
            "eps_latest_yearly": 0,
            "eps_growth_yearly": 0
        },
        "20023": {
            "year_quarter": 20023,
            "year": 2002,
            "quarter": 3,
            "eps": -0.16,
            "eps_growth_year": null,
            "eps_4q": -1.8,
            "eps_4q_growth_year": -864.03,
            "roe": -0.87,
            "roe_4q": -9.690000000000001,
            "gross_profit": 201730,
            "gross_margin": 13.49,
            "gross_margin_4q_avg": -7.25,
            "net_income": -71964,
            "revenue": 1495466,
            "common_shares": 4525912,
            "book_valuer_per_share": 18.26,
            "book_valuer_per_share_4q_avg": 18.6,
            "equity": 8265087,
            "current_ratio": 94.24,
            "debt_ratio": 57.06,
            "inventory_turnover_ratio": 28.56,
            "account_receivable_turnover_ratio": null,
            "reinvestment_rate": null,
            "research_to_sale_ratio": null,
            "price_fair": 0,
            "eps_avg_yearly": 0,
            "eps_latest_yearly": 0,
            "eps_growth_yearly": 0
        },
        "20024": {
            "year_quarter": 20024,
            "year": 2002,
            "quarter": 4,
            "eps": 0.24,
            "eps_growth_year": null,
            "eps_4q": -0.67,
            "eps_4q_growth_year": null,
            "roe": 1.21,
            "roe_4q": -3.78,
            "gross_profit": 260636,
            "gross_margin": 17.29,
            "gross_margin_4q_avg": 3.61,
            "net_income": 108183,
            "revenue": 1507087,
            "common_shares": 4528767,
            "book_valuer_per_share": 21.12,
            "book_valuer_per_share_4q_avg": 19.09,
            "equity": 9564352,
            "current_ratio": 88.95,
            "debt_ratio": 49.09,
            "inventory_turnover_ratio": 28.43,
            "account_receivable_turnover_ratio": null,
            "reinvestment_rate": null,
            "research_to_sale_ratio": null,
            "price_fair": 0,
            "eps_avg_yearly": 0,
            "eps_latest_yearly": 0,
            "eps_growth_yearly": 0
        },
        "20031": {
            "year_quarter": 20031,
            "year": 2003,
            "quarter": 1,
            "eps": 0.01,
            "eps_growth_year": null,
            "eps_4q": -0,
            "eps_4q_growth_year": null,
            "roe": 0.07,
            "roe_4q": -0.12,
            "gross_profit": 118347,
            "gross_margin": 8.32,
            "gross_margin_4q_avg": 11.47,
            "net_income": 6340,
            "revenue": 1422922,
            "common_shares": 5568716,
            "book_valuer_per_share": 17.65,
            "book_valuer_per_share_4q_avg": 18.87,
            "equity": 9827117,
            "current_ratio": 122.47,
            "debt_ratio": 48.07,
            "inventory_turnover_ratio": 31.16,
            "account_receivable_turnover_ratio": null,
            "reinvestment_rate": null,
            "research_to_sale_ratio": null,
            "price_fair": 0.12,
            "eps_avg_yearly": 0.04,
            "eps_latest_yearly": 0.04,
            "eps_growth_yearly": -383.33
        },
        "20032": {
            "year_quarter": 20032,
            "year": 2003,
            "quarter": 2,
            "eps": 0.16,
            "eps_growth_year": null,
            "eps_4q": 0.24,
            "eps_4q_growth_year": null,
            "roe": 0.85,
            "roe_4q": 1.2599999999999998,
            "gross_profit": 254377,
            "gross_margin": 16.71,
            "gross_margin_4q_avg": 13.95,
            "net_income": 83024,
            "revenue": 1522297,
            "common_shares": 5568716,
            "book_valuer_per_share": 17.57,
            "book_valuer_per_share_4q_avg": 18.65,
            "equity": 9785396,
            "current_ratio": 111.73,
            "debt_ratio": 46.58,
            "inventory_turnover_ratio": 29.19,
            "account_receivable_turnover_ratio": null,
            "reinvestment_rate": null,
            "research_to_sale_ratio": null,
            "price_fair": 11.9,
            "eps_avg_yearly": 0.34,
            "eps_latest_yearly": 0.64,
            "eps_growth_yearly": 2808.33
        },
        "20033": {
            "year_quarter": 20033,
            "year": 2003,
            "quarter": 3,
            "eps": 0.57,
            "eps_growth_year": null,
            "eps_4q": 0.94,
            "eps_4q_growth_year": null,
            "roe": 2.99,
            "roe_4q": 5.12,
            "gross_profit": 447934,
            "gross_margin": 24.92,
            "gross_margin_4q_avg": 16.81,
            "net_income": 303594,
            "revenue": 1797221,
            "common_shares": 5793034,
            "book_valuer_per_share": 18.17,
            "book_valuer_per_share_4q_avg": 18.63,
            "equity": 10527028,
            "current_ratio": 110.39,
            "debt_ratio": 44.2,
            "inventory_turnover_ratio": 29.85,
            "account_receivable_turnover_ratio": null,
            "reinvestment_rate": null,
            "research_to_sale_ratio": null,
            "price_fair": 34.53,
            "eps_avg_yearly": 0.99,
            "eps_latest_yearly": 2.28,
            "eps_growth_yearly": 2213.89
        },
        "20034": {
            "year_quarter": 20034,
            "year": 2003,
            "quarter": 4,
            "eps": 0.68,
            "eps_growth_year": 183.33,
            "eps_4q": 1.38,
            "eps_4q_growth_year": null,
            "roe": 3.21,
            "roe_4q": 7.12,
            "gross_profit": 576390,
            "gross_margin": 28.2,
            "gross_margin_4q_avg": 19.54,
            "net_income": 380601,
            "revenue": 2044248,
            "common_shares": 6879060,
            "book_valuer_per_share": 19.18,
            "book_valuer_per_share_4q_avg": 18.14,
            "equity": 13194771,
            "current_ratio": 123.67,
            "debt_ratio": 33.89,
            "inventory_turnover_ratio": 30.96,
            "account_receivable_turnover_ratio": null,
            "reinvestment_rate": 1080.73,
            "research_to_sale_ratio": null,
            "price_fair": 49.7,
            "eps_avg_yearly": 1.42,
            "eps_latest_yearly": 2.72,
            "eps_growth_yearly": 1679.71
        },
        "20041": {
            "year_quarter": 20041,
            "year": 2004,
            "quarter": 1,
            "eps": 1.07,
            "eps_growth_year": 10600,
            "eps_4q": 2.19,
            "eps_4q_growth_year": null,
            "roe": 5.37,
            "roe_4q": 12.42,
            "gross_profit": 793615,
            "gross_margin": 34.84,
            "gross_margin_4q_avg": 26.17,
            "net_income": 734145,
            "revenue": 2278035,
            "common_shares": 6999426,
            "book_valuer_per_share": 20.22,
            "book_valuer_per_share_4q_avg": 18.79,
            "equity": 14154637,
            "current_ratio": 167.65,
            "debt_ratio": 42.61,
            "inventory_turnover_ratio": 28.31,
            "account_receivable_turnover_ratio": null,
            "reinvestment_rate": 751.49,
            "research_to_sale_ratio": null,
            "price_fair": 69.72,
            "eps_avg_yearly": 1.99,
            "eps_latest_yearly": 4.28,
            "eps_growth_yearly": 1389.65
        },
        "20042": {
            "year_quarter": 20042,
            "year": 2004,
            "quarter": 2,
            "eps": 1.29,
            "eps_growth_year": 706.25,
            "eps_4q": 3.34,
            "eps_4q_growth_year": 1281.29,
            "roe": 6.19,
            "roe_4q": 17.759999999999998,
            "gross_profit": 997610,
            "gross_margin": 37.69,
            "gross_margin_4q_avg": 31.41,
            "net_income": 891228,
            "revenue": 2647068,
            "common_shares": 6999426,
            "book_valuer_per_share": 20.93,
            "book_valuer_per_share_4q_avg": 19.63,
            "equity": 14651541,
            "current_ratio": 125.18,
            "debt_ratio": 47.89,
            "inventory_turnover_ratio": 28.35,
            "account_receivable_turnover_ratio": null,
            "reinvestment_rate": 567.2,
            "research_to_sale_ratio": null,
            "price_fair": 88.2,
            "eps_avg_yearly": 2.52,
            "eps_latest_yearly": 5.16,
            "eps_growth_yearly": 1171.75
        },
        "20043": {
            "year_quarter": 20043,
            "year": 2004,
            "quarter": 3,
            "eps": 1.23,
            "eps_growth_year": 115.79,
            "eps_4q": 3.91,
            "eps_4q_growth_year": 315.29,
            "roe": 6.04,
            "roe_4q": 20.810000000000002,
            "gross_profit": 994096,
            "gross_margin": 35.14,
            "gross_margin_4q_avg": 33.97,
            "net_income": 921521,
            "revenue": 2829115,
            "common_shares": 7678392,
            "book_valuer_per_share": 20.63,
            "book_valuer_per_share_4q_avg": 20.24,
            "equity": 15843475,
            "current_ratio": 159.15,
            "debt_ratio": 46.85,
            "inventory_turnover_ratio": 28.29,
            "account_receivable_turnover_ratio": null,
            "reinvestment_rate": 351.34,
            "research_to_sale_ratio": null,
            "price_fair": 100.2,
            "eps_avg_yearly": 2.86,
            "eps_latest_yearly": 4.92,
            "eps_growth_yearly": 1001.7
        },
        "20044": {
            "year_quarter": 20044,
            "year": 2004,
            "quarter": 4,
            "eps": 0.29,
            "eps_growth_year": -57.35,
            "eps_4q": 3.73,
            "eps_4q_growth_year": 170.15,
            "roe": 1.35,
            "roe_4q": 18.950000000000003,
            "gross_profit": 299803,
            "gross_margin": 13.19,
            "gross_margin_4q_avg": 30.22,
            "net_income": 214480,
            "revenue": 2273634,
            "common_shares": 7684057,
            "book_valuer_per_share": 20.83,
            "book_valuer_per_share_4q_avg": 20.65,
            "equity": 16007666,
            "current_ratio": 138.89,
            "debt_ratio": 45.01,
            "inventory_turnover_ratio": 31.82,
            "account_receivable_turnover_ratio": null,
            "reinvestment_rate": 280.4,
            "research_to_sale_ratio": null,
            "price_fair": 92.75,
            "eps_avg_yearly": 2.65,
            "eps_latest_yearly": 1.16,
            "eps_growth_yearly": 838.28
        },
        "20051": {
            "year_quarter": 20051,
            "year": 2005,
            "quarter": 1,
            "eps": 0.02,
            "eps_growth_year": -98.13,
            "eps_4q": 3.48,
            "eps_4q_growth_year": 58.86,
            "roe": 0.07,
            "roe_4q": 13.65,
            "gross_profit": 15406,
            "gross_margin": 0.8,
            "gross_margin_4q_avg": 21.71,
            "net_income": 11731,
            "revenue": 1935771,
            "common_shares": 7691767,
            "book_valuer_per_share": 20.84,
            "book_valuer_per_share_4q_avg": 20.81,
            "equity": 16026825,
            "current_ratio": 138.82,
            "debt_ratio": 45.57,
            "inventory_turnover_ratio": 33.72,
            "account_receivable_turnover_ratio": null,
            "reinvestment_rate": 167.48,
            "research_to_sale_ratio": null,
            "price_fair": 82.76,
            "eps_avg_yearly": 2.36,
            "eps_latest_yearly": 0.08,
            "eps_growth_yearly": 703.76
        },
        "20052": {
            "year_quarter": 20052,
            "year": 2005,
            "quarter": 2,
            "eps": 0.2,
            "eps_growth_year": -84.5,
            "eps_4q": 1.53,
            "eps_4q_growth_year": -54.34,
            "roe": 1.1,
            "roe_4q": 8.56,
            "gross_profit": 245907,
            "gross_margin": 10.85,
            "gross_margin_4q_avg": 15,
            "net_income": 173074,
            "revenue": 2266752,
            "common_shares": 7812662,
            "book_valuer_per_share": 19.82,
            "book_valuer_per_share_4q_avg": 20.53,
            "equity": 15486202,
            "current_ratio": 120.32,
            "debt_ratio": 49.26,
            "inventory_turnover_ratio": 29.93,
            "account_receivable_turnover_ratio": null,
            "reinvestment_rate": 109.89,
            "research_to_sale_ratio": null,
            "price_fair": 77.28,
            "eps_avg_yearly": 2.21,
            "eps_latest_yearly": 0.8,
            "eps_growth_yearly": 993.38
        },
        "20053": {
            "year_quarter": 20053,
            "year": 2005,
            "quarter": 3,
            "eps": 0.66,
            "eps_growth_year": -46.34,
            "eps_4q": 1.11,
            "eps_4q_growth_year": -71.69,
            "roe": 3.73,
            "roe_4q": 6.25,
            "gross_profit": 670007,
            "gross_margin": 24.41,
            "gross_margin_4q_avg": 12.31,
            "net_income": 590842,
            "revenue": 2745336,
            "common_shares": 9129587,
            "book_valuer_per_share": 17.78,
            "book_valuer_per_share_4q_avg": 19.82,
            "equity": 16231330,
            "current_ratio": 131.57,
            "debt_ratio": 47.59,
            "inventory_turnover_ratio": 27.87,
            "account_receivable_turnover_ratio": null,
            "reinvestment_rate": 80.05,
            "research_to_sale_ratio": null,
            "price_fair": 78.65,
            "eps_avg_yearly": 2.25,
            "eps_latest_yearly": 2.64,
            "eps_growth_yearly": 986.71
        },
        "20054": {
            "year_quarter": 20054,
            "year": 2005,
            "quarter": 4,
            "eps": 0.85,
            "eps_growth_year": 193.1,
            "eps_4q": 1.72,
            "eps_4q_growth_year": -54,
            "roe": 4.46,
            "roe_4q": 9.36,
            "gross_profit": 995968,
            "gross_margin": 30.37,
            "gross_margin_4q_avg": 16.61,
            "net_income": 760124,
            "revenue": 3279859,
            "common_shares": 9224972,
            "book_valuer_per_share": 18.94,
            "book_valuer_per_share_4q_avg": 19.35,
            "equity": 17869160,
            "current_ratio": 137.17,
            "debt_ratio": 47.05,
            "inventory_turnover_ratio": 25.62,
            "account_receivable_turnover_ratio": null,
            "reinvestment_rate": 133.94,
            "research_to_sale_ratio": null,
            "price_fair": 82.02,
            "eps_avg_yearly": 2.34,
            "eps_latest_yearly": 3.4,
            "eps_growth_yearly": 914.08
        },
        "20061": {
            "year_quarter": 20061,
            "year": 2006,
            "quarter": 1,
            "eps": 0.82,
            "eps_growth_year": 4000,
            "eps_4q": 2.44,
            "eps_4q_growth_year": -29.93,
            "roe": 4.19,
            "roe_4q": 13.48,
            "gross_profit": 964695,
            "gross_margin": 30.51,
            "gross_margin_4q_avg": 24.04,
            "net_income": 773529,
            "revenue": 3162366,
            "common_shares": 9550249,
            "book_valuer_per_share": 19.99,
            "book_valuer_per_share_4q_avg": 19.13,
            "equity": 19090383,
            "current_ratio": 135.83,
            "debt_ratio": 43.19,
            "inventory_turnover_ratio": 21.29,
            "account_receivable_turnover_ratio": null,
            "reinvestment_rate": 126.77,
            "research_to_sale_ratio": null,
            "price_fair": 84.54,
            "eps_avg_yearly": 2.42,
            "eps_latest_yearly": 3.28,
            "eps_growth_yearly": 842.68
        },
        "20062": {
            "year_quarter": 20062,
            "year": 2006,
            "quarter": 2,
            "eps": 0.79,
            "eps_growth_year": 295,
            "eps_4q": 3.01,
            "eps_4q_growth_year": 97.45,
            "roe": 3.88,
            "roe_4q": 16.26,
            "gross_profit": 1052888,
            "gross_margin": 32.32,
            "gross_margin_4q_avg": 29.4,
            "net_income": 754771,
            "revenue": 3257715,
            "common_shares": 9867931,
            "book_valuer_per_share": 20.11,
            "book_valuer_per_share_4q_avg": 19.21,
            "equity": 19843147,
            "current_ratio": 163.78,
            "debt_ratio": 43.12,
            "inventory_turnover_ratio": 23.88,
            "account_receivable_turnover_ratio": null,
            "reinvestment_rate": 124.94,
            "research_to_sale_ratio": null,
            "price_fair": 86.4,
            "eps_avg_yearly": 2.47,
            "eps_latest_yearly": 3.16,
            "eps_growth_yearly": 781.44
        },
        "20063": {
            "year_quarter": 20063,
            "year": 2006,
            "quarter": 3,
            "eps": 0.59,
            "eps_growth_year": -10.61,
            "eps_4q": 2.76,
            "eps_4q_growth_year": 149.28,
            "roe": 3.05,
            "roe_4q": 15.580000000000002,
            "gross_profit": 936927,
            "gross_margin": 28.56,
            "gross_margin_4q_avg": 30.44,
            "net_income": 623032,
            "revenue": 3280794,
            "common_shares": 10900800,
            "book_valuer_per_share": 19.29,
            "book_valuer_per_share_4q_avg": 19.58,
            "equity": 21024919,
            "current_ratio": 187.84,
            "debt_ratio": 35.77,
            "inventory_turnover_ratio": 25.81,
            "account_receivable_turnover_ratio": null,
            "reinvestment_rate": 107.51,
            "research_to_sale_ratio": null,
            "price_fair": 86.15,
            "eps_avg_yearly": 2.46,
            "eps_latest_yearly": 2.36,
            "eps_growth_yearly": 722.6
        },
        "20064": {
            "year_quarter": 20064,
            "year": 2006,
            "quarter": 4,
            "eps": 0.63,
            "eps_growth_year": -25.88,
            "eps_4q": 2.68,
            "eps_4q_growth_year": 55.93,
            "roe": 3.06,
            "roe_4q": 14.18,
            "gross_profit": 1001562,
            "gross_margin": 29.48,
            "gross_margin_4q_avg": 30.22,
            "net_income": 661853,
            "revenue": 3397641,
            "common_shares": 10905435,
            "book_valuer_per_share": 19.72,
            "book_valuer_per_share_4q_avg": 19.78,
            "equity": 22163471,
            "current_ratio": 169.5,
            "debt_ratio": 40.07,
            "inventory_turnover_ratio": 23.92,
            "account_receivable_turnover_ratio": null,
            "reinvestment_rate": 149.45,
            "research_to_sale_ratio": null,
            "price_fair": 86.28,
            "eps_avg_yearly": 2.47,
            "eps_latest_yearly": 2.52,
            "eps_growth_yearly": 679.13
        },
        "20071": {
            "year_quarter": 20071,
            "year": 2007,
            "quarter": 1,
            "eps": 0.21,
            "eps_growth_year": -74.39,
            "eps_4q": 2.08,
            "eps_4q_growth_year": -14.69,
            "roe": 1.04,
            "roe_4q": 11.03,
            "gross_profit": 567315,
            "gross_margin": 19.25,
            "gross_margin_4q_avg": 27.4,
            "net_income": 229317,
            "revenue": 2947128,
            "common_shares": 10910790,
            "book_valuer_per_share": 19.97,
            "book_valuer_per_share_4q_avg": 19.77,
            "equity": 21784308,
            "current_ratio": 152.79,
            "debt_ratio": 35.59,
            "inventory_turnover_ratio": 22.81,
            "account_receivable_turnover_ratio": null,
            "reinvestment_rate": 114.66,
            "research_to_sale_ratio": null,
            "price_fair": 88.03,
            "eps_avg_yearly": 2.52,
            "eps_latest_yearly": 0.84,
            "eps_growth_yearly": 686.42
        },
        "20072": {
            "year_quarter": 20072,
            "year": 2007,
            "quarter": 2,
            "eps": 0.24,
            "eps_growth_year": -69.62,
            "eps_4q": 1.65,
            "eps_4q_growth_year": -45.25,
            "roe": 1.21,
            "roe_4q": 8.36,
            "gross_profit": 609928,
            "gross_margin": 19.42,
            "gross_margin_4q_avg": 24.18,
            "net_income": 257731,
            "revenue": 3140511,
            "common_shares": 10913985,
            "book_valuer_per_share": 19.01,
            "book_valuer_per_share_4q_avg": 19.5,
            "equity": 20747417,
            "current_ratio": 109.23,
            "debt_ratio": 40.57,
            "inventory_turnover_ratio": 23.95,
            "account_receivable_turnover_ratio": null,
            "reinvestment_rate": 126.62,
            "research_to_sale_ratio": null,
            "price_fair": 88.73,
            "eps_avg_yearly": 2.54,
            "eps_latest_yearly": 0.96,
            "eps_growth_yearly": 314.99
        },
        "20073": {
            "year_quarter": 20073,
            "year": 2007,
            "quarter": 3,
            "eps": 0.61,
            "eps_growth_year": 3.39,
            "eps_4q": 1.57,
            "eps_4q_growth_year": -43.21,
            "roe": 3.47,
            "roe_4q": 8.78,
            "gross_profit": 1108661,
            "gross_margin": 29.96,
            "gross_margin_4q_avg": 24.53,
            "net_income": 733245,
            "revenue": 3700172,
            "common_shares": 12146967,
            "book_valuer_per_share": 17.71,
            "book_valuer_per_share_4q_avg": 19.1,
            "equity": 21510967,
            "current_ratio": 125.61,
            "debt_ratio": 42.37,
            "inventory_turnover_ratio": 26.74,
            "account_receivable_turnover_ratio": null,
            "reinvestment_rate": 139.05,
            "research_to_sale_ratio": null,
            "price_fair": 89.08,
            "eps_avg_yearly": 2.55,
            "eps_latest_yearly": 2.44,
            "eps_growth_yearly": 289.47
        },
        "20074": {
            "year_quarter": 20074,
            "year": 2007,
            "quarter": 4,
            "eps": 0.65,
            "eps_growth_year": 3.17,
            "eps_4q": 1.67,
            "eps_4q_growth_year": -37.78,
            "roe": 3.52,
            "roe_4q": 9.239999999999998,
            "gross_profit": 1173583,
            "gross_margin": 30.94,
            "gross_margin_4q_avg": 24.89,
            "net_income": 780632,
            "revenue": 3792885,
            "common_shares": 12147067,
            "book_valuer_per_share": 18.24,
            "book_valuer_per_share_4q_avg": 18.73,
            "equity": 22850733,
            "current_ratio": 124.73,
            "debt_ratio": 44.27,
            "inventory_turnover_ratio": 21.58,
            "account_receivable_turnover_ratio": null,
            "reinvestment_rate": 164.6,
            "research_to_sale_ratio": null,
            "price_fair": 88.81,
            "eps_avg_yearly": 2.54,
            "eps_latest_yearly": 2.6,
            "eps_growth_yearly": 286.29
        },
        "20081": {
            "year_quarter": 20081,
            "year": 2008,
            "quarter": 1,
            "eps": 0.27,
            "eps_growth_year": 28.57,
            "eps_4q": 1.91,
            "eps_4q_growth_year": -7.87,
            "roe": 1.29,
            "roe_4q": 9.490000000000002,
            "gross_profit": 859175,
            "gross_margin": 22.39,
            "gross_margin_4q_avg": 25.68,
            "net_income": 295141,
            "revenue": 3837351,
            "common_shares": 12150372,
            "book_valuer_per_share": 18.36,
            "book_valuer_per_share_4q_avg": 18.33,
            "equity": 23068993,
            "current_ratio": 122.02,
            "debt_ratio": 44.27,
            "inventory_turnover_ratio": 16.07,
            "account_receivable_turnover_ratio": null,
            "reinvestment_rate": 137.55,
            "research_to_sale_ratio": null,
            "price_fair": 81.81,
            "eps_avg_yearly": 2.34,
            "eps_latest_yearly": 1.08,
            "eps_growth_yearly": 257.33
        },
        "20082": {
            "year_quarter": 20082,
            "year": 2008,
            "quarter": 2,
            "eps": 0.41,
            "eps_growth_year": 70.83,
            "eps_4q": 2.09,
            "eps_4q_growth_year": 26.7,
            "roe": 1.99,
            "roe_4q": 10.270000000000001,
            "gross_profit": 848644,
            "gross_margin": 21.25,
            "gross_margin_4q_avg": 26.14,
            "net_income": 455714,
            "revenue": 3993819,
            "common_shares": 12151542,
            "book_valuer_per_share": 18.1,
            "book_valuer_per_share_4q_avg": 18.1,
            "equity": 22753332,
            "current_ratio": 124.19,
            "debt_ratio": 46.29,
            "inventory_turnover_ratio": 13.43,
            "account_receivable_turnover_ratio": null,
            "reinvestment_rate": 125.41,
            "research_to_sale_ratio": null,
            "price_fair": 74.11,
            "eps_avg_yearly": 2.12,
            "eps_latest_yearly": 1.64,
            "eps_growth_yearly": 265.15
        },
        "20083": {
            "year_quarter": 20083,
            "year": 2008,
            "quarter": 3,
            "eps": 0.31,
            "eps_growth_year": -49.18,
            "eps_4q": 1.77,
            "eps_4q_growth_year": 13.14,
            "roe": 1.5,
            "roe_4q": 8.3,
            "gross_profit": 867615,
            "gross_margin": 21.51,
            "gross_margin_4q_avg": 24.02,
            "net_income": 345908,
            "revenue": 4034093,
            "common_shares": 12808540,
            "book_valuer_per_share": 17.56,
            "book_valuer_per_share_4q_avg": 18.07,
            "equity": 23239630,
            "current_ratio": 202.16,
            "debt_ratio": 46.19,
            "inventory_turnover_ratio": 11.39,
            "account_receivable_turnover_ratio": null,
            "reinvestment_rate": 130.53,
            "research_to_sale_ratio": null,
            "price_fair": 66.06,
            "eps_avg_yearly": 1.89,
            "eps_latest_yearly": 1.24,
            "eps_growth_yearly": 260.22
        },
        "20084": {
            "year_quarter": 20084,
            "year": 2008,
            "quarter": 4,
            "eps": -0.65,
            "eps_growth_year": -200,
            "eps_4q": 0.5,
            "eps_4q_growth_year": -70.09,
            "roe": -3.76,
            "roe_4q": 1.0200000000000002,
            "gross_profit": -142617,
            "gross_margin": -5.15,
            "gross_margin_4q_avg": 15,
            "net_income": -855251,
            "revenue": 2770641,
            "common_shares": 12808540,
            "book_valuer_per_share": 16.81,
            "book_valuer_per_share_4q_avg": 17.71,
            "equity": 22236001,
            "current_ratio": 220.37,
            "debt_ratio": 46.76,
            "inventory_turnover_ratio": 9.67,
            "account_receivable_turnover_ratio": 1.77,
            "reinvestment_rate": 134.18,
            "research_to_sale_ratio": null,
            "price_fair": 67.76,
            "eps_avg_yearly": 1.94,
            "eps_latest_yearly": 1.24,
            "eps_growth_yearly": 297.95
        },
        "20091": {
            "year_quarter": 20091,
            "year": 2009,
            "quarter": 1,
            "eps": -0.99,
            "eps_growth_year": -466.67,
            "eps_4q": -0.91,
            "eps_4q_growth_year": -147.53,
            "roe": -5.76,
            "roe_4q": -6.029999999999999,
            "gross_profit": -858617,
            "gross_margin": -48.09,
            "gross_margin_4q_avg": -2.62,
            "net_income": -1247151,
            "revenue": 1785409,
            "common_shares": 12566750,
            "book_valuer_per_share": 16.22,
            "book_valuer_per_share_4q_avg": 17.17,
            "equity": 21061648,
            "current_ratio": 204.14,
            "debt_ratio": 47.62,
            "inventory_turnover_ratio": 9.88,
            "account_receivable_turnover_ratio": 0.64,
            "reinvestment_rate": 148.73,
            "research_to_sale_ratio": null,
            "price_fair": 72.4,
            "eps_avg_yearly": 2.07,
            "eps_latest_yearly": 1.24,
            "eps_growth_yearly": 345.83
        },
        "20092": {
            "year_quarter": 20092,
            "year": 2009,
            "quarter": 2,
            "eps": -0.2,
            "eps_growth_year": -148.78,
            "eps_4q": -1.49,
            "eps_4q_growth_year": -171.23,
            "roe": -1.36,
            "roe_4q": -9.379999999999999,
            "gross_profit": 193727,
            "gross_margin": 6.23,
            "gross_margin_4q_avg": -6.38,
            "net_income": -283289,
            "revenue": 3108840,
            "common_shares": 12566750,
            "book_valuer_per_share": 15.87,
            "book_valuer_per_share_4q_avg": 16.62,
            "equity": 20576044,
            "current_ratio": 191.07,
            "debt_ratio": 47.27,
            "inventory_turnover_ratio": 12.15,
            "account_receivable_turnover_ratio": 1.07,
            "reinvestment_rate": 127.81,
            "research_to_sale_ratio": null,
            "price_fair": 75.82,
            "eps_avg_yearly": 2.17,
            "eps_latest_yearly": 1.24,
            "eps_growth_yearly": 95.51
        },
        "20093": {
            "year_quarter": 20093,
            "year": 2009,
            "quarter": 3,
            "eps": 0.16,
            "eps_growth_year": -48.39,
            "eps_4q": -1.92,
            "eps_4q_growth_year": -208.5,
            "roe": 0.83,
            "roe_4q": -10.05,
            "gross_profit": 700223,
            "gross_margin": 18.96,
            "gross_margin_4q_avg": -7.01,
            "net_income": 171910,
            "revenue": 3692775,
            "common_shares": 12597356,
            "book_valuer_per_share": 15.92,
            "book_valuer_per_share_4q_avg": 16.21,
            "equity": 20726296,
            "current_ratio": 191.53,
            "debt_ratio": 46.32,
            "inventory_turnover_ratio": 12.44,
            "account_receivable_turnover_ratio": 1.03,
            "reinvestment_rate": 100.45,
            "research_to_sale_ratio": null,
            "price_fair": 74.43,
            "eps_avg_yearly": 2.13,
            "eps_latest_yearly": 1.24,
            "eps_growth_yearly": 26.8
        },
        "20094": {
            "year_quarter": 20094,
            "year": 2009,
            "quarter": 4,
            "eps": 0.19,
            "eps_growth_year": null,
            "eps_4q": -0.83,
            "eps_4q_growth_year": -267.08,
            "roe": 0.89,
            "roe_4q": -5.4,
            "gross_profit": 769657,
            "gross_margin": 19.11,
            "gross_margin_4q_avg": -0.95,
            "net_income": 188306,
            "revenue": 4026752,
            "common_shares": 12472876,
            "book_valuer_per_share": 16.5,
            "book_valuer_per_share_4q_avg": 16.13,
            "equity": 21445856,
            "current_ratio": 205.05,
            "debt_ratio": 45.77,
            "inventory_turnover_ratio": 11.32,
            "account_receivable_turnover_ratio": 1.53,
            "reinvestment_rate": 147.26,
            "research_to_sale_ratio": null,
            "price_fair": 63.79,
            "eps_avg_yearly": 1.91,
            "eps_latest_yearly": 0.76,
            "eps_growth_yearly": 23.46
        },
        "20101": {
            "year_quarter": 20101,
            "year": 2010,
            "quarter": 1,
            "eps": 0.19,
            "eps_growth_year": null,
            "eps_4q": 0.38,
            "eps_4q_growth_year": null,
            "roe": 1.09,
            "roe_4q": 1.45,
            "gross_profit": 716921,
            "gross_margin": 17.88,
            "gross_margin_4q_avg": 15.55,
            "net_income": 233785,
            "revenue": 4009656,
            "common_shares": 12472876,
            "book_valuer_per_share": 16.73,
            "book_valuer_per_share_4q_avg": 16.26,
            "equity": 21525608,
            "current_ratio": 239.46,
            "debt_ratio": 44.28,
            "inventory_turnover_ratio": 9.15,
            "account_receivable_turnover_ratio": 0.86,
            "reinvestment_rate": 140.76,
            "research_to_sale_ratio": 2.57,
            "price_fair": 58.76,
            "eps_avg_yearly": 1.7,
            "eps_latest_yearly": 0.76,
            "eps_growth_yearly": 24.63
        },
        "20102": {
            "year_quarter": 20102,
            "year": 2010,
            "quarter": 2,
            "eps": 0.44,
            "eps_growth_year": null,
            "eps_4q": 1.03,
            "eps_4q_growth_year": null,
            "roe": 2.34,
            "roe_4q": 5.1499999999999995,
            "gross_profit": 1065815,
            "gross_margin": 23.28,
            "gross_margin_4q_avg": 19.81,
            "net_income": 510322,
            "revenue": 4577821,
            "common_shares": 12372876,
            "book_valuer_per_share": 17.2,
            "book_valuer_per_share_4q_avg": 16.59,
            "equity": 22023254,
            "current_ratio": 215.22,
            "debt_ratio": 44.81,
            "inventory_turnover_ratio": 7.82,
            "account_receivable_turnover_ratio": 1.05,
            "reinvestment_rate": 141.76,
            "research_to_sale_ratio": 2.54,
            "price_fair": 55.3,
            "eps_avg_yearly": 1.58,
            "eps_latest_yearly": 1.76,
            "eps_growth_yearly": 69.71
        },
        "20103": {
            "year_quarter": 20103,
            "year": 2010,
            "quarter": 3,
            "eps": 0.51,
            "eps_growth_year": 217.8,
            "eps_4q": 1.38,
            "eps_4q_growth_year": null,
            "roe": 2.75,
            "roe_4q": 7.069999999999999,
            "gross_profit": 1239576,
            "gross_margin": 26.05,
            "gross_margin_4q_avg": 21.58,
            "net_income": 611250,
            "revenue": 4758177,
            "common_shares": 12372876,
            "book_valuer_per_share": 17.67,
            "book_valuer_per_share_4q_avg": 17.03,
            "equity": 22462296,
            "current_ratio": 230.49,
            "debt_ratio": 43.55,
            "inventory_turnover_ratio": 6.34,
            "account_receivable_turnover_ratio": 1.03,
            "reinvestment_rate": 156.89,
            "research_to_sale_ratio": 2.7,
            "price_fair": 54.37,
            "eps_avg_yearly": 1.55,
            "eps_latest_yearly": 2.04,
            "eps_growth_yearly": 83.45
        },
        "20104": {
            "year_quarter": 20104,
            "year": 2010,
            "quarter": 4,
            "eps": 0.3,
            "eps_growth_year": 57.31,
            "eps_4q": 1.45,
            "eps_4q_growth_year": null,
            "roe": 1.9,
            "roe_4q": 8.08,
            "gross_profit": 980656,
            "gross_margin": 22.68,
            "gross_margin_4q_avg": 22.47,
            "net_income": 423549,
            "revenue": 4323895,
            "common_shares": 12450379,
            "book_valuer_per_share": 17.62,
            "book_valuer_per_share_4q_avg": 17.31,
            "equity": 22136429,
            "current_ratio": 240.74,
            "debt_ratio": 41.06,
            "inventory_turnover_ratio": 5.44,
            "account_receivable_turnover_ratio": 0.96,
            "reinvestment_rate": 34.49,
            "research_to_sale_ratio": 3.04,
            "price_fair": 50.52,
            "eps_avg_yearly": 1.44,
            "eps_latest_yearly": 1.2,
            "eps_growth_yearly": 67.47
        },
        "20111": {
            "year_quarter": 20111,
            "year": 2011,
            "quarter": 1,
            "eps": 0.15,
            "eps_growth_year": -21.05,
            "eps_4q": 1.34,
            "eps_4q_growth_year": 249.21,
            "roe": 0.92,
            "roe_4q": 7.91,
            "gross_profit": 735467,
            "gross_margin": 18.49,
            "gross_margin_4q_avg": 22.63,
            "net_income": 206300,
            "revenue": 3976656,
            "common_shares": 12730040,
            "book_valuer_per_share": 17.66,
            "book_valuer_per_share_4q_avg": 17.54,
            "equity": 22871709,
            "current_ratio": 269.83,
            "debt_ratio": 41.71,
            "inventory_turnover_ratio": 4.8,
            "account_receivable_turnover_ratio": 0.93,
            "reinvestment_rate": 2.28,
            "research_to_sale_ratio": 3.02,
            "price_fair": 49.82,
            "eps_avg_yearly": 1.42,
            "eps_latest_yearly": 0.6,
            "eps_growth_yearly": 73.02
        },
        "20112": {
            "year_quarter": 20112,
            "year": 2011,
            "quarter": 2,
            "eps": 0.06,
            "eps_growth_year": -86.42,
            "eps_4q": 0.98,
            "eps_4q_growth_year": -4.5,
            "roe": 0.37,
            "roe_4q": 5.9399999999999995,
            "gross_profit": 545558,
            "gross_margin": 14.29,
            "gross_margin_4q_avg": 20.38,
            "net_income": 82447,
            "revenue": 3817827,
            "common_shares": 12748148,
            "book_valuer_per_share": 16.57,
            "book_valuer_per_share_4q_avg": 17.38,
            "equity": 21605866,
            "current_ratio": 191.54,
            "debt_ratio": 42.31,
            "inventory_turnover_ratio": 4.35,
            "account_receivable_turnover_ratio": 0.93,
            "reinvestment_rate": -17.54,
            "research_to_sale_ratio": 3.31,
            "price_fair": 47.72,
            "eps_avg_yearly": 1.36,
            "eps_latest_yearly": 0.24,
            "eps_growth_yearly": 48.26
        },
        "20113": {
            "year_quarter": 20113,
            "year": 2011,
            "quarter": 3,
            "eps": 0.1,
            "eps_growth_year": -80.75,
            "eps_4q": 0.61,
            "eps_4q_growth_year": -55.71,
            "roe": 0.62,
            "roe_4q": 3.81,
            "gross_profit": 635154,
            "gross_margin": 15.53,
            "gross_margin_4q_avg": 17.75,
            "net_income": 132708,
            "revenue": 4088782,
            "common_shares": 12748884,
            "book_valuer_per_share": 17.08,
            "book_valuer_per_share_4q_avg": 17.23,
            "equity": 21185066,
            "current_ratio": 310.09,
            "debt_ratio": 42.45,
            "inventory_turnover_ratio": 5.96,
            "account_receivable_turnover_ratio": 1.08,
            "reinvestment_rate": -168.42,
            "research_to_sale_ratio": 3.2,
            "price_fair": 34.72,
            "eps_avg_yearly": 1.19,
            "eps_latest_yearly": 0.4,
            "eps_growth_yearly": 19.1
        },
        "20114": {
            "year_quarter": 20114,
            "year": 2011,
            "quarter": 4,
            "eps": 0.07,
            "eps_growth_year": -75.81,
            "eps_4q": 0.39,
            "eps_4q_growth_year": -73.06,
            "roe": 0.42,
            "roe_4q": 2.33,
            "gross_profit": 486586,
            "gross_margin": 14.88,
            "gross_margin_4q_avg": 15.8,
            "net_income": 88274,
            "revenue": 3270760,
            "common_shares": 12248884,
            "book_valuer_per_share": 17.26,
            "book_valuer_per_share_4q_avg": 17.14,
            "equity": 21039467,
            "current_ratio": 339.17,
            "debt_ratio": 41.2,
            "inventory_turnover_ratio": 7.5,
            "account_receivable_turnover_ratio": 0.98,
            "reinvestment_rate": -503.07,
            "research_to_sale_ratio": 3.87,
            "price_fair": 16.91,
            "eps_avg_yearly": 1,
            "eps_latest_yearly": 0.28,
            "eps_growth_yearly": 6.91
        },
        "20121": {
            "year_quarter": 20121,
            "year": 2012,
            "quarter": 1,
            "eps": 0.11,
            "eps_growth_year": -26.67,
            "eps_4q": 0.35,
            "eps_4q_growth_year": -73.68,
            "roe": 0.66,
            "roe_4q": 2.0700000000000003,
            "gross_profit": 551032,
            "gross_margin": 17.48,
            "gross_margin_4q_avg": 15.55,
            "net_income": 137279,
            "revenue": 3152790,
            "common_shares": 11975443,
            "book_valuer_per_share": 17.4,
            "book_valuer_per_share_4q_avg": 17.08,
            "equity": 20835580,
            "current_ratio": 298.58,
            "debt_ratio": 42.36,
            "inventory_turnover_ratio": 6.69,
            "account_receivable_turnover_ratio": 1.03,
            "reinvestment_rate": -631.4,
            "research_to_sale_ratio": 3.6,
            "price_fair": 33.13,
            "eps_avg_yearly": 0.95,
            "eps_latest_yearly": 0.44,
            "eps_growth_yearly": 45.44
        },
        "20122": {
            "year_quarter": 20122,
            "year": 2012,
            "quarter": 2,
            "eps": 0.34,
            "eps_growth_year": 471.66,
            "eps_4q": 0.64,
            "eps_4q_growth_year": -34.74,
            "roe": 1.96,
            "roe_4q": 3.66,
            "gross_profit": 928143,
            "gross_margin": 25.74,
            "gross_margin_4q_avg": 18.41,
            "net_income": 402526,
            "revenue": 3606342,
            "common_shares": 11702419,
            "book_valuer_per_share": 17.22,
            "book_valuer_per_share_4q_avg": 17.24,
            "equity": 20151925,
            "current_ratio": 268.88,
            "debt_ratio": 43.2,
            "inventory_turnover_ratio": 6.64,
            "account_receivable_turnover_ratio": 1.12,
            "reinvestment_rate": -697.31,
            "research_to_sale_ratio": 3.51,
            "price_fair": 32.32,
            "eps_avg_yearly": 0.92,
            "eps_latest_yearly": 1.36,
            "eps_growth_yearly": 97.86
        },
        "20123": {
            "year_quarter": 20123,
            "year": 2012,
            "quarter": 3,
            "eps": 0.5,
            "eps_growth_year": 415.42,
            "eps_4q": 1.03,
            "eps_4q_growth_year": 68.86,
            "roe": 2.92,
            "roe_4q": 5.96,
            "gross_profit": 1152844,
            "gross_margin": 28.73,
            "gross_margin_4q_avg": 21.71,
            "net_income": 599318,
            "revenue": 4013073,
            "common_shares": 11871469,
            "book_valuer_per_share": 17.55,
            "book_valuer_per_share_4q_avg": 17.36,
            "equity": 20835246,
            "current_ratio": 244.89,
            "debt_ratio": 41.95,
            "inventory_turnover_ratio": 7.23,
            "account_receivable_turnover_ratio": 1.11,
            "reinvestment_rate": -555.1,
            "research_to_sale_ratio": 3.09,
            "price_fair": 34.53,
            "eps_avg_yearly": 0.99,
            "eps_latest_yearly": 2,
            "eps_growth_yearly": 121.67
        },
        "20124": {
            "year_quarter": 20124,
            "year": 2012,
            "quarter": 4,
            "eps": 0.35,
            "eps_growth_year": 383.16,
            "eps_4q": 1.31,
            "eps_4q_growth_year": 233.09,
            "roe": 1.98,
            "roe_4q": 7.5200000000000005,
            "gross_profit": 971041,
            "gross_margin": 25.89,
            "gross_margin_4q_avg": 24.46,
            "net_income": 416365,
            "revenue": 3750411,
            "common_shares": 11907519,
            "book_valuer_per_share": 17.88,
            "book_valuer_per_share_4q_avg": 17.51,
            "equity": 21290881,
            "current_ratio": 261.59,
            "debt_ratio": 41.3,
            "inventory_turnover_ratio": 8.04,
            "account_receivable_turnover_ratio": 1.08,
            "reinvestment_rate": -294.36,
            "research_to_sale_ratio": 3.15,
            "price_fair": 35.65,
            "eps_avg_yearly": 1.02,
            "eps_latest_yearly": 1.4,
            "eps_growth_yearly": 103.08
        },
        "20131": {
            "year_quarter": 20131,
            "year": 2013,
            "quarter": 1,
            "eps": 0.3,
            "eps_growth_year": 172.73,
            "eps_4q": 1.49,
            "eps_4q_growth_year": 321.7,
            "roe": 1.68,
            "roe_4q": 8.54,
            "gross_profit": 829407,
            "gross_margin": 24.52,
            "gross_margin_4q_avg": 26.22,
            "net_income": 358499,
            "revenue": 3381964,
            "common_shares": 11906719,
            "book_valuer_per_share": 18,
            "book_valuer_per_share_4q_avg": 17.66,
            "equity": 21452097,
            "current_ratio": 196.01,
            "debt_ratio": 41.02,
            "inventory_turnover_ratio": 8.46,
            "account_receivable_turnover_ratio": 1.09,
            "reinvestment_rate": -143.77,
            "research_to_sale_ratio": 2.95,
            "price_fair": 36.1,
            "eps_avg_yearly": 1.03,
            "eps_latest_yearly": 1.2,
            "eps_growth_yearly": 91.64
        },
        "20132": {
            "year_quarter": 20132,
            "year": 2013,
            "quarter": 2,
            "eps": 0.48,
            "eps_growth_year": 39.73,
            "eps_4q": 1.63,
            "eps_4q_growth_year": 154.76,
            "roe": 2.7,
            "roe_4q": 9.28,
            "gross_profit": 1093540,
            "gross_margin": 28.96,
            "gross_margin_4q_avg": 27.03,
            "net_income": 570493,
            "revenue": 3775948,
            "common_shares": 11926319,
            "book_valuer_per_share": 17.43,
            "book_valuer_per_share_4q_avg": 17.72,
            "equity": 20794720,
            "current_ratio": 249.02,
            "debt_ratio": 44.28,
            "inventory_turnover_ratio": 9.13,
            "account_receivable_turnover_ratio": 1.16,
            "reinvestment_rate": -79.94,
            "research_to_sale_ratio": 3.06,
            "price_fair": 38.17,
            "eps_avg_yearly": 1.09,
            "eps_latest_yearly": 1.92,
            "eps_growth_yearly": 101.53
        },
        "20133": {
            "year_quarter": 20133,
            "year": 2013,
            "quarter": 3,
            "eps": 0.43,
            "eps_growth_year": -14.75,
            "eps_4q": 1.55,
            "eps_4q_growth_year": 50.31,
            "roe": 2.41,
            "roe_4q": 8.77,
            "gross_profit": 1081400,
            "gross_margin": 28.16,
            "gross_margin_4q_avg": 26.88,
            "net_income": 506809,
            "revenue": 3839638,
            "common_shares": 11925369,
            "book_valuer_per_share": 17.83,
            "book_valuer_per_share_4q_avg": 17.79,
            "equity": 21264918,
            "current_ratio": 298.78,
            "debt_ratio": 41.93,
            "inventory_turnover_ratio": 9.75,
            "account_receivable_turnover_ratio": 1.12,
            "reinvestment_rate": -51.53,
            "research_to_sale_ratio": 3.4,
            "price_fair": 39.55,
            "eps_avg_yearly": 1.13,
            "eps_latest_yearly": 1.72,
            "eps_growth_yearly": 92.58
        },
        "20134": {
            "year_quarter": 20134,
            "year": 2013,
            "quarter": 4,
            "eps": 0.32,
            "eps_growth_year": -8.44,
            "eps_4q": 1.52,
            "eps_4q_growth_year": 16.72,
            "roe": 1.78,
            "roe_4q": 8.57,
            "gross_profit": 1010067,
            "gross_margin": 27.32,
            "gross_margin_4q_avg": 27.24,
            "net_income": 381674,
            "revenue": 3696927,
            "common_shares": 11925369,
            "book_valuer_per_share": 18.19,
            "book_valuer_per_share_4q_avg": 17.86,
            "equity": 21693609,
            "current_ratio": 310.13,
            "debt_ratio": 41.9,
            "inventory_turnover_ratio": 10.19,
            "account_receivable_turnover_ratio": 1.07,
            "reinvestment_rate": -101.59,
            "research_to_sale_ratio": 3.58,
            "price_fair": 40.69,
            "eps_avg_yearly": 1.16,
            "eps_latest_yearly": 1.28,
            "eps_growth_yearly": 81.5
        },
        "20141": {
            "year_quarter": 20141,
            "year": 2014,
            "quarter": 1,
            "eps": 0.36,
            "eps_growth_year": 20,
            "eps_4q": 1.58,
            "eps_4q_growth_year": 6.31,
            "roe": 1.96,
            "roe_4q": 8.850000000000001,
            "gross_profit": 961813,
            "gross_margin": 27.25,
            "gross_margin_4q_avg": 27.92,
            "net_income": 431001,
            "revenue": 3529556,
            "common_shares": 11924424,
            "book_valuer_per_share": 18.6,
            "book_valuer_per_share_4q_avg": 18.01,
            "equity": 22183781,
            "current_ratio": 269.19,
            "debt_ratio": 41.44,
            "inventory_turnover_ratio": 10.49,
            "account_receivable_turnover_ratio": 1.02,
            "reinvestment_rate": -70.05,
            "research_to_sale_ratio": 3.73,
            "price_fair": 42.18,
            "eps_avg_yearly": 1.21,
            "eps_latest_yearly": 1.44,
            "eps_growth_yearly": 84.62
        },
        "20142": {
            "year_quarter": 20142,
            "year": 2014,
            "quarter": 2,
            "eps": 0.66,
            "eps_growth_year": 37.5,
            "eps_4q": 1.76,
            "eps_4q_growth_year": 8.14,
            "roe": 3.6,
            "roe_4q": 9.75,
            "gross_profit": 1307123,
            "gross_margin": 31.68,
            "gross_margin_4q_avg": 28.6,
            "net_income": 782749,
            "revenue": 4126273,
            "common_shares": 11923184,
            "book_valuer_per_share": 17.89,
            "book_valuer_per_share_4q_avg": 18.13,
            "equity": 21334453,
            "current_ratio": 181.67,
            "debt_ratio": 45.13,
            "inventory_turnover_ratio": 10.87,
            "account_receivable_turnover_ratio": 1.11,
            "reinvestment_rate": -35.73,
            "research_to_sale_ratio": 3.64,
            "price_fair": 44.1,
            "eps_avg_yearly": 1.26,
            "eps_latest_yearly": 2.64,
            "eps_growth_yearly": 72.56
        },
        "20143": {
            "year_quarter": 20143,
            "year": 2014,
            "quarter": 3,
            "eps": 0.69,
            "eps_growth_year": 60.47,
            "eps_4q": 2.02,
            "eps_4q_growth_year": 30.39,
            "roe": 3.76,
            "roe_4q": 11.1,
            "gross_profit": 1413177,
            "gross_margin": 32.16,
            "gross_margin_4q_avg": 29.6,
            "net_income": 818738,
            "revenue": 4393956,
            "common_shares": 11923184,
            "book_valuer_per_share": 18.64,
            "book_valuer_per_share_4q_avg": 18.33,
            "equity": 22232328,
            "current_ratio": 208.11,
            "debt_ratio": 42.56,
            "inventory_turnover_ratio": 10.58,
            "account_receivable_turnover_ratio": 1.06,
            "reinvestment_rate": -31.92,
            "research_to_sale_ratio": 3.7,
            "price_fair": 45.68,
            "eps_avg_yearly": 1.31,
            "eps_latest_yearly": 2.76,
            "eps_growth_yearly": 69.72
        },
        "20144": {
            "year_quarter": 20144,
            "year": 2014,
            "quarter": 4,
            "eps": 0.44,
            "eps_growth_year": 38.25,
            "eps_4q": 2.15,
            "eps_4q_growth_year": 40.9,
            "roe": 2.33,
            "roe_4q": 11.649999999999999,
            "gross_profit": 1199617,
            "gross_margin": 28.37,
            "gross_margin_4q_avg": 29.87,
            "net_income": 527243,
            "revenue": 4227984,
            "common_shares": 11923184,
            "book_valuer_per_share": 19.25,
            "book_valuer_per_share_4q_avg": 18.6,
            "equity": 22958856,
            "current_ratio": 230.3,
            "debt_ratio": 42.2,
            "inventory_turnover_ratio": 10.61,
            "account_receivable_turnover_ratio": 0.99,
            "reinvestment_rate": -9.7,
            "research_to_sale_ratio": 3.81,
            "price_fair": 46.9,
            "eps_avg_yearly": 1.34,
            "eps_latest_yearly": 1.76,
            "eps_growth_yearly": 70.96
        },
        "20151": {
            "year_quarter": 20151,
            "year": 2015,
            "quarter": 1,
            "eps": 0.5,
            "eps_growth_year": 38.89,
            "eps_4q": 2.29,
            "eps_4q_growth_year": 44.41,
            "roe": 2.58,
            "roe_4q": 12.27,
            "gross_profit": 1157575,
            "gross_margin": 28.42,
            "gross_margin_4q_avg": 30.16,
            "net_income": 599422,
            "revenue": 4073532,
            "common_shares": 11923034,
            "book_valuer_per_share": 19.7,
            "book_valuer_per_share_4q_avg": 18.87,
            "equity": 23490484,
            "current_ratio": 182.99,
            "debt_ratio": 40.36,
            "inventory_turnover_ratio": 9.74,
            "account_receivable_turnover_ratio": 1.03,
            "reinvestment_rate": 55.53,
            "research_to_sale_ratio": 4.34,
            "price_fair": 49.96,
            "eps_avg_yearly": 1.43,
            "eps_latest_yearly": 2,
            "eps_growth_yearly": 86.86
        },
        "20152": {
            "year_quarter": 20152,
            "year": 2015,
            "quarter": 2,
            "eps": 0.57,
            "eps_growth_year": -13.64,
            "eps_4q": 2.2,
            "eps_4q_growth_year": 24.92,
            "roe": 2.99,
            "roe_4q": 11.66,
            "gross_profit": 1297076,
            "gross_margin": 29.85,
            "gross_margin_4q_avg": 29.7,
            "net_income": 680032,
            "revenue": 4345477,
            "common_shares": 11922944,
            "book_valuer_per_share": 18.43,
            "book_valuer_per_share_4q_avg": 19.01,
            "equity": 21976270,
            "current_ratio": 151.64,
            "debt_ratio": 45.13,
            "inventory_turnover_ratio": 9.14,
            "account_receivable_turnover_ratio": 1.13,
            "reinvestment_rate": 55.45,
            "research_to_sale_ratio": 3.96,
            "price_fair": 54.43,
            "eps_avg_yearly": 1.56,
            "eps_latest_yearly": 2.28,
            "eps_growth_yearly": 105.36
        },
        "20153": {
            "year_quarter": 20153,
            "year": 2015,
            "quarter": 3,
            "eps": 0.46,
            "eps_growth_year": -33.33,
            "eps_4q": 2.02,
            "eps_4q_growth_year": -0.26,
            "roe": 2.45,
            "roe_4q": 10.35,
            "gross_profit": 1198597,
            "gross_margin": 27.14,
            "gross_margin_4q_avg": 28.45,
            "net_income": 540264,
            "revenue": 4416546,
            "common_shares": 11922944,
            "book_valuer_per_share": 18.96,
            "book_valuer_per_share_4q_avg": 19.09,
            "equity": 22044810,
            "current_ratio": 205.22,
            "debt_ratio": 45.07,
            "inventory_turnover_ratio": 7.88,
            "account_receivable_turnover_ratio": 1.1,
            "reinvestment_rate": 71.21,
            "research_to_sale_ratio": 3.91,
            "price_fair": 57.58,
            "eps_avg_yearly": 1.65,
            "eps_latest_yearly": 1.84,
            "eps_growth_yearly": 83.87
        },
        "20154": {
            "year_quarter": 20154,
            "year": 2015,
            "quarter": 4,
            "eps": 0.4,
            "eps_growth_year": -10.03,
            "eps_4q": 1.96,
            "eps_4q_growth_year": -8.54,
            "roe": 2.08,
            "roe_4q": 10.100000000000001,
            "gross_profit": 1140735,
            "gross_margin": 26.57,
            "gross_margin_4q_avg": 28,
            "net_income": 462555,
            "revenue": 4292981,
            "common_shares": 11622944,
            "book_valuer_per_share": 19.23,
            "book_valuer_per_share_4q_avg": 19.08,
            "equity": 22357153,
            "current_ratio": 180.61,
            "debt_ratio": 44.7,
            "inventory_turnover_ratio": 7.19,
            "account_receivable_turnover_ratio": 1.11,
            "reinvestment_rate": 90.63,
            "research_to_sale_ratio": 3.68,
            "price_fair": 60.46,
            "eps_avg_yearly": 1.73,
            "eps_latest_yearly": 1.6,
            "eps_growth_yearly": 88.11
        },
        "20161": {
            "year_quarter": 20161,
            "year": 2016,
            "quarter": 1,
            "eps": 0.52,
            "eps_growth_year": 4,
            "eps_4q": 1.97,
            "eps_4q_growth_year": -14.06,
            "roe": 2.67,
            "roe_4q": 10.190000000000001,
            "gross_profit": 1187286,
            "gross_margin": 27.24,
            "gross_margin_4q_avg": 27.7,
            "net_income": 603073,
            "revenue": 4358356,
            "common_shares": 11622944,
            "book_valuer_per_share": 19.69,
            "book_valuer_per_share_4q_avg": 19.08,
            "equity": 22891697,
            "current_ratio": 164.7,
            "debt_ratio": 45.29,
            "inventory_turnover_ratio": 7.88,
            "account_receivable_turnover_ratio": 1.16,
            "reinvestment_rate": 123.39,
            "research_to_sale_ratio": 3.91,
            "price_fair": 64.05,
            "eps_avg_yearly": 1.83,
            "eps_latest_yearly": 2.08,
            "eps_growth_yearly": 81.33
        },
        "20162": {
            "year_quarter": 20162,
            "year": 2016,
            "quarter": 2,
            "eps": 0.73,
            "eps_growth_year": 28.07,
            "eps_4q": 2.11,
            "eps_4q_growth_year": -4.17,
            "roe": 3.75,
            "roe_4q": 10.95,
            "gross_profit": 1549271,
            "gross_margin": 30.63,
            "gross_margin_4q_avg": 27.9,
            "net_income": 847094,
            "revenue": 5057393,
            "common_shares": 11622944,
            "book_valuer_per_share": 19.13,
            "book_valuer_per_share_4q_avg": 19.25,
            "equity": 22245229,
            "current_ratio": 137.04,
            "debt_ratio": 49.95,
            "inventory_turnover_ratio": 8.34,
            "account_receivable_turnover_ratio": 1.21,
            "reinvestment_rate": 132.25,
            "research_to_sale_ratio": 3.46,
            "price_fair": 67.46,
            "eps_avg_yearly": 1.93,
            "eps_latest_yearly": 2.92,
            "eps_growth_yearly": 39.15
        },
        "20163": {
            "year_quarter": 20163,
            "year": 2016,
            "quarter": 3,
            "eps": 0.75,
            "eps_growth_year": 63.04,
            "eps_4q": 2.39,
            "eps_4q_growth_year": 18.34,
            "roe": 3.86,
            "roe_4q": 12.36,
            "gross_profit": 1703837,
            "gross_margin": 31.37,
            "gross_margin_4q_avg": 28.95,
            "net_income": 877038,
            "revenue": 5431374,
            "common_shares": 11674833,
            "book_valuer_per_share": 19.83,
            "book_valuer_per_share_4q_avg": 19.47,
            "equity": 23152833,
            "current_ratio": 173.01,
            "debt_ratio": 47.63,
            "inventory_turnover_ratio": 6.61,
            "account_receivable_turnover_ratio": 1.17,
            "reinvestment_rate": 120.57,
            "research_to_sale_ratio": 3.38,
            "price_fair": 69.65,
            "eps_avg_yearly": 1.99,
            "eps_latest_yearly": 3,
            "eps_growth_yearly": 28.07
        },
        "20164": {
            "year_quarter": 20164,
            "year": 2016,
            "quarter": 4,
            "eps": 0.56,
            "eps_growth_year": 40.92,
            "eps_4q": 2.55,
            "eps_4q_growth_year": 30.08,
            "roe": 2.79,
            "roe_4q": 13.07,
            "gross_profit": 1488773,
            "gross_margin": 28.44,
            "gross_margin_4q_avg": 29.42,
            "net_income": 654572,
            "revenue": 5234560,
            "common_shares": 11674833,
            "book_valuer_per_share": 20.3,
            "book_valuer_per_share_4q_avg": 19.74,
            "equity": 23703039,
            "current_ratio": 210.95,
            "debt_ratio": 45.74,
            "inventory_turnover_ratio": 5.55,
            "account_receivable_turnover_ratio": 1.11,
            "reinvestment_rate": 114.54,
            "research_to_sale_ratio": 3.9,
            "price_fair": 71.49,
            "eps_avg_yearly": 2.04,
            "eps_latest_yearly": 2.24,
            "eps_growth_yearly": 29.24
        },
        "20171": {
            "year_quarter": 20171,
            "year": 2017,
            "quarter": 1,
            "eps": 0.48,
            "eps_growth_year": -7.69,
            "eps_4q": 2.51,
            "eps_4q_growth_year": 27.64,
            "roe": 2.34,
            "roe_4q": 12.74,
            "gross_profit": 1478382,
            "gross_margin": 30.36,
            "gross_margin_4q_avg": 30.2,
            "net_income": 560748,
            "revenue": 4868863,
            "common_shares": 11711731,
            "book_valuer_per_share": 20.62,
            "book_valuer_per_share_4q_avg": 19.97,
            "equity": 24154043,
            "current_ratio": 162.34,
            "debt_ratio": 42.02,
            "inventory_turnover_ratio": 5.74,
            "account_receivable_turnover_ratio": 1.11,
            "reinvestment_rate": 97.4,
            "research_to_sale_ratio": 3.66,
            "price_fair": 73.06,
            "eps_avg_yearly": 2.09,
            "eps_latest_yearly": 1.92,
            "eps_growth_yearly": 29.24
        },
        "20172": {
            "year_quarter": 20172,
            "year": 2017,
            "quarter": 2,
            "eps": 0.5,
            "eps_growth_year": -31.51,
            "eps_4q": 2.28,
            "eps_4q_growth_year": 8.25,
            "roe": 2.51,
            "roe_4q": 11.5,
            "gross_profit": 1521034,
            "gross_margin": 31.41,
            "gross_margin_4q_avg": 30.4,
            "net_income": 588444,
            "revenue": 4842693,
            "common_shares": 11737099,
            "book_valuer_per_share": 19.43,
            "book_valuer_per_share_4q_avg": 20.05,
            "equity": 22814194,
            "current_ratio": 140.48,
            "debt_ratio": 45.34,
            "inventory_turnover_ratio": 6.58,
            "account_receivable_turnover_ratio": 1.13,
            "reinvestment_rate": 89,
            "research_to_sale_ratio": 4.02,
            "price_fair": 52.9,
            "eps_avg_yearly": 2.09,
            "eps_latest_yearly": 2,
            "eps_growth_yearly": 15.28
        },
        "20173": {
            "year_quarter": 20173,
            "year": 2017,
            "quarter": 3,
            "eps": 0.55,
            "eps_growth_year": -26.67,
            "eps_4q": 2.04,
            "eps_4q_growth_year": -14.7,
            "roe": 2.78,
            "roe_4q": 10.419999999999998,
            "gross_profit": 1535873,
            "gross_margin": 29.69,
            "gross_margin_4q_avg": 29.98,
            "net_income": 655172,
            "revenue": 5172736,
            "common_shares": 12065427,
            "book_valuer_per_share": 20.19,
            "book_valuer_per_share_4q_avg": 20.14,
            "equity": 24368916,
            "current_ratio": 155.82,
            "debt_ratio": 41.63,
            "inventory_turnover_ratio": 7.12,
            "account_receivable_turnover_ratio": 1.13,
            "reinvestment_rate": 84.76,
            "research_to_sale_ratio": 4.44,
            "price_fair": 64.49,
            "eps_avg_yearly": 2.12,
            "eps_latest_yearly": 2.2,
            "eps_growth_yearly": 20.38
        },
        "20174": {
            "year_quarter": 20174,
            "year": 2017,
            "quarter": 4,
            "eps": 0.35,
            "eps_growth_year": -37.21,
            "eps_4q": 1.83,
            "eps_4q_growth_year": -28.31,
            "roe": 1.74,
            "roe_4q": 9.37,
            "gross_profit": 1247116,
            "gross_margin": 25.97,
            "gross_margin_4q_avg": 29.36,
            "net_income": 429716,
            "revenue": 4802619,
            "common_shares": 12202383,
            "book_valuer_per_share": 20.53,
            "book_valuer_per_share_4q_avg": 20.19,
            "equity": 25051994,
            "current_ratio": 164.18,
            "debt_ratio": 39.13,
            "inventory_turnover_ratio": 7.16,
            "account_receivable_turnover_ratio": 1.04,
            "reinvestment_rate": 74.26,
            "research_to_sale_ratio": 4.48,
            "price_fair": 58.97,
            "eps_avg_yearly": 2.13,
            "eps_latest_yearly": 1.4,
            "eps_growth_yearly": 17.69
        },
        "20181": {
            "year_quarter": 20181,
            "year": 2018,
            "quarter": 1,
            "eps": 0.29,
            "eps_growth_year": -39.58,
            "eps_4q": 1.65,
            "eps_4q_growth_year": -34.13,
            "roe": 1.37,
            "roe_4q": 8.4,
            "gross_profit": 1060445,
            "gross_margin": 23.15,
            "gross_margin_4q_avg": 27.56,
            "net_income": 348207,
            "revenue": 4580790,
            "common_shares": 12212777,
            "book_valuer_per_share": 20.98,
            "book_valuer_per_share_4q_avg": 20.28,
            "equity": 25658693,
            "current_ratio": 190.25,
            "debt_ratio": 39.45,
            "inventory_turnover_ratio": 7.07,
            "account_receivable_turnover_ratio": 1.08,
            "reinvestment_rate": 54.59,
            "research_to_sale_ratio": 4.37,
            "price_fair": 42.83,
            "eps_avg_yearly": 2.11,
            "eps_latest_yearly": 1.16,
            "eps_growth_yearly": 10.28
        },
        "20182": {
            "year_quarter": 20182,
            "year": 2018,
            "quarter": 2,
            "eps": 0.3,
            "eps_growth_year": -40,
            "eps_4q": 1.48,
            "eps_4q_growth_year": -35.36,
            "roe": 1.51,
            "roe_4q": 7.4,
            "gross_profit": 1414520,
            "gross_margin": 28.06,
            "gross_margin_4q_avg": 26.72,
            "net_income": 372413,
            "revenue": 5040267,
            "common_shares": 12227451,
            "book_valuer_per_share": 19.44,
            "book_valuer_per_share_4q_avg": 20.29,
            "equity": 23778121,
            "current_ratio": 179.11,
            "debt_ratio": 45.47,
            "inventory_turnover_ratio": 6.59,
            "account_receivable_turnover_ratio": 1.16,
            "reinvestment_rate": 49.5,
            "research_to_sale_ratio": 4.42,
            "price_fair": 6.07,
            "eps_avg_yearly": 2.02,
            "eps_latest_yearly": 1.2,
            "eps_growth_yearly": -9.69
        },
        "20183": {
            "year_quarter": 20183,
            "year": 2018,
            "quarter": 3,
            "eps": 0.53,
            "eps_growth_year": -3.64,
            "eps_4q": 1.47,
            "eps_4q_growth_year": -27.66,
            "roe": 2.71,
            "roe_4q": 7.33,
            "gross_profit": 1641550,
            "gross_margin": 29.74,
            "gross_margin_4q_avg": 26.73,
            "net_income": 652360,
            "revenue": 5520484,
            "common_shares": 12227451,
            "book_valuer_per_share": 19.87,
            "book_valuer_per_share_4q_avg": 20.21,
            "equity": 24301511,
            "current_ratio": 285.26,
            "debt_ratio": 44.43,
            "inventory_turnover_ratio": 6.4,
            "account_receivable_turnover_ratio": 1.16,
            "reinvestment_rate": 42.76,
            "research_to_sale_ratio": 4.37,
            "price_fair": 36.35,
            "eps_avg_yearly": 1.98,
            "eps_latest_yearly": 2.12,
            "eps_growth_yearly": 8.34
        },
        "20184": {
            "year_quarter": 20184,
            "year": 2018,
            "quarter": 4,
            "eps": 0.35,
            "eps_growth_year": -1.84,
            "eps_4q": 1.47,
            "eps_4q_growth_year": -19.79,
            "roe": 1.72,
            "roe_4q": 7.31,
            "gross_profit": 1247183,
            "gross_margin": 21.98,
            "gross_margin_4q_avg": 25.73,
            "net_income": 420910,
            "revenue": 5673828,
            "common_shares": 12227451,
            "book_valuer_per_share": 20.02,
            "book_valuer_per_share_4q_avg": 20.08,
            "equity": 24519852,
            "current_ratio": 233.72,
            "debt_ratio": 48,
            "inventory_turnover_ratio": 5,
            "account_receivable_turnover_ratio": 1.13,
            "reinvestment_rate": 66.44,
            "research_to_sale_ratio": 4.32,
            "price_fair": 37.05,
            "eps_avg_yearly": 1.96,
            "eps_latest_yearly": 1.4,
            "eps_growth_yearly": 8.9
        },
        "20191": {
            "year_quarter": 20191,
            "year": 2019,
            "quarter": 1,
            "eps": 0.31,
            "eps_growth_year": 6.9,
            "eps_4q": 1.49,
            "eps_4q_growth_year": -9.63,
            "roe": 1.53,
            "roe_4q": 7.47,
            "gross_profit": 1122983,
            "gross_margin": 21.35,
            "gross_margin_4q_avg": 25.28,
            "net_income": 379366,
            "revenue": 5260124,
            "common_shares": 12227451,
            "book_valuer_per_share": 20.52,
            "book_valuer_per_share_4q_avg": 19.96,
            "equity": 25094883,
            "current_ratio": 252.01,
            "debt_ratio": 47.07,
            "inventory_turnover_ratio": 3.71,
            "account_receivable_turnover_ratio": 1.07,
            "reinvestment_rate": 62.44,
            "research_to_sale_ratio": 4.18,
            "price_fair": 24.17,
            "eps_avg_yearly": 1.91,
            "eps_latest_yearly": 1.24,
            "eps_growth_yearly": 2.64
        },
        "20192": {
            "year_quarter": 20192,
            "year": 2019,
            "quarter": 2,
            "eps": 0.49,
            "eps_growth_year": 63.33,
            "eps_4q": 1.68,
            "eps_4q_growth_year": 14.07,
            "roe": 2.46,
            "roe_4q": 8.42,
            "gross_profit": 1514231,
            "gross_margin": 24.86,
            "gross_margin_4q_avg": 24.48,
            "net_income": 604902,
            "revenue": 6090962,
            "common_shares": 12227451,
            "book_valuer_per_share": 19.7,
            "book_valuer_per_share_4q_avg": 20.03,
            "equity": 24096474,
            "current_ratio": 178.45,
            "debt_ratio": 53.16,
            "inventory_turnover_ratio": 4.3,
            "account_receivable_turnover_ratio": 1.21,
            "reinvestment_rate": 79.42,
            "research_to_sale_ratio": 4.17,
            "price_fair": 44.76,
            "eps_avg_yearly": 1.89,
            "eps_latest_yearly": 1.96,
            "eps_growth_yearly": 13.65
        },
        "20193": {
            "year_quarter": 20193,
            "year": 2019,
            "quarter": 3,
            "eps": 0.86,
            "eps_growth_year": 62.26,
            "eps_4q": 2.01,
            "eps_4q_growth_year": 36.07,
            "roe": 4.24,
            "roe_4q": 9.950000000000001,
            "gross_profit": 2180404,
            "gross_margin": 30.97,
            "gross_margin_4q_avg": 24.79,
            "net_income": 1045665,
            "revenue": 7041212,
            "common_shares": 12227451,
            "book_valuer_per_share": 20.59,
            "book_valuer_per_share_4q_avg": 20.21,
            "equity": 25188797,
            "current_ratio": 208.02,
            "debt_ratio": 53.1,
            "inventory_turnover_ratio": 4.6,
            "account_receivable_turnover_ratio": 1.26,
            "reinvestment_rate": 96.7,
            "research_to_sale_ratio": 4.01,
            "price_fair": 69.74,
            "eps_avg_yearly": 1.99,
            "eps_latest_yearly": 3.44,
            "eps_growth_yearly": 37.36
        },
        "20194": {
            "year_quarter": 20194,
            "year": 2019,
            "quarter": 4,
            "eps": 0.83,
            "eps_growth_year": 139.4,
            "eps_4q": 2.49,
            "eps_4q_growth_year": 69.41,
            "roe": 3.94,
            "roe_4q": 12.17,
            "gross_profit": 2198298,
            "gross_margin": 30.76,
            "gross_margin_4q_avg": 26.99,
            "net_income": 1011551,
            "revenue": 7147139,
            "common_shares": 12227451,
            "book_valuer_per_share": 21.42,
            "book_valuer_per_share_4q_avg": 20.56,
            "equity": 26198454,
            "current_ratio": 175.81,
            "debt_ratio": 52.43,
            "inventory_turnover_ratio": 4.59,
            "account_receivable_turnover_ratio": 1.23,
            "reinvestment_rate": 83.7,
            "research_to_sale_ratio": 3.91,
            "price_fair": 73.5,
            "eps_avg_yearly": 2.1,
            "eps_latest_yearly": 3.32,
            "eps_growth_yearly": 39.74
        },
        "20201": {
            "year_quarter": 20201,
            "year": 2020,
            "quarter": 1,
            "eps": 0.73,
            "eps_growth_year": 135.48,
            "eps_4q": 2.91,
            "eps_4q_growth_year": 94.72,
            "roe": 3.38,
            "roe_4q": 14.02,
            "gross_profit": 2032715,
            "gross_margin": 29.03,
            "gross_margin_4q_avg": 28.91,
            "net_income": 894420,
            "revenue": 7001154,
            "common_shares": 12227451,
            "book_valuer_per_share": 21.89,
            "book_valuer_per_share_4q_avg": 20.9,
            "equity": 26770232,
            "current_ratio": 164.57,
            "debt_ratio": 52.96,
            "inventory_turnover_ratio": 4.2,
            "account_receivable_turnover_ratio": 1.16,
            "reinvestment_rate": 71.42,
            "research_to_sale_ratio": 3.69,
            "price_fair": 75.34,
            "eps_avg_yearly": 2.15,
            "eps_latest_yearly": 2.92,
            "eps_growth_yearly": 29.23
        },
        "20202": {
            "year_quarter": 20202,
            "year": 2020,
            "quarter": 2,
            "eps": 0.89,
            "eps_growth_year": 81.63,
            "eps_4q": 3.3,
            "eps_4q_growth_year": 96.12,
            "roe": 4.13,
            "roe_4q": 15.69,
            "gross_profit": 2350654,
            "gross_margin": 30.69,
            "gross_margin_4q_avg": 30.36,
            "net_income": 1086909,
            "revenue": 7658502,
            "common_shares": 12227451,
            "book_valuer_per_share": 21.11,
            "book_valuer_per_share_4q_avg": 21.25,
            "equity": 25824898,
            "current_ratio": 139.69,
            "debt_ratio": 54.93,
            "inventory_turnover_ratio": 4.45,
            "account_receivable_turnover_ratio": 1.22,
            "reinvestment_rate": 57.33,
            "research_to_sale_ratio": 3.74,
            "price_fair": 75.89,
            "eps_avg_yearly": 2.19,
            "eps_latest_yearly": 3.56,
            "eps_growth_yearly": 24.62
        },
        "20203": {
            "year_quarter": 20203,
            "year": 2020,
            "quarter": 3,
            "eps": 0.79,
            "eps_growth_year": -8.14,
            "eps_4q": 3.23,
            "eps_4q_growth_year": 61.27,
            "roe": 3.61,
            "roe_4q": 15.06,
            "gross_profit": 1990159,
            "gross_margin": 27.03,
            "gross_margin_4q_avg": 29.38,
            "net_income": 962331,
            "revenue": 7362590,
            "common_shares": 12227451,
            "book_valuer_per_share": 22.5,
            "book_valuer_per_share_4q_avg": 21.73,
            "equity": 27521442,
            "current_ratio": 199.47,
            "debt_ratio": 54.36,
            "inventory_turnover_ratio": 5.19,
            "account_receivable_turnover_ratio": 1.17,
            "reinvestment_rate": 65.64,
            "research_to_sale_ratio": 4.31,
            "price_fair": 68.54,
            "eps_avg_yearly": 2.2,
            "eps_latest_yearly": 3.16,
            "eps_growth_yearly": 21.12
        },
        "20204": {
            "year_quarter": 20204,
            "year": 2020,
            "quarter": 4,
            "eps": 0.57,
            "eps_growth_year": -31.47,
            "eps_4q": 2.97,
            "eps_4q_growth_year": 19.57,
            "roe": 2.44,
            "roe_4q": 13.559999999999999,
            "gross_profit": 1580460,
            "gross_margin": 22.78,
            "gross_margin_4q_avg": 27.38,
            "net_income": 693480,
            "revenue": 6937058,
            "common_shares": 12227451,
            "book_valuer_per_share": 23.98,
            "book_valuer_per_share_4q_avg": 22.37,
            "equity": 29326076,
            "current_ratio": 192.36,
            "debt_ratio": 52.17,
            "inventory_turnover_ratio": 5.48,
            "account_receivable_turnover_ratio": 1.15,
            "reinvestment_rate": 73.61,
            "research_to_sale_ratio": 4.9,
            "price_fair": 67.24,
            "eps_avg_yearly": 2.21,
            "eps_latest_yearly": 2.28,
            "eps_growth_yearly": 20.49
        },
        "20211": {
            "year_quarter": 20211,
            "year": 2021,
            "quarter": 1,
            "eps": 0.94,
            "eps_growth_year": 28.77,
            "eps_4q": 3.18,
            "eps_4q_growth_year": 9.33,
            "roe": 3.81,
            "roe_4q": 13.989999999999998,
            "gross_profit": 2218532,
            "gross_margin": 29.07,
            "gross_margin_4q_avg": 27.39,
            "net_income": 1146453,
            "revenue": 7630890,
            "common_shares": 12227451,
            "book_valuer_per_share": 25.22,
            "book_valuer_per_share_4q_avg": 23.2,
            "equity": 30845600,
            "current_ratio": 161.3,
            "debt_ratio": 52.52,
            "inventory_turnover_ratio": 5.15,
            "account_receivable_turnover_ratio": 1.23,
            "reinvestment_rate": 103.98,
            "research_to_sale_ratio": 3.64,
            "price_fair": 81.2,
            "eps_avg_yearly": 2.32,
            "eps_latest_yearly": 3.76,
            "eps_growth_yearly": 40.29
        },
        "20212": {
            "year_quarter": 20212,
            "year": 2021,
            "quarter": 2,
            "eps": 0.71,
            "eps_growth_year": -20.22,
            "eps_4q": 3,
            "eps_4q_growth_year": -9.2,
            "roe": 2.87,
            "roe_4q": 12.729999999999999,
            "gross_profit": 2037138,
            "gross_margin": 26.81,
            "gross_margin_4q_avg": 26.42,
            "net_income": 865100,
            "revenue": 7597326,
            "common_shares": 12227451,
            "book_valuer_per_share": 24.13,
            "book_valuer_per_share_4q_avg": 23.96,
            "equity": 29517001,
            "current_ratio": 154.1,
            "debt_ratio": 57.8,
            "inventory_turnover_ratio": 4.59,
            "account_receivable_turnover_ratio": 1.19,
            "reinvestment_rate": 120.02,
            "research_to_sale_ratio": 3.86,
            "price_fair": 83.04,
            "eps_avg_yearly": 2.37,
            "eps_latest_yearly": 2.84,
            "eps_growth_yearly": 33.13
        },
        "20213": {
            "year_quarter": 20213,
            "year": 2021,
            "quarter": 3,
            "eps": 1.24,
            "eps_growth_year": 56.96,
            "eps_4q": 3.46,
            "eps_4q_growth_year": 6.87,
            "roe": 4.95,
            "roe_4q": 14.07,
            "gross_profit": 2977272,
            "gross_margin": 33.09,
            "gross_margin_4q_avg": 27.94,
            "net_income": 1540019,
            "revenue": 8997022,
            "common_shares": 12227451,
            "book_valuer_per_share": 26.2,
            "book_valuer_per_share_4q_avg": 24.88,
            "equity": 32684139,
            "current_ratio": 188.56,
            "debt_ratio": 53.63,
            "inventory_turnover_ratio": 4.56,
            "account_receivable_turnover_ratio": 1.29,
            "reinvestment_rate": 115.57,
            "research_to_sale_ratio": 3.33,
            "price_fair": 89.08,
            "eps_avg_yearly": 2.55,
            "eps_latest_yearly": 4.96,
            "eps_growth_yearly": 49.3
        },
        "20214": {
            "year_quarter": 20214,
            "year": 2021,
            "quarter": 4,
            "eps": 1.34,
            "eps_growth_year": 136.76,
            "eps_4q": 4.23,
            "eps_4q_growth_year": 42.3,
            "roe": 4.98,
            "roe_4q": 16.61,
            "gross_profit": 3119125,
            "gross_margin": 32.72,
            "gross_margin_4q_avg": 30.42,
            "net_income": 1682670,
            "revenue": 9534151,
            "common_shares": 12227451,
            "book_valuer_per_share": 27.96,
            "book_valuer_per_share_4q_avg": 25.88,
            "equity": 34878168,
            "current_ratio": 169.14,
            "debt_ratio": 51.71,
            "inventory_turnover_ratio": 4.74,
            "account_receivable_turnover_ratio": 1.23,
            "reinvestment_rate": 121.71,
            "research_to_sale_ratio": 3.48,
            "price_fair": 97.74,
            "eps_avg_yearly": 2.79,
            "eps_latest_yearly": 5.36,
            "eps_growth_yearly": 60.4
        },
        "20221": {
            "year_quarter": 20221,
            "year": 2022,
            "quarter": 1,
            "eps": 1.49,
            "eps_growth_year": 58.51,
            "eps_4q": 4.78,
            "eps_4q_growth_year": 50.45,
            "roe": 5.19,
            "roe_4q": 17.990000000000002,
            "gross_profit": 3215528,
            "gross_margin": 35.79,
            "gross_margin_4q_avg": 32.1,
            "net_income": 1854857,
            "revenue": 8983837,
            "common_shares": 12227451,
            "book_valuer_per_share": 29.32,
            "book_valuer_per_share_4q_avg": 26.9,
            "equity": 36605275,
            "current_ratio": 169.45,
            "debt_ratio": 50.34,
            "inventory_turnover_ratio": 4.19,
            "account_receivable_turnover_ratio": 1.12,
            "reinvestment_rate": 125.96,
            "research_to_sale_ratio": 3.44,
            "price_fair": 108.24,
            "eps_avg_yearly": 3.09,
            "eps_latest_yearly": 5.96,
            "eps_growth_yearly": 67.49
        },
        "20222": {
            "year_quarter": 20222,
            "year": 2022,
            "quarter": 2,
            "eps": 1.65,
            "eps_growth_year": 132.39,
            "eps_4q": 5.72,
            "eps_4q_growth_year": 90.88,
            "roe": 5.85,
            "roe_4q": 20.97,
            "gross_profit": 3715855,
            "gross_margin": 37.43,
            "gross_margin_4q_avg": 34.76,
            "net_income": 2064174,
            "revenue": 9928261,
            "common_shares": 12227451,
            "book_valuer_per_share": 27.14,
            "book_valuer_per_share_4q_avg": 27.66,
            "equity": 33971243,
            "current_ratio": 134.71,
            "debt_ratio": 53.94,
            "inventory_turnover_ratio": 4.48,
            "account_receivable_turnover_ratio": 1.18,
            "reinvestment_rate": 104.36,
            "research_to_sale_ratio": 3.32,
            "price_fair": 120.05,
            "eps_avg_yearly": 3.43,
            "eps_latest_yearly": 6.6,
            "eps_growth_yearly": 69.31
        },
        "20223": {
            "year_quarter": 20223,
            "year": 2022,
            "quarter": 3,
            "eps": 1.22,
            "eps_growth_year": -1.61,
            "eps_4q": 5.7,
            "eps_4q_growth_year": 65.01,
            "roe": 4.42,
            "roe_4q": 20.44,
            "gross_profit": 3110342,
            "gross_margin": 34.48,
            "gross_margin_4q_avg": 35.11,
            "net_income": 1529239,
            "revenue": 9020335,
            "common_shares": 12227451,
            "book_valuer_per_share": 28.13,
            "book_valuer_per_share_4q_avg": 28.14,
            "equity": 35233423,
            "current_ratio": 207.3,
            "debt_ratio": 53.17,
            "inventory_turnover_ratio": 4.15,
            "account_receivable_turnover_ratio": 1.09,
            "reinvestment_rate": 97.56,
            "research_to_sale_ratio": 3.39,
            "price_fair": 126.09,
            "eps_avg_yearly": 3.6,
            "eps_latest_yearly": 4.88,
            "eps_growth_yearly": 43.63
        },
        "20224": {
            "year_quarter": 20224,
            "year": 2022,
            "quarter": 4,
            "eps": 1.23,
            "eps_growth_year": -8.4,
            "eps_4q": 5.59,
            "eps_4q_growth_year": 32.11,
            "roe": 4.25,
            "roe_4q": 19.71,
            "gross_profit": 3031268,
            "gross_margin": 34.25,
            "gross_margin_4q_avg": 35.49,
            "net_income": 1533820,
            "revenue": 8849563,
            "common_shares": 12227451,
            "book_valuer_per_share": 29.52,
            "book_valuer_per_share_4q_avg": 28.53,
            "equity": 36945417,
            "current_ratio": 218.06,
            "debt_ratio": 50.31,
            "inventory_turnover_ratio": 4.11,
            "account_receivable_turnover_ratio": 1.19,
            "reinvestment_rate": 75.51,
            "research_to_sale_ratio": 3.64,
            "price_fair": 133.79,
            "eps_avg_yearly": 3.82,
            "eps_latest_yearly": 4.92,
            "eps_growth_yearly": 52.32
        },
        "20231": {
            "year_quarter": 20231,
            "year": 2023,
            "quarter": 1,
            "eps": 0.97,
            "eps_growth_year": -34.9,
            "eps_4q": 5.07,
            "eps_4q_growth_year": 6.06,
            "roe": 3.22,
            "roe_4q": 17.740000000000002,
            "gross_profit": 2538899,
            "gross_margin": 32.7,
            "gross_margin_4q_avg": 34.72,
            "net_income": 1222733,
            "revenue": 7764452,
            "common_shares": 12227451,
            "book_valuer_per_share": 31.03,
            "book_valuer_per_share_4q_avg": 28.96,
            "equity": 38946158,
            "current_ratio": 221.34,
            "debt_ratio": 47.15,
            "inventory_turnover_ratio": 3.94,
            "account_receivable_turnover_ratio": 1.14,
            "reinvestment_rate": 69.67,
            "research_to_sale_ratio": 3.74,
            "price_fair": 139.56,
            "eps_avg_yearly": 3.99,
            "eps_latest_yearly": 3.88,
            "eps_growth_yearly": 49.9
        }
    },
    "months": {
        "2001-06": {
            "month": "2001-06",
            "price": "25.70",
            "revenue": 248342
        },
        "2001-07": {
            "month": "2001-07",
            "price": "16.01",
            "revenue": 223954
        },
        "2001-08": {
            "month": "2001-08",
            "price": "13.20",
            "revenue": 270538
        },
        "2001-09": {
            "month": "2001-09",
            "price": "10.01",
            "revenue": 264090
        },
        "2001-10": {
            "month": "2001-10",
            "price": "7.84",
            "revenue": 301205
        },
        "2001-11": {
            "month": "2001-11",
            "price": "8.54",
            "revenue": 291645
        },
        "2001-12": {
            "month": "2001-12",
            "price": "12.99",
            "revenue": 266433
        },
        "2002-01": {
            "month": "2002-01",
            "price": "21.01",
            "revenue": 288122
        },
        "2002-02": {
            "month": "2002-02",
            "price": "22.68",
            "revenue": 282256
        },
        "2002-03": {
            "month": "2002-03",
            "price": "25.79",
            "revenue": 356655
        },
        "2002-04": {
            "month": "2002-04",
            "price": "31.23",
            "revenue": 467415
        },
        "2002-05": {
            "month": "2002-05",
            "price": "23.75",
            "revenue": 477098
        },
        "2002-06": {
            "month": "2002-06",
            "price": "18.60",
            "revenue": 473897
        },
        "2002-07": {
            "month": "2002-07",
            "price": "17.24",
            "revenue": 502310
        },
        "2002-08": {
            "month": "2002-08",
            "price": "19.40",
            "revenue": 504797
        },
        "2002-09": {
            "month": "2002-09",
            "price": "19.44",
            "revenue": 488359
        },
        "2002-10": {
            "month": "2002-10",
            "price": "15.38",
            "revenue": 505094
        },
        "2002-11": {
            "month": "2002-11",
            "price": "15.88",
            "revenue": 488027
        },
        "2002-12": {
            "month": "2002-12",
            "price": "16.75",
            "revenue": 511966
        },
        "2003-01": {
            "month": "2003-01",
            "price": "16.19",
            "revenue": 502599
        },
        "2003-02": {
            "month": "2003-02",
            "price": "15.11",
            "revenue": 417299
        },
        "2003-03": {
            "month": "2003-03",
            "price": "13.20",
            "revenue": 503024
        },
        "2003-04": {
            "month": "2003-04",
            "price": "13.20",
            "revenue": 486865
        },
        "2003-05": {
            "month": "2003-05",
            "price": "12.83",
            "revenue": 507515
        },
        "2003-06": {
            "month": "2003-06",
            "price": "16.80",
            "revenue": 527917
        },
        "2003-07": {
            "month": "2003-07",
            "price": "18.65",
            "revenue": 580693
        },
        "2003-08": {
            "month": "2003-08",
            "price": "21.04",
            "revenue": 600699
        },
        "2003-09": {
            "month": "2003-09",
            "price": "23.70",
            "revenue": 615828
        },
        "2003-10": {
            "month": "2003-10",
            "price": "27.60",
            "revenue": 653391
        },
        "2003-11": {
            "month": "2003-11",
            "price": "33.46",
            "revenue": 670359
        },
        "2003-12": {
            "month": "2003-12",
            "price": "33.58",
            "revenue": 720498
        },
        "2004-01": {
            "month": "2004-01",
            "price": "38.65",
            "revenue": 730660
        },
        "2004-02": {
            "month": "2004-02",
            "price": "40.24",
            "revenue": 744247
        },
        "2004-03": {
            "month": "2004-03",
            "price": "43.83",
            "revenue": 803128
        },
        "2004-04": {
            "month": "2004-04",
            "price": "45.70",
            "revenue": 845080
        },
        "2004-05": {
            "month": "2004-05",
            "price": "33.60",
            "revenue": 880929
        },
        "2004-06": {
            "month": "2004-06",
            "price": "28.49",
            "revenue": 921059
        },
        "2004-07": {
            "month": "2004-07",
            "price": "26.90",
            "revenue": 956231
        },
        "2004-08": {
            "month": "2004-08",
            "price": "29.04",
            "revenue": 961321
        },
        "2004-09": {
            "month": "2004-09",
            "price": "27.07",
            "revenue": 911563
        },
        "2004-10": {
            "month": "2004-10",
            "price": "24.02",
            "revenue": 800907
        },
        "2004-11": {
            "month": "2004-11",
            "price": "23.03",
            "revenue": 770553
        },
        "2004-12": {
            "month": "2004-12",
            "price": "21.95",
            "revenue": 702175
        },
        "2005-01": {
            "month": "2005-01",
            "price": "18.97",
            "revenue": 682298
        },
        "2005-02": {
            "month": "2005-02",
            "price": "21.35",
            "revenue": 552850
        },
        "2005-03": {
            "month": "2005-03",
            "price": "23.58",
            "revenue": 700623
        },
        "2005-04": {
            "month": "2005-04",
            "price": "22.95",
            "revenue": 711896
        },
        "2005-05": {
            "month": "2005-05",
            "price": "25.64",
            "revenue": 754793
        },
        "2005-06": {
            "month": "2005-06",
            "price": "28.72",
            "revenue": 800064
        },
        "2005-07": {
            "month": "2005-07",
            "price": "28.24",
            "revenue": 863562
        },
        "2005-08": {
            "month": "2005-08",
            "price": "26.71",
            "revenue": 910110
        },
        "2005-09": {
            "month": "2005-09",
            "price": "23.57",
            "revenue": 971664
        },
        "2005-10": {
            "month": "2005-10",
            "price": "22.50",
            "revenue": 1030670
        },
        "2005-11": {
            "month": "2005-11",
            "price": "23.20",
            "revenue": 1109513
        },
        "2005-12": {
            "month": "2005-12",
            "price": "30.50",
            "revenue": 1139675
        },
        "2006-01": {
            "month": "2006-01",
            "price": "31.74",
            "revenue": 1058011
        },
        "2006-02": {
            "month": "2006-02",
            "price": "28.89",
            "revenue": 1000664
        },
        "2006-03": {
            "month": "2006-03",
            "price": "30.21",
            "revenue": 1103691
        },
        "2006-04": {
            "month": "2006-04",
            "price": "34.94",
            "revenue": 1080304
        },
        "2006-05": {
            "month": "2006-05",
            "price": "33.83",
            "revenue": 1105835
        },
        "2006-06": {
            "month": "2006-06",
            "price": "28.02",
            "revenue": 1071576
        },
        "2006-07": {
            "month": "2006-07",
            "price": "25.22",
            "revenue": 1071878
        },
        "2006-08": {
            "month": "2006-08",
            "price": "23.95",
            "revenue": 1086255
        },
        "2006-09": {
            "month": "2006-09",
            "price": "24.61",
            "revenue": 1122661
        },
        "2006-10": {
            "month": "2006-10",
            "price": "24.24",
            "revenue": 1150693
        },
        "2006-11": {
            "month": "2006-11",
            "price": "25.09",
            "revenue": 1153032
        },
        "2006-12": {
            "month": "2006-12",
            "price": "26.59",
            "revenue": 1093916
        },
        "2007-01": {
            "month": "2007-01",
            "price": "26.87",
            "revenue": 1011740
        },
        "2007-02": {
            "month": "2007-02",
            "price": "25.45",
            "revenue": 910104
        },
        "2007-03": {
            "month": "2007-03",
            "price": "27.37",
            "revenue": 1025284
        },
        "2007-04": {
            "month": "2007-04",
            "price": "26.99",
            "revenue": 1035530
        },
        "2007-05": {
            "month": "2007-05",
            "price": "26.75",
            "revenue": 1042464
        },
        "2007-06": {
            "month": "2007-06",
            "price": "28.29",
            "revenue": 1062516
        },
        "2007-07": {
            "month": "2007-07",
            "price": "27.52",
            "revenue": 1136182
        },
        "2007-08": {
            "month": "2007-08",
            "price": "21.14",
            "revenue": 1261267
        },
        "2007-09": {
            "month": "2007-09",
            "price": "20.91",
            "revenue": 1302724
        },
        "2007-10": {
            "month": "2007-10",
            "price": "21.17",
            "revenue": 1311525
        },
        "2007-11": {
            "month": "2007-11",
            "price": "18.89",
            "revenue": 1260711
        },
        "2007-12": {
            "month": "2007-12",
            "price": "15.65",
            "revenue": 1220649
        },
        "2008-01": {
            "month": "2008-01",
            "price": "14.58",
            "revenue": 1180199
        },
        "2008-02": {
            "month": "2008-02",
            "price": "14.45",
            "revenue": 1072233
        },
        "2008-03": {
            "month": "2008-03",
            "price": "15.10",
            "revenue": 1250622
        },
        "2008-04": {
            "month": "2008-04",
            "price": "16.62",
            "revenue": 1201286
        },
        "2008-05": {
            "month": "2008-05",
            "price": "17.15",
            "revenue": 1205141
        },
        "2008-06": {
            "month": "2008-06",
            "price": "14.77",
            "revenue": 1221575
        },
        "2008-07": {
            "month": "2008-07",
            "price": "14.00",
            "revenue": 1228725
        },
        "2008-08": {
            "month": "2008-08",
            "price": "13.90",
            "revenue": 1205635
        },
        "2008-09": {
            "month": "2008-09",
            "price": "11.58",
            "revenue": 1151067
        },
        "2008-10": {
            "month": "2008-10",
            "price": "9.20",
            "revenue": 1050484
        },
        "2008-11": {
            "month": "2008-11",
            "price": "7.36",
            "revenue": 809673
        },
        "2008-12": {
            "month": "2008-12",
            "price": "7.01",
            "revenue": 458445
        },
        "2009-01": {
            "month": "2009-01",
            "price": "6.79",
            "revenue": 355608
        },
        "2009-02": {
            "month": "2009-02",
            "price": "6.97",
            "revenue": 431556
        },
        "2009-03": {
            "month": "2009-03",
            "price": "9.08",
            "revenue": 602619
        },
        "2009-04": {
            "month": "2009-04",
            "price": "10.57",
            "revenue": 802768
        },
        "2009-05": {
            "month": "2009-05",
            "price": "11.20",
            "revenue": 901903
        },
        "2009-06": {
            "month": "2009-06",
            "price": "10.66",
            "revenue": 950208
        },
        "2009-07": {
            "month": "2009-07",
            "price": "11.47",
            "revenue": 1000459
        },
        "2009-08": {
            "month": "2009-08",
            "price": "12.09",
            "revenue": 1020293
        },
        "2009-09": {
            "month": "2009-09",
            "price": "12.28",
            "revenue": 1105555
        },
        "2009-10": {
            "month": "2009-10",
            "price": "13.00",
            "revenue": 1120945
        },
        "2009-11": {
            "month": "2009-11",
            "price": "13.18",
            "revenue": 1122481
        },
        "2009-12": {
            "month": "2009-12",
            "price": "14.38",
            "revenue": 1108707
        },
        "2010-01": {
            "month": "2010-01",
            "price": "15.69",
            "revenue": 1110352
        },
        "2010-02": {
            "month": "2010-02",
            "price": "14.38",
            "revenue": 1050230
        },
        "2010-03": {
            "month": "2010-03",
            "price": "15.22",
            "revenue": 1180182
        },
        "2010-04": {
            "month": "2010-04",
            "price": "15.52",
            "revenue": 1213115
        },
        "2010-05": {
            "month": "2010-05",
            "price": "13.54",
            "revenue": 1265548
        },
        "2010-06": {
            "month": "2010-06",
            "price": "13.70",
            "revenue": 1312442
        },
        "2010-07": {
            "month": "2010-07",
            "price": "14.52",
            "revenue": 1316903
        },
        "2010-08": {
            "month": "2010-08",
            "price": "14.21",
            "revenue": 1285812
        },
        "2010-09": {
            "month": "2010-09",
            "price": "13.77",
            "revenue": 1191614
        },
        "2010-10": {
            "month": "2010-10",
            "price": "13.73",
            "revenue": 1160060
        },
        "2010-11": {
            "month": "2010-11",
            "price": "14.00",
            "revenue": 1100095
        },
        "2010-12": {
            "month": "2010-12",
            "price": "15.07",
            "revenue": 1051680
        },
        "2011-01": {
            "month": "2011-01",
            "price": "17.88",
            "revenue": 1030137
        },
        "2011-02": {
            "month": "2011-02",
            "price": "17.79",
            "revenue": 970771
        },
        "2011-03": {
            "month": "2011-03",
            "price": "16.57",
            "revenue": 975351
        },
        "2011-04": {
            "month": "2011-04",
            "price": "16.16",
            "revenue": 911449
        },
        "2011-05": {
            "month": "2011-05",
            "price": "15.76",
            "revenue": 950319
        },
        "2011-06": {
            "month": "2011-06",
            "price": "15.83",
            "revenue": 922188
        },
        "2011-07": {
            "month": "2011-07",
            "price": "13.60",
            "revenue": 987483
        },
        "2011-08": {
            "month": "2011-08",
            "price": "11.24",
            "revenue": 1001610
        },
        "2011-09": {
            "month": "2011-09",
            "price": "11.01",
            "revenue": 950597
        },
        "2011-10": {
            "month": "2011-10",
            "price": "11.44",
            "revenue": 956162
        },
        "2011-11": {
            "month": "2011-11",
            "price": "11.18",
            "revenue": 932122
        },
        "2011-12": {
            "month": "2011-12",
            "price": "9.68",
            "revenue": 937937
        },
        "2012-01": {
            "month": "2012-01",
            "price": "10.21",
            "revenue": 901020
        },
        "2012-02": {
            "month": "2012-02",
            "price": "12.81",
            "revenue": 893225
        },
        "2012-03": {
            "month": "2012-03",
            "price": "11.79",
            "revenue": 934132
        },
        "2012-04": {
            "month": "2012-04",
            "price": "11.86",
            "revenue": 1003559
        },
        "2012-05": {
            "month": "2012-05",
            "price": "12.85",
            "revenue": 1050306
        },
        "2012-06": {
            "month": "2012-06",
            "price": "13.65",
            "revenue": 1075015
        },
        "2012-07": {
            "month": "2012-07",
            "price": "13.99",
            "revenue": 1145031
        },
        "2012-08": {
            "month": "2012-08",
            "price": "14.71",
            "revenue": 1202864
        },
        "2012-09": {
            "month": "2012-09",
            "price": "16.15",
            "revenue": 1205037
        },
        "2012-10": {
            "month": "2012-10",
            "price": "16.02",
            "revenue": 1152477
        },
        "2012-11": {
            "month": "2012-11",
            "price": "15.78",
            "revenue": 1102672
        },
        "2012-12": {
            "month": "2012-12",
            "price": "17.65",
            "revenue": 1021476
        },
        "2013-01": {
            "month": "2013-01",
            "price": "18.16",
            "revenue": 1146046
        },
        "2013-02": {
            "month": "2013-02",
            "price": "18.69",
            "revenue": 1041344
        },
        "2013-03": {
            "month": "2013-03",
            "price": "20.26",
            "revenue": 1194574
        },
        "2013-04": {
            "month": "2013-04",
            "price": "20.26",
            "revenue": 1201458
        },
        "2013-05": {
            "month": "2013-05",
            "price": "22.45",
            "revenue": 1283585
        },
        "2013-06": {
            "month": "2013-06",
            "price": "21.87",
            "revenue": 1290905
        },
        "2013-07": {
            "month": "2013-07",
            "price": "21.67",
            "revenue": 1301485
        },
        "2013-08": {
            "month": "2013-08",
            "price": "21.15",
            "revenue": 1305421
        },
        "2013-09": {
            "month": "2013-09",
            "price": "21.47",
            "revenue": 1232732
        },
        "2013-10": {
            "month": "2013-10",
            "price": "19.57",
            "revenue": 1263045
        },
        "2013-11": {
            "month": "2013-11",
            "price": "19.28",
            "revenue": 1230846
        },
        "2013-12": {
            "month": "2013-12",
            "price": "19.12",
            "revenue": 1203036
        },
        "2014-01": {
            "month": "2014-01",
            "price": "20.97",
            "revenue": 1160278
        },
        "2014-02": {
            "month": "2014-02",
            "price": "21.85",
            "revenue": 1114176
        },
        "2014-03": {
            "month": "2014-03",
            "price": "25.20",
            "revenue": 1255101
        },
        "2014-04": {
            "month": "2014-04",
            "price": "24.45",
            "revenue": 1302112
        },
        "2014-05": {
            "month": "2014-05",
            "price": "24.82",
            "revenue": 1388505
        },
        "2014-06": {
            "month": "2014-06",
            "price": "27.26",
            "revenue": 1435657
        },
        "2014-07": {
            "month": "2014-07",
            "price": "27.42",
            "revenue": 1500070
        },
        "2014-08": {
            "month": "2014-08",
            "price": "26.21",
            "revenue": 1450893
        },
        "2014-09": {
            "month": "2014-09",
            "price": "26.23",
            "revenue": 1442992
        },
        "2014-10": {
            "month": "2014-10",
            "price": "24.67",
            "revenue": 1466255
        },
        "2014-11": {
            "month": "2014-11",
            "price": "24.32",
            "revenue": 1385834
        },
        "2014-12": {
            "month": "2014-12",
            "price": "25.42",
            "revenue": 1375896
        },
        "2015-01": {
            "month": "2015-01",
            "price": "26.60",
            "revenue": 1394730
        },
        "2015-02": {
            "month": "2015-02",
            "price": "26.73",
            "revenue": 1246432
        },
        "2015-03": {
            "month": "2015-03",
            "price": "29.02",
            "revenue": 1432370
        },
        "2015-04": {
            "month": "2015-04",
            "price": "27.87",
            "revenue": 1441041
        },
        "2015-05": {
            "month": "2015-05",
            "price": "27.15",
            "revenue": 1442593
        },
        "2015-06": {
            "month": "2015-06",
            "price": "27.40",
            "revenue": 1461842
        },
        "2015-07": {
            "month": "2015-07",
            "price": "23.73",
            "revenue": 1501070
        },
        "2015-08": {
            "month": "2015-08",
            "price": "20.35",
            "revenue": 1451980
        },
        "2015-09": {
            "month": "2015-09",
            "price": "21.27",
            "revenue": 1463497
        },
        "2015-10": {
            "month": "2015-10",
            "price": "21.65",
            "revenue": 1456573
        },
        "2015-11": {
            "month": "2015-11",
            "price": "20.65",
            "revenue": 1420621
        },
        "2015-12": {
            "month": "2015-12",
            "price": "21.09",
            "revenue": 1415787
        },
        "2016-01": {
            "month": "2016-01",
            "price": "20.98",
            "revenue": 1430191
        },
        "2016-02": {
            "month": "2016-02",
            "price": "23.86",
            "revenue": 1358694
        },
        "2016-03": {
            "month": "2016-03",
            "price": "27.31",
            "revenue": 1569471
        },
        "2016-04": {
            "month": "2016-04",
            "price": "27.43",
            "revenue": 1600839
        },
        "2016-05": {
            "month": "2016-05",
            "price": "28.21",
            "revenue": 1713740
        },
        "2016-06": {
            "month": "2016-06",
            "price": "29.29",
            "revenue": 1742813
        },
        "2016-07": {
            "month": "2016-07",
            "price": "28.39",
            "revenue": 1804099
        },
        "2016-08": {
            "month": "2016-08",
            "price": "30.02",
            "revenue": 1821812
        },
        "2016-09": {
            "month": "2016-09",
            "price": "28.41",
            "revenue": 1805464
        },
        "2016-10": {
            "month": "2016-10",
            "price": "28.20",
            "revenue": 1801945
        },
        "2016-11": {
            "month": "2016-11",
            "price": "26.88",
            "revenue": 1714253
        },
        "2016-12": {
            "month": "2016-12",
            "price": "26.09",
            "revenue": 1718362
        },
        "2017-01": {
            "month": "2017-01",
            "price": "26.66",
            "revenue": 1683460
        },
        "2017-02": {
            "month": "2017-02",
            "price": "28.85",
            "revenue": 1510395
        },
        "2017-03": {
            "month": "2017-03",
            "price": "27.72",
            "revenue": 1675008
        },
        "2017-04": {
            "month": "2017-04",
            "price": "27.22",
            "revenue": 1572098
        },
        "2017-05": {
            "month": "2017-05",
            "price": "29.31",
            "revenue": 1628242
        },
        "2017-06": {
            "month": "2017-06",
            "price": "30.60",
            "revenue": 1642353
        },
        "2017-07": {
            "month": "2017-07",
            "price": "29.53",
            "revenue": 1704235
        },
        "2017-08": {
            "month": "2017-08",
            "price": "29.57",
            "revenue": 1722563
        },
        "2017-09": {
            "month": "2017-09",
            "price": "30.09",
            "revenue": 1745938
        },
        "2017-10": {
            "month": "2017-10",
            "price": "31.75",
            "revenue": 1702597
        },
        "2017-11": {
            "month": "2017-11",
            "price": "31.22",
            "revenue": 1583439
        },
        "2017-12": {
            "month": "2017-12",
            "price": "29.46",
            "revenue": 1516583
        },
        "2018-01": {
            "month": "2018-01",
            "price": "30.76",
            "revenue": 1536711
        },
        "2018-02": {
            "month": "2018-02",
            "price": "30.53",
            "revenue": 1406863
        },
        "2018-03": {
            "month": "2018-03",
            "price": "31.24",
            "revenue": 1637216
        },
        "2018-04": {
            "month": "2018-04",
            "price": "30.17",
            "revenue": 1610775
        },
        "2018-05": {
            "month": "2018-05",
            "price": "28.28",
            "revenue": 1713295
        },
        "2018-06": {
            "month": "2018-06",
            "price": "28.44",
            "revenue": 1716196
        },
        "2018-07": {
            "month": "2018-07",
            "price": "27.15",
            "revenue": 1819182
        },
        "2018-08": {
            "month": "2018-08",
            "price": "23.10",
            "revenue": 1884654
        },
        "2018-09": {
            "month": "2018-09",
            "price": "20.66",
            "revenue": 1816647
        },
        "2018-10": {
            "month": "2018-10",
            "price": "19.27",
            "revenue": 1805259
        },
        "2018-11": {
            "month": "2018-11",
            "price": "19.90",
            "revenue": 1922683
        },
        "2018-12": {
            "month": "2018-12",
            "price": "22.41",
            "revenue": 1945886
        },
        "2019-01": {
            "month": "2019-01",
            "price": "22.37",
            "revenue": 1809595
        },
        "2019-02": {
            "month": "2019-02",
            "price": "24.09",
            "revenue": 1610631
        },
        "2019-03": {
            "month": "2019-03",
            "price": "25.40",
            "revenue": 1839898
        },
        "2019-04": {
            "month": "2019-04",
            "price": "28.31",
            "revenue": 1920944
        },
        "2019-05": {
            "month": "2019-05",
            "price": "27.45",
            "revenue": 2064673
        },
        "2019-06": {
            "month": "2019-06",
            "price": "26.11",
            "revenue": 2105344
        },
        "2019-07": {
            "month": "2019-07",
            "price": "30.79",
            "revenue": 2334740
        },
        "2019-08": {
            "month": "2019-08",
            "price": "32.98",
            "revenue": 2405477
        },
        "2019-09": {
            "month": "2019-09",
            "price": "34.93",
            "revenue": 2300996
        },
        "2019-10": {
            "month": "2019-10",
            "price": "36.13",
            "revenue": 2370821
        },
        "2019-11": {
            "month": "2019-11",
            "price": "37.69",
            "revenue": 2377107
        },
        "2019-12": {
            "month": "2019-12",
            "price": "37.79",
            "revenue": 2399211
        },
        "2020-01": {
            "month": "2020-01",
            "price": "36.35",
            "revenue": 2286708
        },
        "2020-02": {
            "month": "2020-02",
            "price": "34.44",
            "revenue": 2223870
        },
        "2020-03": {
            "month": "2020-03",
            "price": "31.64",
            "revenue": 2490576
        },
        "2020-04": {
            "month": "2020-04",
            "price": "34.16",
            "revenue": 2584819
        },
        "2020-05": {
            "month": "2020-05",
            "price": "33.58",
            "revenue": 2584325
        },
        "2020-06": {
            "month": "2020-06",
            "price": "32.48",
            "revenue": 2489358
        },
        "2020-07": {
            "month": "2020-07",
            "price": "36.00",
            "revenue": 2471346
        },
        "2020-08": {
            "month": "2020-08",
            "price": "33.76",
            "revenue": 2501503
        },
        "2020-09": {
            "month": "2020-09",
            "price": "30.81",
            "revenue": 2389741
        },
        "2020-10": {
            "month": "2020-10",
            "price": "30.55",
            "revenue": 2234771
        },
        "2020-11": {
            "month": "2020-11",
            "price": "32.58",
            "revenue": 2332937
        },
        "2020-12": {
            "month": "2020-12",
            "price": "34.92",
            "revenue": 2369350
        },
        "2021-01": {
            "month": "2021-01",
            "price": "37.25",
            "revenue": 2559791
        },
        "2021-02": {
            "month": "2021-02",
            "price": "38.99",
            "revenue": 2405002
        },
        "2021-03": {
            "month": "2021-03",
            "price": "40.27",
            "revenue": 2666096
        },
        "2021-04": {
            "month": "2021-04",
            "price": "44.51",
            "revenue": 2757602
        },
        "2021-05": {
            "month": "2021-05",
            "price": "43.50",
            "revenue": 2861258
        },
        "2021-06": {
            "month": "2021-06",
            "price": "42.49",
            "revenue": 1978466
        },
        "2021-07": {
            "month": "2021-07",
            "price": "45.15",
            "revenue": 2957152
        },
        "2021-08": {
            "month": "2021-08",
            "price": "45.82",
            "revenue": 3044565
        },
        "2021-09": {
            "month": "2021-09",
            "price": "43.58",
            "revenue": 2995305
        },
        "2021-10": {
            "month": "2021-10",
            "price": "38.94",
            "revenue": 3068793
        },
        "2021-11": {
            "month": "2021-11",
            "price": "42.22",
            "revenue": 3194064
        },
        "2021-12": {
            "month": "2021-12",
            "price": "44.12",
            "revenue": 3271294
        },
        "2022-01": {
            "month": "2022-01",
            "price": "45.30",
            "revenue": 3089213
        },
        "2022-02": {
            "month": "2022-02",
            "price": "43.80",
            "revenue": 2605989
        },
        "2022-03": {
            "month": "2022-03",
            "price": "42.82",
            "revenue": 3288635
        },
        "2022-04": {
            "month": "2022-04",
            "price": "40.85",
            "revenue": 3381747
        },
        "2022-05": {
            "month": "2022-05",
            "price": "43.36",
            "revenue": 3314909
        },
        "2022-06": {
            "month": "2022-06",
            "price": "44.23",
            "revenue": 3231605
        },
        "2022-07": {
            "month": "2022-07",
            "price": "38.12",
            "revenue": 3196133
        },
        "2022-08": {
            "month": "2022-08",
            "price": "38.03",
            "revenue": 2891833
        },
        "2022-09": {
            "month": "2022-09",
            "price": "34.55",
            "revenue": 2932369
        },
        "2022-10": {
            "month": "2022-10",
            "price": "31.43",
            "revenue": 3038915
        },
        "2022-11": {
            "month": "2022-11",
            "price": "34.62",
            "revenue": 2877778
        },
        "2022-12": {
            "month": "2022-12",
            "price": "36.28",
            "revenue": 2932870
        },
        "2023-01": {
            "month": "2023-01",
            "price": "37.18",
            "revenue": 2564123
        },
        "2023-02": {
            "month": "2023-02",
            "price": "40.36",
            "revenue": 2497803
        },
        "2023-03": {
            "month": "2023-03",
            "price": "47.72",
            "revenue": 2702526
        },
        "2023-04": {
            "month": "2023-04",
            "price": "46.97",
            "revenue": 2612206
        }
    }
}
