{
    "summary": {
        "stock_name": "神腦",
        "stock_id": "2450",
        "category": "通信網路",
        "main_business": "通訊產品之代理及買賣<br>行動電話及相關配件之代理及買賣",
        "website_url": "http://www.senao.com.tw",
        "ceo": "林保雍",
        "pe_ratio": 14,
        "report_year_from": 2001,
        "report_year_to": 2023,
        "age": 23,
        "eps_negative_percentage": 0,
        "eps_growth_avg": {
            "last_all": 7.97,
            "last_2y": 18.04,
            "last_4y": 12.08,
            "last_8y": 7.38,
            "last_12y": 1.57,
            "last_16y": 8.25,
            "last_20y": 8.96,
            "at_2006_last_3y": 11.96,
            "at_2007_last_3y": 48.53,
            "at_2008_last_3y": 70.5,
            "at_2009_last_3y": 42.78,
            "at_2010_last_3y": 29.95,
            "at_2011_last_3y": 8.23,
            "at_2012_last_3y": 6.63,
            "at_2013_last_3y": 8.19,
            "at_2014_last_3y": -11.49,
            "at_2015_last_3y": -2.56,
            "at_2016_last_3y": 2.34,
            "at_2017_last_3y": -0.91,
            "at_2018_last_3y": 1.5,
            "at_2019_last_3y": -10.55,
            "at_2020_last_3y": -15.84,
            "at_2021_last_3y": -2.26,
            "at_2022_last_3y": 13.33,
            "at_2023_last_3y": 14.94,
            "at_2024_last_3y": 14.94,
            "at_2006_last_all": 7.03,
            "at_2007_last_all": 22.52,
            "at_2008_last_all": 21.25,
            "at_2009_last_all": 17.23,
            "at_2010_last_all": 17.21,
            "at_2011_last_all": 16.81,
            "at_2012_last_all": 15.93,
            "at_2013_last_all": 14.22,
            "at_2014_last_all": 8.38,
            "at_2015_last_all": 11.27,
            "at_2016_last_all": 12.31,
            "at_2017_last_all": 10.43,
            "at_2018_last_all": 6.76,
            "at_2019_last_all": 6.42,
            "at_2020_last_all": 6.38,
            "at_2021_last_all": 7.9,
            "at_2022_last_all": 8.02,
            "at_2023_last_all": 7.97,
            "at_2024_last_all": 7.97
        },
        "latest_eps": 2.73,
        "latest_price": 38.85,
        "latest_roe": 11.06,
        "latest_gross_margin": 10.43,
        "latest_equity": 6425202,
        "latest_revenue": 8358390,
        "latest_gross_profit": 871778,
        "latest_net_income": 126346,
        "latest_debt_ratio": 34.66,
        "latest_current_ratio": 221.72,
        "latest_account_receivable_turnover_ratio": 4.85,
        "latest_inventory_turnover_ratio": 2.91,
        "latest_reinvestment_rate": 20.9,
        "latest_research_to_sale_ratio": null
    },
    "eps_dividends": {
        "2001": {
            "cash": 0,
            "stock": 2,
            "eps": 3.07
        },
        "2002": {
            "cash": 1,
            "stock": 1.4,
            "eps": 2.68
        },
        "2003": {
            "cash": 1,
            "stock": 1,
            "eps": 1.44
        },
        "2004": {
            "cash": 0.3,
            "stock": 0.7,
            "eps": 0.37
        },
        "2005": {
            "cash": 0,
            "stock": 0,
            "eps": 0.76
        },
        "2006": {
            "cash": 0,
            "stock": 0,
            "eps": 1.28
        },
        "2007": {
            "cash": 0.9,
            "stock": 0.1,
            "eps": 4.05
        },
        "2008": {
            "cash": 2.95,
            "stock": 0.1,
            "eps": 4.6
        },
        "2009": {
            "cash": 3.95,
            "stock": 0,
            "eps": 4.1
        },
        "2010": {
            "cash": 3.46,
            "stock": 0,
            "eps": 4.8
        },
        "2011": {
            "cash": 8.450000000000001,
            "stock": 0,
            "eps": 5.43
        },
        "2012": {
            "cash": 0,
            "stock": 0,
            "eps": 5.82
        },
        "2013": {
            "cash": 4,
            "stock": 0,
            "eps": 5.55
        },
        "2014": {
            "cash": 4,
            "stock": 0,
            "eps": 2.13
        },
        "2015": {
            "cash": 1.5,
            "stock": 0,
            "eps": 3.17
        },
        "2016": {
            "cash": 3,
            "stock": 0,
            "eps": 4.02
        },
        "2017": {
            "cash": 4,
            "stock": 0,
            "eps": 3.31
        },
        "2018": {
            "cash": 3.25,
            "stock": 0,
            "eps": 1.59
        },
        "2019": {
            "cash": 1.45,
            "stock": 0,
            "eps": 1.6
        },
        "2020": {
            "cash": 1.45,
            "stock": 0,
            "eps": 1.69
        },
        "2021": {
            "cash": 1.5,
            "stock": 0,
            "eps": 2.31
        },
        "2022": {
            "cash": 2,
            "stock": 0,
            "eps": 2.55
        },
        "2023": {
            "cash": 2.2,
            "stock": 0,
            "eps": 2.73
        },
        "2024": {
            "cash": 2,
            "stock": 0,
            "eps": 0
        }
    },
    "dividends": {
        "2001-05-17": {
            "cash": 0,
            "stock": 2
        },
        "2002-05-30": {
            "cash": 1,
            "stock": 1.4
        },
        "2003-03-11": {
            "cash": 1,
            "stock": 1
        },
        "2004-04-14": {
            "cash": 0.3,
            "stock": 0.7
        },
        "2007-02-27": {
            "cash": 0.9,
            "stock": 0.1
        },
        "2008-04-29": {
            "cash": 2.95,
            "stock": 0.1
        },
        "2009-02-27": {
            "cash": 3.95,
            "stock": 0
        },
        "2010-02-24": {
            "cash": 3.46,
            "stock": 0
        },
        "2011-01-01": {
            "cash": 4.48,
            "stock": 0
        },
        "2011-02-16": {
            "cash": 3.97,
            "stock": 0
        },
        "2013-02-27": {
            "cash": 4,
            "stock": 0
        },
        "2014-05-20": {
            "cash": 4,
            "stock": 0
        },
        "2015-09-23": {
            "cash": 1.5,
            "stock": 0
        },
        "2016-08-29": {
            "cash": 3,
            "stock": 0
        },
        "2017-08-30": {
            "cash": 4,
            "stock": 0
        },
        "2018-08-30": {
            "cash": 3.25,
            "stock": 0
        },
        "2019-08-30": {
            "cash": 1.45,
            "stock": 0
        },
        "2020-07-22": {
            "cash": 1.45,
            "stock": 0
        },
        "2021-07-15": {
            "cash": 1.5,
            "stock": 0
        },
        "2022-07-15": {
            "cash": 2,
            "stock": 0
        },
        "2023-07-14": {
            "cash": 2.2,
            "stock": 0
        },
        "2024-07-17": {
            "cash": 2,
            "stock": 0
        }
    },
    "prices": {
        "200101": "無",
        "200102": "無",
        "200103": "無",
        "200104": "無",
        "200105": "30.07",
        "200106": "30.52",
        "200107": "28.40",
        "200108": "32.28",
        "200109": "27.89",
        "200110": "25.21",
        "200111": "29.37",
        "200112": "37.82",
        "200201": "44.15",
        "200202": "43.47",
        "200203": "42.43",
        "200204": "41.59",
        "200205": "36.04",
        "200206": "34.16",
        "200207": "31.78",
        "200208": "31.46",
        "200209": "31.53",
        "200210": "32.50",
        "200211": "33.04",
        "200212": "30.64",
        "200301": "29.81",
        "200302": "28.54",
        "200303": "28.60",
        "200304": "28.37",
        "200305": "26.22",
        "200306": "27.90",
        "200307": "30.46",
        "200308": "26.76",
        "200309": "23.91",
        "200310": "21.97",
        "200311": "20.94",
        "200312": "20.98",
        "200401": "21.46",
        "200402": "23.24",
        "200403": "25.25",
        "200404": "22.99",
        "200405": "19.39",
        "200406": "17.45",
        "200407": "15.75",
        "200408": "14.23",
        "200409": "13.07",
        "200410": "13.19",
        "200411": "12.50",
        "200412": "11.97",
        "200501": "11.68",
        "200502": "11.92",
        "200503": "12.16",
        "200504": "11.80",
        "200505": "12.25",
        "200506": "18.87",
        "200507": "21.05",
        "200508": "16.75",
        "200509": "16.58",
        "200510": "16.73",
        "200511": "17.38",
        "200512": "17.59",
        "200601": "16.38",
        "200602": "16.11",
        "200603": "15.15",
        "200604": "15.88",
        "200605": "16.77",
        "200606": "14.90",
        "200607": "16.91",
        "200608": "17.81",
        "200609": "19.39",
        "200610": "21.93",
        "200611": "21.80",
        "200612": "24.84",
        "200701": "33.58",
        "200702": "38.28",
        "200703": "44.58",
        "200704": "47.27",
        "200705": "45.28",
        "200706": "45.84",
        "200707": "53.09",
        "200708": "53.07",
        "200709": "49.32",
        "200710": "50.20",
        "200711": "43.93",
        "200712": "40.64",
        "200801": "39.32",
        "200802": "41.93",
        "200803": "47.96",
        "200804": "51.08",
        "200805": "50.25",
        "200806": "46.72",
        "200807": "41.10",
        "200808": "42.10",
        "200809": "37.35",
        "200810": "31.47",
        "200811": "30.68",
        "200812": "31.41",
        "200901": "31.44",
        "200902": "31.20",
        "200903": "38.10",
        "200904": "40.17",
        "200905": "45.05",
        "200906": "45.96",
        "200907": "41.37",
        "200908": "41.24",
        "200909": "45.40",
        "200910": "45.40",
        "200911": "45.50",
        "200912": "46.08",
        "201001": "47.78",
        "201002": "45.91",
        "201003": "48.93",
        "201004": "49.45",
        "201005": "49.57",
        "201006": "50.66",
        "201007": "50.08",
        "201008": "48.41",
        "201009": "49.68",
        "201010": "51.51",
        "201011": "53.32",
        "201012": "57.22",
        "201101": "60.00",
        "201102": "72.85",
        "201103": "77.75",
        "201104": "87.67",
        "201105": "114.07",
        "201106": "130.71",
        "201107": "146.24",
        "201108": "142.78",
        "201109": "106.74",
        "201110": "99.30",
        "201111": "106.91",
        "201112": "92.93",
        "201201": "102.79",
        "201202": "125.25",
        "201203": "131.46",
        "201204": "119.25",
        "201205": "112.75",
        "201206": "102.13",
        "201207": "104.66",
        "201208": "113.43",
        "201209": "107.30",
        "201210": "103.94",
        "201211": "95.25",
        "201212": "96.22",
        "201301": "94.64",
        "201302": "96.86",
        "201303": "95.86",
        "201304": "92.93",
        "201305": "98.59",
        "201306": "103.03",
        "201307": "100.34",
        "201308": "98.57",
        "201309": "94.78",
        "201310": "94.98",
        "201311": "91.02",
        "201312": "92.06",
        "201401": "91.23",
        "201402": "87.71",
        "201403": "85.44",
        "201404": "82.40",
        "201405": "75.08",
        "201406": "70.74",
        "201407": "69.05",
        "201408": "56.22",
        "201409": "58.08",
        "201410": "56.84",
        "201411": "54.10",
        "201412": "51.23",
        "201501": "51.01",
        "201502": "50.62",
        "201503": "49.62",
        "201504": "44.57",
        "201505": "46.03",
        "201506": "46.09",
        "201507": "49.45",
        "201508": "44.40",
        "201509": "42.68",
        "201510": "46.38",
        "201511": "41.72",
        "201512": "39.30",
        "201601": "38.61",
        "201602": "42.17",
        "201603": "43.54",
        "201604": "42.97",
        "201605": "43.38",
        "201606": "43.65",
        "201607": "53.07",
        "201608": "52.28",
        "201609": "52.82",
        "201610": "50.45",
        "201611": "49.99",
        "201612": "51.48",
        "201701": "52.29",
        "201702": "53.66",
        "201703": "53.85",
        "201704": "52.85",
        "201705": "53.68",
        "201706": "54.72",
        "201707": "57.74",
        "201708": "52.43",
        "201709": "52.34",
        "201710": "51.92",
        "201711": "51.50",
        "201712": "50.84",
        "201801": "51.43",
        "201802": "51.14",
        "201803": "52.30",
        "201804": "52.79",
        "201805": "51.60",
        "201806": "50.69",
        "201807": "49.42",
        "201808": "42.50",
        "201809": "40.27",
        "201810": "37.70",
        "201811": "34.94",
        "201812": "35.36",
        "201901": "34.96",
        "201902": "35.00",
        "201903": "35.88",
        "201904": "35.78",
        "201905": "33.18",
        "201906": "31.99",
        "201907": "32.92",
        "201908": "31.05",
        "201909": "30.83",
        "201910": "30.79",
        "201911": "30.99",
        "201912": "31.43",
        "202001": "32.42",
        "202002": "31.69",
        "202003": "28.33",
        "202004": "27.91",
        "202005": "28.32",
        "202006": "29.98",
        "202007": "28.79",
        "202008": "28.35",
        "202009": "28.88",
        "202010": "28.91",
        "202011": "28.91",
        "202012": "30.00",
        "202101": "33.38",
        "202102": "31.98",
        "202103": "33.31",
        "202104": "35.02",
        "202105": "32.23",
        "202106": "32.79",
        "202107": "31.88",
        "202108": "31.45",
        "202109": "31.47",
        "202110": "31.74",
        "202111": "32.95",
        "202112": "33.10",
        "202201": "32.94",
        "202202": "33.01",
        "202203": "33.16",
        "202204": "34.19",
        "202205": "33.23",
        "202206": "33.11",
        "202207": "30.87",
        "202208": "31.57",
        "202209": "31.21",
        "202210": "29.86",
        "202211": "30.44",
        "202212": "30.93",
        "202301": "31.42",
        "202302": "32.46",
        "202303": "34.42",
        "202304": "34.96",
        "202305": "35.99",
        "202306": "35.79",
        "202307": "35.02",
        "202308": "35.93",
        "202309": "36.51",
        "202310": "36.24",
        "202311": "38.14",
        "202312": "39.00"
    },
    "quarters": {
        "20011": {
            "year_quarter": 20011,
            "year": 2001,
            "quarter": 1,
            "eps": 0.7,
            "eps_growth_year": -39.13,
            "eps_4q": 0.97,
            "eps_4q_growth_year": null,
            "roe": 5.07,
            "roe_4q": 5.07,
            "gross_profit": 379730,
            "gross_margin": 13.13,
            "gross_margin_4q_avg": 13.13,
            "net_income": 93477,
            "net_income_4q": null,
            "revenue": 2891545,
            "revenue_4q": null,
            "common_shares": 1334252,
            "book_valuer_per_share": 14.18,
            "book_valuer_per_share_4q_avg": 14.18,
            "equity": 1892219,
            "current_ratio": 193.08,
            "debt_ratio": 50.48,
            "inventory_turnover_ratio": 2.64,
            "account_receivable_turnover_ratio": null,
            "reinvestment_rate": null,
            "research_to_sale_ratio": null,
            "price_fair": 0,
            "eps_avg_yearly": 0,
            "eps_latest_yearly": 0,
            "eps_growth_yearly": 0
        },
        "20012": {
            "year_quarter": 20012,
            "year": 2001,
            "quarter": 2,
            "eps": 0.77,
            "eps_growth_year": null,
            "eps_4q": 2.29,
            "eps_4q_growth_year": null,
            "roe": 6.41,
            "roe_4q": 11.48,
            "gross_profit": 401947,
            "gross_margin": 13.93,
            "gross_margin_4q_avg": 13.53,
            "net_income": 125202,
            "net_income_4q": null,
            "revenue": 2885555,
            "revenue_4q": null,
            "common_shares": 1334252,
            "book_valuer_per_share": 15.1,
            "book_valuer_per_share_4q_avg": 14.64,
            "equity": 2014470,
            "current_ratio": 214.18,
            "debt_ratio": 43.2,
            "inventory_turnover_ratio": 2.81,
            "account_receivable_turnover_ratio": null,
            "reinvestment_rate": null,
            "research_to_sale_ratio": null,
            "price_fair": 0,
            "eps_avg_yearly": 0,
            "eps_latest_yearly": 0,
            "eps_growth_yearly": 0
        },
        "20013": {
            "year_quarter": 20013,
            "year": 2001,
            "quarter": 3,
            "eps": 1.1,
            "eps_growth_year": 168.29,
            "eps_4q": 3.08,
            "eps_4q_growth_year": null,
            "roe": 8.63,
            "roe_4q": 20.11,
            "gross_profit": 480491,
            "gross_margin": 13.22,
            "gross_margin_4q_avg": 13.43,
            "net_income": 176644,
            "net_income_4q": null,
            "revenue": 3635467,
            "revenue_4q": null,
            "common_shares": 1615852,
            "book_valuer_per_share": 12.85,
            "book_valuer_per_share_4q_avg": 14.04,
            "equity": 2076940,
            "current_ratio": 207.82,
            "debt_ratio": 45.82,
            "inventory_turnover_ratio": 3.81,
            "account_receivable_turnover_ratio": null,
            "reinvestment_rate": null,
            "research_to_sale_ratio": null,
            "price_fair": 0,
            "eps_avg_yearly": 0,
            "eps_latest_yearly": 0,
            "eps_growth_yearly": 0
        },
        "20014": {
            "year_quarter": 20014,
            "year": 2001,
            "quarter": 4,
            "eps": 0.5,
            "eps_growth_year": -33.33,
            "eps_4q": 2.98,
            "eps_4q_growth_year": 140.06,
            "roe": 3.77,
            "roe_4q": 23.880000000000003,
            "gross_profit": 284982,
            "gross_margin": 10.15,
            "gross_margin_4q_avg": 12.61,
            "net_income": 79860,
            "net_income_4q": null,
            "revenue": 2806567,
            "revenue_4q": null,
            "common_shares": 1615852,
            "book_valuer_per_share": 13.35,
            "book_valuer_per_share_4q_avg": 13.87,
            "equity": 2157966,
            "current_ratio": 240.81,
            "debt_ratio": 37.09,
            "inventory_turnover_ratio": 2.77,
            "account_receivable_turnover_ratio": null,
            "reinvestment_rate": null,
            "research_to_sale_ratio": null,
            "price_fair": 0,
            "eps_avg_yearly": 0,
            "eps_latest_yearly": 0,
            "eps_growth_yearly": 0
        },
        "20021": {
            "year_quarter": 20021,
            "year": 2002,
            "quarter": 1,
            "eps": 0.83,
            "eps_growth_year": 18.57,
            "eps_4q": 3.24,
            "eps_4q_growth_year": 235.28,
            "roe": 5.9,
            "roe_4q": 24.71,
            "gross_profit": 373056,
            "gross_margin": 13.11,
            "gross_margin_4q_avg": 12.6,
            "net_income": 131216,
            "net_income_4q": null,
            "revenue": 2845976,
            "revenue_4q": null,
            "common_shares": 1615852,
            "book_valuer_per_share": 14.17,
            "book_valuer_per_share_4q_avg": 13.87,
            "equity": 2289181,
            "current_ratio": 203.06,
            "debt_ratio": 49.57,
            "inventory_turnover_ratio": 2.24,
            "account_receivable_turnover_ratio": null,
            "reinvestment_rate": null,
            "research_to_sale_ratio": null,
            "price_fair": 116.2,
            "eps_avg_yearly": 3.32,
            "eps_latest_yearly": 3.32,
            "eps_growth_yearly": 264
        },
        "20022": {
            "year_quarter": 20022,
            "year": 2002,
            "quarter": 2,
            "eps": 0.47,
            "eps_growth_year": -38.96,
            "eps_4q": 2.56,
            "eps_4q_growth_year": 11.93,
            "roe": 3.88,
            "roe_4q": 22.18,
            "gross_profit": 305835,
            "gross_margin": 10.4,
            "gross_margin_4q_avg": 11.72,
            "net_income": 87192,
            "net_income_4q": null,
            "revenue": 2940996,
            "revenue_4q": null,
            "common_shares": 1615852,
            "book_valuer_per_share": 13.68,
            "book_valuer_per_share_4q_avg": 13.51,
            "equity": 2209712,
            "current_ratio": 314.25,
            "debt_ratio": 35.38,
            "inventory_turnover_ratio": 2.28,
            "account_receivable_turnover_ratio": null,
            "reinvestment_rate": null,
            "research_to_sale_ratio": null,
            "price_fair": 91,
            "eps_avg_yearly": 2.6,
            "eps_latest_yearly": 1.88,
            "eps_growth_yearly": 45.25
        },
        "20023": {
            "year_quarter": 20023,
            "year": 2002,
            "quarter": 3,
            "eps": 0.77,
            "eps_growth_year": -30,
            "eps_4q": 2.4,
            "eps_4q_growth_year": -22,
            "roe": 6.17,
            "roe_4q": 19.720000000000002,
            "gross_profit": 427005,
            "gross_margin": 12.2,
            "gross_margin_4q_avg": 11.47,
            "net_income": 140689,
            "net_income_4q": null,
            "revenue": 3500851,
            "revenue_4q": null,
            "common_shares": 1871482,
            "book_valuer_per_share": 12.56,
            "book_valuer_per_share_4q_avg": 13.44,
            "equity": 2350401,
            "current_ratio": 200.83,
            "debt_ratio": 49.66,
            "inventory_turnover_ratio": 2.84,
            "account_receivable_turnover_ratio": null,
            "reinvestment_rate": null,
            "research_to_sale_ratio": null,
            "price_fair": 96.6,
            "eps_avg_yearly": 2.76,
            "eps_latest_yearly": 3.08,
            "eps_growth_yearly": 115.28
        },
        "20024": {
            "year_quarter": 20024,
            "year": 2002,
            "quarter": 4,
            "eps": 0.61,
            "eps_growth_year": 22,
            "eps_4q": 2.56,
            "eps_4q_growth_year": -13.87,
            "roe": 4.65,
            "roe_4q": 20.6,
            "gross_profit": 350236,
            "gross_margin": 10.78,
            "gross_margin_4q_avg": 11.62,
            "net_income": 112199,
            "net_income_4q": null,
            "revenue": 3249568,
            "revenue_4q": null,
            "common_shares": 1871481,
            "book_valuer_per_share": 13.2,
            "book_valuer_per_share_4q_avg": 13.4,
            "equity": 2470269,
            "current_ratio": 266.18,
            "debt_ratio": 49.38,
            "inventory_turnover_ratio": 2.15,
            "account_receivable_turnover_ratio": null,
            "reinvestment_rate": null,
            "research_to_sale_ratio": null,
            "price_fair": 93.8,
            "eps_avg_yearly": 2.68,
            "eps_latest_yearly": 2.44,
            "eps_growth_yearly": 65.68
        },
        "20031": {
            "year_quarter": 20031,
            "year": 2003,
            "quarter": 1,
            "eps": 0.46,
            "eps_growth_year": -44.58,
            "eps_4q": 2.31,
            "eps_4q_growth_year": -28.84,
            "roe": 3.37,
            "roe_4q": 18.07,
            "gross_profit": 354334,
            "gross_margin": 10.32,
            "gross_margin_4q_avg": 10.93,
            "net_income": 84616,
            "net_income_4q": null,
            "revenue": 3432239,
            "revenue_4q": null,
            "common_shares": 1871481,
            "book_valuer_per_share": 13.65,
            "book_valuer_per_share_4q_avg": 13.27,
            "equity": 2555131,
            "current_ratio": 249.72,
            "debt_ratio": 47.55,
            "inventory_turnover_ratio": 1.99,
            "account_receivable_turnover_ratio": null,
            "reinvestment_rate": null,
            "research_to_sale_ratio": null,
            "price_fair": 87.92,
            "eps_avg_yearly": 2.51,
            "eps_latest_yearly": 1.84,
            "eps_growth_yearly": 32.87
        },
        "20032": {
            "year_quarter": 20032,
            "year": 2003,
            "quarter": 2,
            "eps": 0.37,
            "eps_growth_year": -21.28,
            "eps_4q": 2.21,
            "eps_4q_growth_year": -13.85,
            "roe": 2.73,
            "roe_4q": 16.92,
            "gross_profit": 317001,
            "gross_margin": 8.84,
            "gross_margin_4q_avg": 10.54,
            "net_income": 68033,
            "net_income_4q": null,
            "revenue": 3584980,
            "revenue_4q": null,
            "common_shares": 1871481,
            "book_valuer_per_share": 12.99,
            "book_valuer_per_share_4q_avg": 13.1,
            "equity": 2431043,
            "current_ratio": 237.66,
            "debt_ratio": 48.35,
            "inventory_turnover_ratio": 2.26,
            "account_receivable_turnover_ratio": null,
            "reinvestment_rate": null,
            "research_to_sale_ratio": null,
            "price_fair": 56.97,
            "eps_avg_yearly": 2.34,
            "eps_latest_yearly": 1.48,
            "eps_growth_yearly": 14.35
        },
        "20033": {
            "year_quarter": 20033,
            "year": 2003,
            "quarter": 3,
            "eps": 0.23,
            "eps_growth_year": -70.13,
            "eps_4q": 1.49,
            "eps_4q_growth_year": -38.02,
            "roe": 1.97,
            "roe_4q": 12.72,
            "gross_profit": 379775,
            "gross_margin": 8.94,
            "gross_margin_4q_avg": 9.72,
            "net_income": 48379,
            "net_income_4q": null,
            "revenue": 4246414,
            "revenue_4q": null,
            "common_shares": 2097804,
            "book_valuer_per_share": 11.79,
            "book_valuer_per_share_4q_avg": 12.91,
            "equity": 2474333,
            "current_ratio": 190.78,
            "debt_ratio": 55.76,
            "inventory_turnover_ratio": 2.59,
            "account_receivable_turnover_ratio": null,
            "reinvestment_rate": null,
            "research_to_sale_ratio": null,
            "price_fair": 6.41,
            "eps_avg_yearly": 2.14,
            "eps_latest_yearly": 0.92,
            "eps_growth_yearly": -9.32
        },
        "20034": {
            "year_quarter": 20034,
            "year": 2003,
            "quarter": 4,
            "eps": 0.38,
            "eps_growth_year": -37.7,
            "eps_4q": 1.35,
            "eps_4q_growth_year": -47.39,
            "roe": 3.14,
            "roe_4q": 11.21,
            "gross_profit": 355843,
            "gross_margin": 8.72,
            "gross_margin_4q_avg": 9.21,
            "net_income": 78903,
            "net_income_4q": null,
            "revenue": 4078860,
            "revenue_4q": null,
            "common_shares": 2097804,
            "book_valuer_per_share": 12.18,
            "book_valuer_per_share_4q_avg": 12.65,
            "equity": 2554573,
            "current_ratio": 215.85,
            "debt_ratio": 49.23,
            "inventory_turnover_ratio": 2.43,
            "account_receivable_turnover_ratio": null,
            "reinvestment_rate": 28.56,
            "research_to_sale_ratio": null,
            "price_fair": 70.97,
            "eps_avg_yearly": 2.06,
            "eps_latest_yearly": 1.52,
            "eps_growth_yearly": 24.45
        },
        "20041": {
            "year_quarter": 20041,
            "year": 2004,
            "quarter": 1,
            "eps": 0.13,
            "eps_growth_year": -71.74,
            "eps_4q": 1.07,
            "eps_4q_growth_year": -53.61,
            "roe": 1.05,
            "roe_4q": 8.89,
            "gross_profit": 341828,
            "gross_margin": 8.11,
            "gross_margin_4q_avg": 8.65,
            "net_income": 26983,
            "net_income_4q": null,
            "revenue": 4214887,
            "revenue_4q": null,
            "common_shares": 2097804,
            "book_valuer_per_share": 12.28,
            "book_valuer_per_share_4q_avg": 12.31,
            "equity": 2576774,
            "current_ratio": 202.17,
            "debt_ratio": 51.32,
            "inventory_turnover_ratio": 2.61,
            "account_receivable_turnover_ratio": null,
            "reinvestment_rate": 38.31,
            "research_to_sale_ratio": null,
            "price_fair": 5.67,
            "eps_avg_yearly": 1.89,
            "eps_latest_yearly": 0.52,
            "eps_growth_yearly": -7.51
        },
        "20042": {
            "year_quarter": 20042,
            "year": 2004,
            "quarter": 2,
            "eps": 0.18,
            "eps_growth_year": -51.35,
            "eps_4q": 0.89,
            "eps_4q_growth_year": -59.72,
            "roe": 1.53,
            "roe_4q": 7.69,
            "gross_profit": 329100,
            "gross_margin": 8.17,
            "gross_margin_4q_avg": 8.49,
            "net_income": 39201,
            "net_income_4q": null,
            "revenue": 4028585,
            "revenue_4q": null,
            "common_shares": 2097804,
            "book_valuer_per_share": 12.16,
            "book_valuer_per_share_4q_avg": 12.1,
            "equity": 2551276,
            "current_ratio": 215.13,
            "debt_ratio": 52.33,
            "inventory_turnover_ratio": 2.14,
            "account_receivable_turnover_ratio": null,
            "reinvestment_rate": 38.88,
            "research_to_sale_ratio": null,
            "price_fair": 33.01,
            "eps_avg_yearly": 1.77,
            "eps_latest_yearly": 0.72,
            "eps_growth_yearly": 8.63
        },
        "20043": {
            "year_quarter": 20043,
            "year": 2004,
            "quarter": 3,
            "eps": 0.06,
            "eps_growth_year": -73.91,
            "eps_4q": 0.73,
            "eps_4q_growth_year": -51.03,
            "roe": 0.51,
            "roe_4q": 6.23,
            "gross_profit": 320128,
            "gross_margin": 7.28,
            "gross_margin_4q_avg": 8.07,
            "net_income": 13007,
            "net_income_4q": null,
            "revenue": 4399128,
            "revenue_4q": null,
            "common_shares": 2234092,
            "book_valuer_per_share": 11.48,
            "book_valuer_per_share_4q_avg": 12.03,
            "equity": 2564283,
            "current_ratio": 170.32,
            "debt_ratio": 54.26,
            "inventory_turnover_ratio": 2.23,
            "account_receivable_turnover_ratio": null,
            "reinvestment_rate": 48.39,
            "research_to_sale_ratio": null,
            "price_fair": 4.9,
            "eps_avg_yearly": 1.63,
            "eps_latest_yearly": 0.24,
            "eps_growth_yearly": -16.4
        },
        "20044": {
            "year_quarter": 20044,
            "year": 2004,
            "quarter": 4,
            "eps": 0,
            "eps_growth_year": -100,
            "eps_4q": 0.36,
            "eps_4q_growth_year": -73.3,
            "roe": 0.02,
            "roe_4q": 3.1100000000000003,
            "gross_profit": 324637,
            "gross_margin": 7.83,
            "gross_margin_4q_avg": 7.85,
            "net_income": 537,
            "net_income_4q": null,
            "revenue": 4148277,
            "revenue_4q": null,
            "common_shares": 2234092,
            "book_valuer_per_share": 11.43,
            "book_valuer_per_share_4q_avg": 11.84,
            "equity": 2553627,
            "current_ratio": 189.34,
            "debt_ratio": 50.18,
            "inventory_turnover_ratio": 2.2,
            "account_receivable_turnover_ratio": null,
            "reinvestment_rate": 59.72,
            "research_to_sale_ratio": null,
            "price_fair": 4.9,
            "eps_avg_yearly": 1.63,
            "eps_latest_yearly": 0.24,
            "eps_growth_yearly": -16.4
        },
        "20051": {
            "year_quarter": 20051,
            "year": 2005,
            "quarter": 1,
            "eps": 0.06,
            "eps_growth_year": -53.85,
            "eps_4q": 0.28,
            "eps_4q_growth_year": -73.62,
            "roe": 0.56,
            "roe_4q": 2.62,
            "gross_profit": 296633,
            "gross_margin": 7.02,
            "gross_margin_4q_avg": 7.58,
            "net_income": 14222,
            "net_income_4q": null,
            "revenue": 4223526,
            "revenue_4q": null,
            "common_shares": 2234092,
            "book_valuer_per_share": 11.42,
            "book_valuer_per_share_4q_avg": 11.62,
            "equity": 2551472,
            "current_ratio": 190.01,
            "debt_ratio": 49.52,
            "inventory_turnover_ratio": 2.34,
            "account_receivable_turnover_ratio": null,
            "reinvestment_rate": 70.55,
            "research_to_sale_ratio": null,
            "price_fair": 4.9,
            "eps_avg_yearly": 1.63,
            "eps_latest_yearly": 0.24,
            "eps_growth_yearly": -16.4
        },
        "20052": {
            "year_quarter": 20052,
            "year": 2005,
            "quarter": 2,
            "eps": 0.16,
            "eps_growth_year": -11.11,
            "eps_4q": 0.28,
            "eps_4q_growth_year": -68.05,
            "roe": 1.41,
            "roe_4q": 2.5,
            "gross_profit": 306866,
            "gross_margin": 7.41,
            "gross_margin_4q_avg": 7.39,
            "net_income": 35888,
            "net_income_4q": null,
            "revenue": 4142038,
            "revenue_4q": null,
            "common_shares": 2234092,
            "book_valuer_per_share": 11.44,
            "book_valuer_per_share_4q_avg": 11.44,
            "equity": 2555448,
            "current_ratio": 181.95,
            "debt_ratio": 49.82,
            "inventory_turnover_ratio": 2.45,
            "account_receivable_turnover_ratio": null,
            "reinvestment_rate": 88.53,
            "research_to_sale_ratio": null,
            "price_fair": 54.25,
            "eps_avg_yearly": 1.55,
            "eps_latest_yearly": 0.64,
            "eps_growth_yearly": 40.52
        },
        "20053": {
            "year_quarter": 20053,
            "year": 2005,
            "quarter": 3,
            "eps": 0.37,
            "eps_growth_year": 516.67,
            "eps_4q": 0.6,
            "eps_4q_growth_year": -17.48,
            "roe": 3.11,
            "roe_4q": 5.1,
            "gross_profit": 385352,
            "gross_margin": 9.49,
            "gross_margin_4q_avg": 7.94,
            "net_income": 80835,
            "net_income_4q": null,
            "revenue": 4061991,
            "revenue_4q": null,
            "common_shares": 2234092,
            "book_valuer_per_share": 11.8,
            "book_valuer_per_share_4q_avg": 11.52,
            "equity": 2635742,
            "current_ratio": 184,
            "debt_ratio": 47.73,
            "inventory_turnover_ratio": 2.5,
            "account_receivable_turnover_ratio": null,
            "reinvestment_rate": 96.05,
            "research_to_sale_ratio": null,
            "price_fair": 54.06,
            "eps_avg_yearly": 1.54,
            "eps_latest_yearly": 1.48,
            "eps_growth_yearly": 77.79
        },
        "20054": {
            "year_quarter": 20054,
            "year": 2005,
            "quarter": 4,
            "eps": 0.17,
            "eps_growth_year": null,
            "eps_4q": 0.78,
            "eps_4q_growth_year": 117.71,
            "roe": 1.38,
            "roe_4q": 6.460000000000001,
            "gross_profit": 393671,
            "gross_margin": 10.19,
            "gross_margin_4q_avg": 8.53,
            "net_income": 36270,
            "net_income_4q": null,
            "revenue": 3861617,
            "revenue_4q": null,
            "common_shares": 2234092,
            "book_valuer_per_share": 11.7,
            "book_valuer_per_share_4q_avg": 11.59,
            "equity": 2613505,
            "current_ratio": 162.18,
            "debt_ratio": 56.31,
            "inventory_turnover_ratio": 2.01,
            "account_receivable_turnover_ratio": null,
            "reinvestment_rate": 91.3,
            "research_to_sale_ratio": null,
            "price_fair": 51.9,
            "eps_avg_yearly": 1.48,
            "eps_latest_yearly": 0.68,
            "eps_growth_yearly": 56.79
        },
        "20061": {
            "year_quarter": 20061,
            "year": 2006,
            "quarter": 1,
            "eps": 0.32,
            "eps_growth_year": 433.33,
            "eps_4q": 1.03,
            "eps_4q_growth_year": 264.84,
            "roe": 2.6,
            "roe_4q": 8.5,
            "gross_profit": 382046,
            "gross_margin": 9.15,
            "gross_margin_4q_avg": 9.06,
            "net_income": 68881,
            "net_income_4q": null,
            "revenue": 4175226,
            "revenue_4q": null,
            "common_shares": 2234092,
            "book_valuer_per_share": 12,
            "book_valuer_per_share_4q_avg": 11.74,
            "equity": 2680204,
            "current_ratio": 173.34,
            "debt_ratio": 50.08,
            "inventory_turnover_ratio": 2.01,
            "account_receivable_turnover_ratio": null,
            "reinvestment_rate": 94.03,
            "research_to_sale_ratio": null,
            "price_fair": 46.8,
            "eps_avg_yearly": 1.34,
            "eps_latest_yearly": 1.28,
            "eps_growth_yearly": 63.14
        },
        "20062": {
            "year_quarter": 20062,
            "year": 2006,
            "quarter": 2,
            "eps": 0.2,
            "eps_growth_year": 25,
            "eps_4q": 1.05,
            "eps_4q_growth_year": 269,
            "roe": 1.62,
            "roe_4q": 8.71,
            "gross_profit": 199642,
            "gross_margin": 6.17,
            "gross_margin_4q_avg": 8.75,
            "net_income": 43907,
            "net_income_4q": null,
            "revenue": 3234344,
            "revenue_4q": null,
            "common_shares": 2234092,
            "book_valuer_per_share": 12.34,
            "book_valuer_per_share_4q_avg": 11.96,
            "equity": 2756376,
            "current_ratio": 192.62,
            "debt_ratio": 45.98,
            "inventory_turnover_ratio": 1.84,
            "account_receivable_turnover_ratio": null,
            "reinvestment_rate": 96.18,
            "research_to_sale_ratio": null,
            "price_fair": 44.1,
            "eps_avg_yearly": 1.26,
            "eps_latest_yearly": 0.8,
            "eps_growth_yearly": 64.82
        },
        "20063": {
            "year_quarter": 20063,
            "year": 2006,
            "quarter": 3,
            "eps": 0.33,
            "eps_growth_year": -10.81,
            "eps_4q": 1.01,
            "eps_4q_growth_year": 67.56,
            "roe": 2.6,
            "roe_4q": 8.2,
            "gross_profit": 639056,
            "gross_margin": 11.25,
            "gross_margin_4q_avg": 9.19,
            "net_income": 72504,
            "net_income_4q": null,
            "revenue": 5681767,
            "revenue_4q": null,
            "common_shares": 2234092,
            "book_valuer_per_share": 12.67,
            "book_valuer_per_share_4q_avg": 12.18,
            "equity": 2831081,
            "current_ratio": 185.38,
            "debt_ratio": 49.02,
            "inventory_turnover_ratio": 3.29,
            "account_receivable_turnover_ratio": null,
            "reinvestment_rate": 101.18,
            "research_to_sale_ratio": null,
            "price_fair": 39.7,
            "eps_avg_yearly": 1.13,
            "eps_latest_yearly": 1.32,
            "eps_growth_yearly": 65.16
        },
        "20064": {
            "year_quarter": 20064,
            "year": 2006,
            "quarter": 4,
            "eps": 0.43,
            "eps_growth_year": 152.94,
            "eps_4q": 1.28,
            "eps_4q_growth_year": 63.21,
            "roe": 3.25,
            "roe_4q": 10.07,
            "gross_profit": 388077,
            "gross_margin": 9.62,
            "gross_margin_4q_avg": 9.05,
            "net_income": 93825,
            "net_income_4q": null,
            "revenue": 4034666,
            "revenue_4q": null,
            "common_shares": 2237287,
            "book_valuer_per_share": 13.15,
            "book_valuer_per_share_4q_avg": 12.54,
            "equity": 2941660,
            "current_ratio": 194.42,
            "debt_ratio": 48.69,
            "inventory_turnover_ratio": 2.38,
            "account_receivable_turnover_ratio": null,
            "reinvestment_rate": 77.99,
            "research_to_sale_ratio": null,
            "price_fair": 37.9,
            "eps_avg_yearly": 1.08,
            "eps_latest_yearly": 1.72,
            "eps_growth_yearly": 79.75
        },
        "20071": {
            "year_quarter": 20071,
            "year": 2007,
            "quarter": 1,
            "eps": 0.65,
            "eps_growth_year": 103.12,
            "eps_4q": 1.58,
            "eps_4q_growth_year": 53.49,
            "roe": 4.8,
            "roe_4q": 12.27,
            "gross_profit": 450862,
            "gross_margin": 10.59,
            "gross_margin_4q_avg": 9.41,
            "net_income": 146606,
            "net_income_4q": null,
            "revenue": 4257744,
            "revenue_4q": null,
            "common_shares": 2236872,
            "book_valuer_per_share": 14.15,
            "book_valuer_per_share_4q_avg": 13.08,
            "equity": 3164633,
            "current_ratio": 210.17,
            "debt_ratio": 44.48,
            "inventory_turnover_ratio": 2.42,
            "account_receivable_turnover_ratio": null,
            "reinvestment_rate": 16.98,
            "research_to_sale_ratio": null,
            "price_fair": 39.8,
            "eps_avg_yearly": 1.14,
            "eps_latest_yearly": 2.6,
            "eps_growth_yearly": 101.4
        },
        "20072": {
            "year_quarter": 20072,
            "year": 2007,
            "quarter": 2,
            "eps": 0.97,
            "eps_growth_year": 385,
            "eps_4q": 2.33,
            "eps_4q_growth_year": 122.2,
            "roe": 7.04,
            "roe_4q": 17.69,
            "gross_profit": 643930,
            "gross_margin": 14.18,
            "gross_margin_4q_avg": 11.41,
            "net_income": 223721,
            "net_income_4q": null,
            "revenue": 4539630,
            "revenue_4q": null,
            "common_shares": 2255152,
            "book_valuer_per_share": 14.14,
            "book_valuer_per_share_4q_avg": 13.53,
            "equity": 3188172,
            "current_ratio": 205.66,
            "debt_ratio": 44.99,
            "inventory_turnover_ratio": 2.55,
            "account_receivable_turnover_ratio": null,
            "reinvestment_rate": 8.31,
            "research_to_sale_ratio": null,
            "price_fair": 45.8,
            "eps_avg_yearly": 1.31,
            "eps_latest_yearly": 3.88,
            "eps_growth_yearly": 121.05
        },
        "20073": {
            "year_quarter": 20073,
            "year": 2007,
            "quarter": 3,
            "eps": 1.31,
            "eps_growth_year": 296.97,
            "eps_4q": 3.33,
            "eps_4q_growth_year": 229.89,
            "roe": 9.03,
            "roe_4q": 24.12,
            "gross_profit": 763892,
            "gross_margin": 14.26,
            "gross_margin_4q_avg": 12.16,
            "net_income": 301501,
            "net_income_4q": null,
            "revenue": 5357349,
            "revenue_4q": null,
            "common_shares": 2311062,
            "book_valuer_per_share": 15.1,
            "book_valuer_per_share_4q_avg": 14.14,
            "equity": 3488760,
            "current_ratio": 190.88,
            "debt_ratio": 43.7,
            "inventory_turnover_ratio": 3.16,
            "account_receivable_turnover_ratio": null,
            "reinvestment_rate": 5.4,
            "research_to_sale_ratio": null,
            "price_fair": 56.6,
            "eps_avg_yearly": 1.62,
            "eps_latest_yearly": 5.24,
            "eps_growth_yearly": 141.88
        },
        "20074": {
            "year_quarter": 20074,
            "year": 2007,
            "quarter": 4,
            "eps": 1.12,
            "eps_growth_year": 160.47,
            "eps_4q": 4.02,
            "eps_4q_growth_year": 214.32,
            "roe": 7.16,
            "roe_4q": 28.029999999999998,
            "gross_profit": 828974,
            "gross_margin": 15.54,
            "gross_margin_4q_avg": 13.64,
            "net_income": 259401,
            "net_income_4q": null,
            "revenue": 5334811,
            "revenue_4q": null,
            "common_shares": 2311062,
            "book_valuer_per_share": 16.28,
            "book_valuer_per_share_4q_avg": 14.92,
            "equity": 3761395,
            "current_ratio": 214.32,
            "debt_ratio": 34.94,
            "inventory_turnover_ratio": 3.14,
            "account_receivable_turnover_ratio": null,
            "reinvestment_rate": -3.86,
            "research_to_sale_ratio": null,
            "price_fair": 64,
            "eps_avg_yearly": 1.83,
            "eps_latest_yearly": 4.48,
            "eps_growth_yearly": 119.1
        },
        "20081": {
            "year_quarter": 20081,
            "year": 2008,
            "quarter": 1,
            "eps": 1.32,
            "eps_growth_year": 103.08,
            "eps_4q": 4.71,
            "eps_4q_growth_year": 197.56,
            "roe": 7.81,
            "roe_4q": 31.04,
            "gross_profit": 839232,
            "gross_margin": 13.9,
            "gross_margin_4q_avg": 14.47,
            "net_income": 305718,
            "net_income_4q": null,
            "revenue": 6037460,
            "revenue_4q": null,
            "common_shares": 2319142,
            "book_valuer_per_share": 17.55,
            "book_valuer_per_share_4q_avg": 15.77,
            "equity": 4070797,
            "current_ratio": 193.21,
            "debt_ratio": 41.13,
            "inventory_turnover_ratio": 3.12,
            "account_receivable_turnover_ratio": null,
            "reinvestment_rate": -8.72,
            "research_to_sale_ratio": null,
            "price_fair": 75.9,
            "eps_avg_yearly": 2.17,
            "eps_latest_yearly": 5.28,
            "eps_growth_yearly": 143
        },
        "20082": {
            "year_quarter": 20082,
            "year": 2008,
            "quarter": 2,
            "eps": 1.05,
            "eps_growth_year": 8.25,
            "eps_4q": 4.78,
            "eps_4q_growth_year": 105.41,
            "roe": 6.35,
            "roe_4q": 30.35,
            "gross_profit": 820844,
            "gross_margin": 16.05,
            "gross_margin_4q_avg": 14.94,
            "net_income": 243982,
            "net_income_4q": null,
            "revenue": 5114733,
            "revenue_4q": null,
            "common_shares": 2325707,
            "book_valuer_per_share": 15.52,
            "book_valuer_per_share_4q_avg": 16.11,
            "equity": 3609840,
            "current_ratio": 158.69,
            "debt_ratio": 51.14,
            "inventory_turnover_ratio": 2.22,
            "account_receivable_turnover_ratio": null,
            "reinvestment_rate": -16.64,
            "research_to_sale_ratio": null,
            "price_fair": 84.6,
            "eps_avg_yearly": 2.42,
            "eps_latest_yearly": 4.2,
            "eps_growth_yearly": 126.17
        },
        "20083": {
            "year_quarter": 20083,
            "year": 2008,
            "quarter": 3,
            "eps": 1.35,
            "eps_growth_year": 3.05,
            "eps_4q": 4.69,
            "eps_4q_growth_year": 40.96,
            "roe": 8.65,
            "roe_4q": 29.97,
            "gross_profit": 994456,
            "gross_margin": 16.35,
            "gross_margin_4q_avg": 15.46,
            "net_income": 327095,
            "net_income_4q": null,
            "revenue": 6082806,
            "revenue_4q": null,
            "common_shares": 2434120,
            "book_valuer_per_share": 16.24,
            "book_valuer_per_share_4q_avg": 16.4,
            "equity": 3953607,
            "current_ratio": 201.31,
            "debt_ratio": 39.01,
            "inventory_turnover_ratio": 2.85,
            "account_receivable_turnover_ratio": null,
            "reinvestment_rate": -19.09,
            "research_to_sale_ratio": null,
            "price_fair": 97.5,
            "eps_avg_yearly": 2.79,
            "eps_latest_yearly": 5.4,
            "eps_growth_yearly": 153.38
        },
        "20084": {
            "year_quarter": 20084,
            "year": 2008,
            "quarter": 4,
            "eps": 0.88,
            "eps_growth_year": -21.43,
            "eps_4q": 4.51,
            "eps_4q_growth_year": 12.16,
            "roe": 5.23,
            "roe_4q": 28.04,
            "gross_profit": 892384,
            "gross_margin": 18.48,
            "gross_margin_4q_avg": 16.2,
            "net_income": 212587,
            "net_income_4q": null,
            "revenue": 4829244,
            "revenue_4q": null,
            "common_shares": 2448638,
            "book_valuer_per_share": 17.02,
            "book_valuer_per_share_4q_avg": 16.58,
            "equity": 4168329,
            "current_ratio": 216,
            "debt_ratio": 36.36,
            "inventory_turnover_ratio": 2.5,
            "account_receivable_turnover_ratio": 9.26,
            "reinvestment_rate": -21.24,
            "research_to_sale_ratio": null,
            "price_fair": 99.21,
            "eps_avg_yearly": 2.83,
            "eps_latest_yearly": 3.52,
            "eps_growth_yearly": 133.87
        },
        "20091": {
            "year_quarter": 20091,
            "year": 2009,
            "quarter": 1,
            "eps": 1.14,
            "eps_growth_year": -13.64,
            "eps_4q": 4.32,
            "eps_4q_growth_year": -8.16,
            "roe": 6.5,
            "roe_4q": 26.730000000000004,
            "gross_profit": 864068,
            "gross_margin": 17.25,
            "gross_margin_4q_avg": 17.03,
            "net_income": 280603,
            "net_income_4q": null,
            "revenue": 5009377,
            "revenue_4q": null,
            "common_shares": 2451162,
            "book_valuer_per_share": 18.24,
            "book_valuer_per_share_4q_avg": 16.76,
            "equity": 4470187,
            "current_ratio": 229.02,
            "debt_ratio": 34.78,
            "inventory_turnover_ratio": 2.99,
            "account_receivable_turnover_ratio": 4.88,
            "reinvestment_rate": -19.74,
            "research_to_sale_ratio": null,
            "price_fair": 102.99,
            "eps_avg_yearly": 2.94,
            "eps_latest_yearly": 4.56,
            "eps_growth_yearly": 132.89
        },
        "20092": {
            "year_quarter": 20092,
            "year": 2009,
            "quarter": 2,
            "eps": 0.97,
            "eps_growth_year": -7.62,
            "eps_4q": 4.31,
            "eps_4q_growth_year": -9.82,
            "roe": 5.8,
            "roe_4q": 26.18,
            "gross_profit": 832659,
            "gross_margin": 21,
            "gross_margin_4q_avg": 18.27,
            "net_income": 238217,
            "net_income_4q": null,
            "revenue": 3965800,
            "revenue_4q": null,
            "common_shares": 2465347,
            "book_valuer_per_share": 15.21,
            "book_valuer_per_share_4q_avg": 16.68,
            "equity": 3750528,
            "current_ratio": 175.38,
            "debt_ratio": 45.42,
            "inventory_turnover_ratio": 2.64,
            "account_receivable_turnover_ratio": 4.14,
            "reinvestment_rate": -22.98,
            "research_to_sale_ratio": null,
            "price_fair": 110.08,
            "eps_avg_yearly": 3.15,
            "eps_latest_yearly": 3.88,
            "eps_growth_yearly": 87.49
        },
        "20093": {
            "year_quarter": 20093,
            "year": 2009,
            "quarter": 3,
            "eps": 1.24,
            "eps_growth_year": -8.15,
            "eps_4q": 4.22,
            "eps_4q_growth_year": -10.1,
            "roe": 7.81,
            "roe_4q": 25.34,
            "gross_profit": 930396,
            "gross_margin": 19.2,
            "gross_margin_4q_avg": 18.98,
            "net_income": 304799,
            "net_income_4q": null,
            "revenue": 4846562,
            "revenue_4q": null,
            "common_shares": 2485665,
            "book_valuer_per_share": 16.31,
            "book_valuer_per_share_4q_avg": 16.7,
            "equity": 4054223,
            "current_ratio": 205.26,
            "debt_ratio": 38.5,
            "inventory_turnover_ratio": 2.95,
            "account_receivable_turnover_ratio": 4.85,
            "reinvestment_rate": -21.53,
            "research_to_sale_ratio": null,
            "price_fair": 117.69,
            "eps_avg_yearly": 3.36,
            "eps_latest_yearly": 4.96,
            "eps_growth_yearly": 61.64
        },
        "20094": {
            "year_quarter": 20094,
            "year": 2009,
            "quarter": 4,
            "eps": 0.75,
            "eps_growth_year": -14.77,
            "eps_4q": 4.05,
            "eps_4q_growth_year": -10.29,
            "roe": 4.44,
            "roe_4q": 24.55,
            "gross_profit": 918784,
            "gross_margin": 19.51,
            "gross_margin_4q_avg": 19.24,
            "net_income": 184421,
            "net_income_4q": null,
            "revenue": 4709666,
            "revenue_4q": null,
            "common_shares": 2487137,
            "book_valuer_per_share": 17.04,
            "book_valuer_per_share_4q_avg": 16.7,
            "equity": 4246549,
            "current_ratio": 219.61,
            "debt_ratio": 36.09,
            "inventory_turnover_ratio": 2.64,
            "account_receivable_turnover_ratio": 9.37,
            "reinvestment_rate": -9.43,
            "research_to_sale_ratio": null,
            "price_fair": 122.76,
            "eps_avg_yearly": 3.51,
            "eps_latest_yearly": 3,
            "eps_growth_yearly": 65.27
        },
        "20101": {
            "year_quarter": 20101,
            "year": 2010,
            "quarter": 1,
            "eps": 1.18,
            "eps_growth_year": 3.51,
            "eps_4q": 4.08,
            "eps_4q_growth_year": -5.66,
            "roe": 6.65,
            "roe_4q": 24.7,
            "gross_profit": 878273,
            "gross_margin": 17.9,
            "gross_margin_4q_avg": 19.4,
            "net_income": 293079,
            "net_income_4q": null,
            "revenue": 4906613,
            "revenue_4q": null,
            "common_shares": 2491268,
            "book_valuer_per_share": 0,
            "book_valuer_per_share_4q_avg": 12.14,
            "equity": 4569542,
            "current_ratio": 247.32,
            "debt_ratio": 32.26,
            "inventory_turnover_ratio": 2.8,
            "account_receivable_turnover_ratio": 3.54,
            "reinvestment_rate": -7.58,
            "research_to_sale_ratio": null,
            "price_fair": 130.29,
            "eps_avg_yearly": 3.72,
            "eps_latest_yearly": 4.72,
            "eps_growth_yearly": 57.55
        },
        "20102": {
            "year_quarter": 20102,
            "year": 2010,
            "quarter": 2,
            "eps": 1.29,
            "eps_growth_year": 33.19,
            "eps_4q": 4.39,
            "eps_4q_growth_year": 1.89,
            "roe": 7.55,
            "roe_4q": 26.45,
            "gross_profit": 989188,
            "gross_margin": 20.7,
            "gross_margin_4q_avg": 19.33,
            "net_income": 326061,
            "net_income_4q": null,
            "revenue": 4778103,
            "revenue_4q": null,
            "common_shares": 2498670,
            "book_valuer_per_share": 0,
            "book_valuer_per_share_4q_avg": 8.34,
            "equity": 4065029,
            "current_ratio": 191.75,
            "debt_ratio": 41.94,
            "inventory_turnover_ratio": 2.73,
            "account_receivable_turnover_ratio": 3.29,
            "reinvestment_rate": -8.86,
            "research_to_sale_ratio": null,
            "price_fair": 139.83,
            "eps_avg_yearly": 4,
            "eps_latest_yearly": 5.16,
            "eps_growth_yearly": 69.25
        },
        "20103": {
            "year_quarter": 20103,
            "year": 2010,
            "quarter": 3,
            "eps": 1.28,
            "eps_growth_year": 3.29,
            "eps_4q": 4.46,
            "eps_4q_growth_year": 5.85,
            "roe": 7.65,
            "roe_4q": 26.290000000000003,
            "gross_profit": 956449,
            "gross_margin": 19.68,
            "gross_margin_4q_avg": 19.45,
            "net_income": 323517,
            "net_income_4q": null,
            "revenue": 4860091,
            "revenue_4q": null,
            "common_shares": 2519497,
            "book_valuer_per_share": 0,
            "book_valuer_per_share_4q_avg": 4.26,
            "equity": 4393730,
            "current_ratio": 212.79,
            "debt_ratio": 37.71,
            "inventory_turnover_ratio": 3.49,
            "account_receivable_turnover_ratio": 4.22,
            "reinvestment_rate": -7.16,
            "research_to_sale_ratio": null,
            "price_fair": 148.14,
            "eps_avg_yearly": 4.23,
            "eps_latest_yearly": 5.12,
            "eps_growth_yearly": 52.81
        },
        "20104": {
            "year_quarter": 20104,
            "year": 2010,
            "quarter": 4,
            "eps": 1.05,
            "eps_growth_year": 39.49,
            "eps_4q": 4.77,
            "eps_4q_growth_year": 17.87,
            "roe": 5.84,
            "roe_4q": 27.689999999999998,
            "gross_profit": 931391,
            "gross_margin": 18.81,
            "gross_margin_4q_avg": 19.27,
            "net_income": 264972,
            "net_income_4q": null,
            "revenue": 4950601,
            "revenue_4q": null,
            "common_shares": 2525751,
            "book_valuer_per_share": 18.46,
            "book_valuer_per_share_4q_avg": 4.62,
            "equity": 4676206,
            "current_ratio": 203,
            "debt_ratio": 40.48,
            "inventory_turnover_ratio": 3.08,
            "account_receivable_turnover_ratio": 3.72,
            "reinvestment_rate": -6.97,
            "research_to_sale_ratio": null,
            "price_fair": 153.56,
            "eps_avg_yearly": 4.39,
            "eps_latest_yearly": 4.2,
            "eps_growth_yearly": 40.74
        },
        "20111": {
            "year_quarter": 20111,
            "year": 2011,
            "quarter": 1,
            "eps": 1.55,
            "eps_growth_year": 31.36,
            "eps_4q": 5.13,
            "eps_4q_growth_year": 25.83,
            "roe": 8.01,
            "roe_4q": 29.05,
            "gross_profit": 1121295,
            "gross_margin": 18.09,
            "gross_margin_4q_avg": 19.32,
            "net_income": 391999,
            "net_income_4q": null,
            "revenue": 6198637,
            "revenue_4q": null,
            "common_shares": 2531966,
            "book_valuer_per_share": 20.1,
            "book_valuer_per_share_4q_avg": 9.64,
            "equity": 5115148,
            "current_ratio": 208.49,
            "debt_ratio": 40.05,
            "inventory_turnover_ratio": 2.61,
            "account_receivable_turnover_ratio": 3.76,
            "reinvestment_rate": 4.16,
            "research_to_sale_ratio": null,
            "price_fair": 161.44,
            "eps_avg_yearly": 4.61,
            "eps_latest_yearly": 6.2,
            "eps_growth_yearly": 39.86
        },
        "20112": {
            "year_quarter": 20112,
            "year": 2011,
            "quarter": 2,
            "eps": 1.05,
            "eps_growth_year": -18.87,
            "eps_4q": 4.89,
            "eps_4q_growth_year": 11.39,
            "roe": 5.63,
            "roe_4q": 27.130000000000003,
            "gross_profit": 1007582,
            "gross_margin": 16.73,
            "gross_margin_4q_avg": 18.33,
            "net_income": 267391,
            "net_income_4q": null,
            "revenue": 6022827,
            "revenue_4q": null,
            "common_shares": 2544789,
            "book_valuer_per_share": 17.19,
            "book_valuer_per_share_4q_avg": 13.94,
            "equity": 4385493,
            "current_ratio": 159.33,
            "debt_ratio": 52.98,
            "inventory_turnover_ratio": 2.2,
            "account_receivable_turnover_ratio": 3.26,
            "reinvestment_rate": 3.78,
            "research_to_sale_ratio": null,
            "price_fair": 136.58,
            "eps_avg_yearly": 4.63,
            "eps_latest_yearly": 4.2,
            "eps_growth_yearly": 19.48
        },
        "20113": {
            "year_quarter": 20113,
            "year": 2011,
            "quarter": 3,
            "eps": 1.47,
            "eps_growth_year": 15.1,
            "eps_4q": 5.09,
            "eps_4q_growth_year": 14.16,
            "roe": 8.21,
            "roe_4q": 27.69,
            "gross_profit": 1182422,
            "gross_margin": 16.15,
            "gross_margin_4q_avg": 17.45,
            "net_income": 376469,
            "net_income_4q": null,
            "revenue": 7321470,
            "revenue_4q": null,
            "common_shares": 2550826,
            "book_valuer_per_share": 18.73,
            "book_valuer_per_share_4q_avg": 18.62,
            "equity": 4784151,
            "current_ratio": 219.2,
            "debt_ratio": 36.34,
            "inventory_turnover_ratio": 2.89,
            "account_receivable_turnover_ratio": 3.63,
            "reinvestment_rate": 4.62,
            "research_to_sale_ratio": null,
            "price_fair": 143.54,
            "eps_avg_yearly": 4.67,
            "eps_latest_yearly": 5.88,
            "eps_growth_yearly": 20.72
        },
        "20114": {
            "year_quarter": 20114,
            "year": 2011,
            "quarter": 4,
            "eps": 1.36,
            "eps_growth_year": 29.6,
            "eps_4q": 5.4,
            "eps_4q_growth_year": 13.28,
            "roe": 6.99,
            "roe_4q": 28.840000000000003,
            "gross_profit": 1256222,
            "gross_margin": 15.73,
            "gross_margin_4q_avg": 16.68,
            "net_income": 347181,
            "net_income_4q": null,
            "revenue": 7986383,
            "revenue_4q": null,
            "common_shares": 2553726,
            "book_valuer_per_share": 20.12,
            "book_valuer_per_share_4q_avg": 19.04,
            "equity": 5152818,
            "current_ratio": 185.26,
            "debt_ratio": 44.5,
            "inventory_turnover_ratio": 3.6,
            "account_receivable_turnover_ratio": 3.37,
            "reinvestment_rate": 5.05,
            "research_to_sale_ratio": null,
            "price_fair": 153.69,
            "eps_avg_yearly": 4.73,
            "eps_latest_yearly": 5.44,
            "eps_growth_yearly": 22.48
        },
        "20121": {
            "year_quarter": 20121,
            "year": 2012,
            "quarter": 1,
            "eps": 2.02,
            "eps_growth_year": 30.32,
            "eps_4q": 5.87,
            "eps_4q_growth_year": 14.31,
            "roe": 9.52,
            "roe_4q": 30.349999999999998,
            "gross_profit": 1445568,
            "gross_margin": 16.31,
            "gross_margin_4q_avg": 16.23,
            "net_income": 516142,
            "net_income_4q": null,
            "revenue": 8861013,
            "revenue_4q": null,
            "common_shares": 2558870,
            "book_valuer_per_share": 22.13,
            "book_valuer_per_share_4q_avg": 19.54,
            "equity": 5685333,
            "current_ratio": 195.2,
            "debt_ratio": 42.67,
            "inventory_turnover_ratio": 3.41,
            "account_receivable_turnover_ratio": 3.59,
            "reinvestment_rate": 5.41,
            "research_to_sale_ratio": null,
            "price_fair": 171.76,
            "eps_avg_yearly": 4.91,
            "eps_latest_yearly": 8.08,
            "eps_growth_yearly": 30.14
        },
        "20122": {
            "year_quarter": 20122,
            "year": 2012,
            "quarter": 2,
            "eps": 1.01,
            "eps_growth_year": -3.78,
            "eps_4q": 5.83,
            "eps_4q_growth_year": 19.18,
            "roe": 4.94,
            "roe_4q": 29.660000000000004,
            "gross_profit": 1120385,
            "gross_margin": 13.3,
            "gross_margin_4q_avg": 15.37,
            "net_income": 259339,
            "net_income_4q": null,
            "revenue": 8426752,
            "revenue_4q": null,
            "common_shares": 2568782,
            "book_valuer_per_share": 18.7,
            "book_valuer_per_share_4q_avg": 19.92,
            "equity": 4808434,
            "current_ratio": 167.73,
            "debt_ratio": 48.93,
            "inventory_turnover_ratio": 2.71,
            "account_receivable_turnover_ratio": 3.59,
            "reinvestment_rate": 7.28,
            "research_to_sale_ratio": null,
            "price_fair": 160.43,
            "eps_avg_yearly": 4.9,
            "eps_latest_yearly": 4.04,
            "eps_growth_yearly": 22.76
        },
        "20123": {
            "year_quarter": 20123,
            "year": 2012,
            "quarter": 3,
            "eps": 1.35,
            "eps_growth_year": -8.48,
            "eps_4q": 5.71,
            "eps_4q_growth_year": 12.19,
            "roe": 6.97,
            "roe_4q": 28.42,
            "gross_profit": 1265895,
            "gross_margin": 14.32,
            "gross_margin_4q_avg": 14.92,
            "net_income": 346961,
            "net_income_4q": null,
            "revenue": 8839008,
            "revenue_4q": null,
            "common_shares": 2571265,
            "book_valuer_per_share": 20.03,
            "book_valuer_per_share_4q_avg": 20.25,
            "equity": 5151235,
            "current_ratio": 202.66,
            "debt_ratio": 39.04,
            "inventory_turnover_ratio": 2.87,
            "account_receivable_turnover_ratio": 4.12,
            "reinvestment_rate": 7.83,
            "research_to_sale_ratio": null,
            "price_fair": 166.66,
            "eps_avg_yearly": 4.9,
            "eps_latest_yearly": 5.4,
            "eps_growth_yearly": 24.03
        },
        "20124": {
            "year_quarter": 20124,
            "year": 2012,
            "quarter": 4,
            "eps": 1.44,
            "eps_growth_year": 5.97,
            "eps_4q": 5.8,
            "eps_4q_growth_year": 7.37,
            "roe": 6.95,
            "roe_4q": 28.38,
            "gross_profit": 1299200,
            "gross_margin": 14.65,
            "gross_margin_4q_avg": 14.65,
            "net_income": 369658,
            "net_income_4q": null,
            "revenue": 8868462,
            "revenue_4q": null,
            "common_shares": 2571638,
            "book_valuer_per_share": 21.34,
            "book_valuer_per_share_4q_avg": 20.55,
            "equity": 5489479,
            "current_ratio": 171.44,
            "debt_ratio": 48.48,
            "inventory_turnover_ratio": 2.94,
            "account_receivable_turnover_ratio": 4.09,
            "reinvestment_rate": 8.16,
            "research_to_sale_ratio": null,
            "price_fair": 176.31,
            "eps_avg_yearly": 5.04,
            "eps_latest_yearly": 5.76,
            "eps_growth_yearly": 34.4
        },
        "20131": {
            "year_quarter": 20131,
            "year": 2013,
            "quarter": 1,
            "eps": 2.12,
            "eps_growth_year": 4.95,
            "eps_4q": 5.9,
            "eps_4q_growth_year": 0.62,
            "roe": 9.47,
            "roe_4q": 28.330000000000002,
            "gross_profit": 1720585,
            "gross_margin": 15.49,
            "gross_margin_4q_avg": 14.44,
            "net_income": 545717,
            "net_income_4q": null,
            "revenue": 11104614,
            "revenue_4q": null,
            "common_shares": 2572715,
            "book_valuer_per_share": 23.4,
            "book_valuer_per_share_4q_avg": 20.87,
            "equity": 6031354,
            "current_ratio": 180.47,
            "debt_ratio": 46.36,
            "inventory_turnover_ratio": 2.96,
            "account_receivable_turnover_ratio": 4.68,
            "reinvestment_rate": 18.85,
            "research_to_sale_ratio": null,
            "price_fair": 184.89,
            "eps_avg_yearly": 5.28,
            "eps_latest_yearly": 8.48,
            "eps_growth_yearly": 38.82
        },
        "20132": {
            "year_quarter": 20132,
            "year": 2013,
            "quarter": 2,
            "eps": 1.19,
            "eps_growth_year": 17.99,
            "eps_4q": 6.09,
            "eps_4q_growth_year": 4.41,
            "roe": 5.4,
            "roe_4q": 28.79,
            "gross_profit": 1466610,
            "gross_margin": 14.13,
            "gross_margin_4q_avg": 14.65,
            "net_income": 306845,
            "net_income_4q": null,
            "revenue": 10376750,
            "revenue_4q": null,
            "common_shares": 2577554,
            "book_valuer_per_share": 20.71,
            "book_valuer_per_share_4q_avg": 21.37,
            "equity": 5340002,
            "current_ratio": 161.47,
            "debt_ratio": 51.49,
            "inventory_turnover_ratio": 2.33,
            "account_receivable_turnover_ratio": 4.65,
            "reinvestment_rate": 18.58,
            "research_to_sale_ratio": null,
            "price_fair": 186.81,
            "eps_avg_yearly": 5.34,
            "eps_latest_yearly": 4.76,
            "eps_growth_yearly": 31.58
        },
        "20133": {
            "year_quarter": 20133,
            "year": 2013,
            "quarter": 3,
            "eps": 1.21,
            "eps_growth_year": -10.32,
            "eps_4q": 5.94,
            "eps_4q_growth_year": 4.01,
            "roe": 5.65,
            "roe_4q": 27.470000000000002,
            "gross_profit": 1582977,
            "gross_margin": 14.68,
            "gross_margin_4q_avg": 14.74,
            "net_income": 310908,
            "net_income_4q": null,
            "revenue": 10784571,
            "revenue_4q": null,
            "common_shares": 2577844,
            "book_valuer_per_share": 22,
            "book_valuer_per_share_4q_avg": 21.86,
            "equity": 5674351,
            "current_ratio": 168.17,
            "debt_ratio": 49.04,
            "inventory_turnover_ratio": 2.24,
            "account_receivable_turnover_ratio": 5.27,
            "reinvestment_rate": 19.77,
            "research_to_sale_ratio": null,
            "price_fair": 186.55,
            "eps_avg_yearly": 5.33,
            "eps_latest_yearly": 4.84,
            "eps_growth_yearly": 25.04
        },
        "20134": {
            "year_quarter": 20134,
            "year": 2013,
            "quarter": 4,
            "eps": 1.03,
            "eps_growth_year": -28.18,
            "eps_4q": 5.54,
            "eps_4q_growth_year": -4.53,
            "roe": 4.51,
            "roe_4q": 25.03,
            "gross_profit": 1572711,
            "gross_margin": 15.06,
            "gross_margin_4q_avg": 14.84,
            "net_income": 266496,
            "net_income_4q": null,
            "revenue": 10445228,
            "revenue_4q": null,
            "common_shares": 2579001,
            "book_valuer_per_share": 23.75,
            "book_valuer_per_share_4q_avg": 22.47,
            "equity": 6132824,
            "current_ratio": 188.89,
            "debt_ratio": 41.79,
            "inventory_turnover_ratio": 2.32,
            "account_receivable_turnover_ratio": 5.09,
            "reinvestment_rate": 18.71,
            "research_to_sale_ratio": null,
            "price_fair": 189,
            "eps_avg_yearly": 5.4,
            "eps_latest_yearly": 4.12,
            "eps_growth_yearly": 31.2
        },
        "20141": {
            "year_quarter": 20141,
            "year": 2014,
            "quarter": 1,
            "eps": 0.71,
            "eps_growth_year": -66.51,
            "eps_4q": 4.13,
            "eps_4q_growth_year": -30,
            "roe": 2.93,
            "roe_4q": 18.490000000000002,
            "gross_profit": 1437372,
            "gross_margin": 13.62,
            "gross_margin_4q_avg": 14.37,
            "net_income": 182929,
            "net_income_4q": null,
            "revenue": 10555843,
            "revenue_4q": null,
            "common_shares": 2582527,
            "book_valuer_per_share": 24.52,
            "book_valuer_per_share_4q_avg": 22.75,
            "equity": 6332935,
            "current_ratio": 181.72,
            "debt_ratio": 43.94,
            "inventory_turnover_ratio": 2.32,
            "account_receivable_turnover_ratio": 5.43,
            "reinvestment_rate": 19.29,
            "research_to_sale_ratio": null,
            "price_fair": 100.9,
            "eps_avg_yearly": 5.28,
            "eps_latest_yearly": 2.84,
            "eps_growth_yearly": 9.1
        },
        "20142": {
            "year_quarter": 20142,
            "year": 2014,
            "quarter": 2,
            "eps": 0.4,
            "eps_growth_year": -66.39,
            "eps_4q": 3.35,
            "eps_4q_growth_year": -45,
            "roe": 1.78,
            "roe_4q": 14.87,
            "gross_profit": 1302134,
            "gross_margin": 11.92,
            "gross_margin_4q_avg": 13.82,
            "net_income": 104353,
            "net_income_4q": null,
            "revenue": 10926719,
            "revenue_4q": null,
            "common_shares": 2582527,
            "book_valuer_per_share": 20.96,
            "book_valuer_per_share_4q_avg": 22.81,
            "equity": 5412475,
            "current_ratio": 150.34,
            "debt_ratio": 53.46,
            "inventory_turnover_ratio": 2.29,
            "account_receivable_turnover_ratio": 5.35,
            "reinvestment_rate": 20.69,
            "research_to_sale_ratio": null,
            "price_fair": 15.18,
            "eps_avg_yearly": 5.06,
            "eps_latest_yearly": 1.6,
            "eps_growth_yearly": -4.14
        },
        "20143": {
            "year_quarter": 20143,
            "year": 2014,
            "quarter": 3,
            "eps": 0.02,
            "eps_growth_year": -98.35,
            "eps_4q": 2.16,
            "eps_4q_growth_year": -63.65,
            "roe": 0.08,
            "roe_4q": 9.3,
            "gross_profit": 1152646,
            "gross_margin": 12.6,
            "gross_margin_4q_avg": 13.3,
            "net_income": 4222,
            "net_income_4q": null,
            "revenue": 9149974,
            "revenue_4q": null,
            "common_shares": 2582527,
            "book_valuer_per_share": 21.17,
            "book_valuer_per_share_4q_avg": 22.6,
            "equity": 5467058,
            "current_ratio": 151.72,
            "debt_ratio": 52.59,
            "inventory_turnover_ratio": 2.08,
            "account_receivable_turnover_ratio": 4.04,
            "reinvestment_rate": 21.76,
            "research_to_sale_ratio": null,
            "price_fair": 14.24,
            "eps_avg_yearly": 4.75,
            "eps_latest_yearly": 0.08,
            "eps_growth_yearly": -27.7
        },
        "20144": {
            "year_quarter": 20144,
            "year": 2014,
            "quarter": 4,
            "eps": 1,
            "eps_growth_year": -3.02,
            "eps_4q": 2.13,
            "eps_4q_growth_year": -61.54,
            "roe": 4.6,
            "roe_4q": 9.39,
            "gross_profit": 1361531,
            "gross_margin": 12.7,
            "gross_margin_4q_avg": 12.71,
            "net_income": 258459,
            "net_income_4q": null,
            "revenue": 10719223,
            "revenue_4q": null,
            "common_shares": 2582527,
            "book_valuer_per_share": 22.33,
            "book_valuer_per_share_4q_avg": 22.25,
            "equity": 5767049,
            "current_ratio": 173.54,
            "debt_ratio": 44.78,
            "inventory_turnover_ratio": 2.76,
            "account_receivable_turnover_ratio": 4.9,
            "reinvestment_rate": 22.21,
            "research_to_sale_ratio": null,
            "price_fair": 165.64,
            "eps_avg_yearly": 4.73,
            "eps_latest_yearly": 4,
            "eps_growth_yearly": 1201.79
        },
        "20151": {
            "year_quarter": 20151,
            "year": 2015,
            "quarter": 1,
            "eps": 0.51,
            "eps_growth_year": -28.17,
            "eps_4q": 1.93,
            "eps_4q_growth_year": -53.38,
            "roe": 2.24,
            "roe_4q": 8.7,
            "gross_profit": 1174588,
            "gross_margin": 12.89,
            "gross_margin_4q_avg": 12.53,
            "net_income": 130503,
            "net_income_4q": null,
            "revenue": 9114262,
            "revenue_4q": null,
            "common_shares": 2582527,
            "book_valuer_per_share": 22.87,
            "book_valuer_per_share_4q_avg": 21.83,
            "equity": 5905693,
            "current_ratio": 180.55,
            "debt_ratio": 42.79,
            "inventory_turnover_ratio": 2.6,
            "account_receivable_turnover_ratio": 4.5,
            "reinvestment_rate": 23.14,
            "research_to_sale_ratio": null,
            "price_fair": 156.54,
            "eps_avg_yearly": 4.47,
            "eps_latest_yearly": 2.04,
            "eps_growth_yearly": 1177.64
        },
        "20152": {
            "year_quarter": 20152,
            "year": 2015,
            "quarter": 2,
            "eps": 0.92,
            "eps_growth_year": 130,
            "eps_4q": 2.45,
            "eps_4q_growth_year": -26.83,
            "roe": 4.08,
            "roe_4q": 11,
            "gross_profit": 1206729,
            "gross_margin": 13.3,
            "gross_margin_4q_avg": 12.87,
            "net_income": 236503,
            "net_income_4q": null,
            "revenue": 9070308,
            "revenue_4q": null,
            "common_shares": 2582527,
            "book_valuer_per_share": 22.18,
            "book_valuer_per_share_4q_avg": 22.14,
            "equity": 5701521,
            "current_ratio": 166.6,
            "debt_ratio": 47.81,
            "inventory_turnover_ratio": 2.71,
            "account_receivable_turnover_ratio": 4.6,
            "reinvestment_rate": 20.25,
            "research_to_sale_ratio": null,
            "price_fair": 155.4,
            "eps_avg_yearly": 4.44,
            "eps_latest_yearly": 3.68,
            "eps_growth_yearly": 1205.8
        },
        "20153": {
            "year_quarter": 20153,
            "year": 2015,
            "quarter": 3,
            "eps": 0.42,
            "eps_growth_year": 2000,
            "eps_4q": 2.95,
            "eps_4q_growth_year": 36.63,
            "roe": 1.93,
            "roe_4q": 12.85,
            "gross_profit": 974656,
            "gross_margin": 12.03,
            "gross_margin_4q_avg": 12.73,
            "net_income": 107474,
            "net_income_4q": null,
            "revenue": 8101845,
            "revenue_4q": null,
            "common_shares": 2582527,
            "book_valuer_per_share": 21.85,
            "book_valuer_per_share_4q_avg": 22.31,
            "equity": 5419297,
            "current_ratio": 164.12,
            "debt_ratio": 45.92,
            "inventory_turnover_ratio": 2.85,
            "account_receivable_turnover_ratio": 4.36,
            "reinvestment_rate": 22.8,
            "research_to_sale_ratio": null,
            "price_fair": 146.21,
            "eps_avg_yearly": 4.18,
            "eps_latest_yearly": 1.68,
            "eps_growth_yearly": 1182.21
        },
        "20154": {
            "year_quarter": 20154,
            "year": 2015,
            "quarter": 4,
            "eps": 1.32,
            "eps_growth_year": 32.39,
            "eps_4q": 3.24,
            "eps_4q_growth_year": 51.96,
            "roe": 5.8,
            "roe_4q": 14.049999999999999,
            "gross_profit": 1278753,
            "gross_margin": 13.79,
            "gross_margin_4q_avg": 13,
            "net_income": 324068,
            "net_income_4q": null,
            "revenue": 9271709,
            "revenue_4q": null,
            "common_shares": 2582527,
            "book_valuer_per_share": 23.05,
            "book_valuer_per_share_4q_avg": 22.49,
            "equity": 5752986,
            "current_ratio": 171.64,
            "debt_ratio": 43.68,
            "inventory_turnover_ratio": 3.4,
            "account_receivable_turnover_ratio": 5.11,
            "reinvestment_rate": 22.36,
            "research_to_sale_ratio": null,
            "price_fair": 145.86,
            "eps_avg_yearly": 4.17,
            "eps_latest_yearly": 5.28,
            "eps_growth_yearly": 1237.65
        },
        "20161": {
            "year_quarter": 20161,
            "year": 2016,
            "quarter": 1,
            "eps": 1.02,
            "eps_growth_year": 100,
            "eps_4q": 3.73,
            "eps_4q_growth_year": 93.54,
            "roe": 4.28,
            "roe_4q": 16.09,
            "gross_profit": 1150745,
            "gross_margin": 13.53,
            "gross_margin_4q_avg": 13.16,
            "net_income": 251697,
            "net_income_4q": null,
            "revenue": 8504683,
            "revenue_4q": null,
            "common_shares": 2582527,
            "book_valuer_per_share": 24.03,
            "book_valuer_per_share_4q_avg": 22.78,
            "equity": 5996092,
            "current_ratio": 187.52,
            "debt_ratio": 39.72,
            "inventory_turnover_ratio": 3.27,
            "account_receivable_turnover_ratio": 4.64,
            "reinvestment_rate": 23.5,
            "research_to_sale_ratio": null,
            "price_fair": 137.11,
            "eps_avg_yearly": 3.92,
            "eps_latest_yearly": 4.08,
            "eps_growth_yearly": 1219.84
        },
        "20162": {
            "year_quarter": 20162,
            "year": 2016,
            "quarter": 2,
            "eps": 0.89,
            "eps_growth_year": -3.26,
            "eps_4q": 3.66,
            "eps_4q_growth_year": 49.55,
            "roe": 3.83,
            "roe_4q": 15.84,
            "gross_profit": 1070078,
            "gross_margin": 13.73,
            "gross_margin_4q_avg": 13.27,
            "net_income": 219626,
            "net_income_4q": null,
            "revenue": 7792897,
            "revenue_4q": null,
            "common_shares": 2582527,
            "book_valuer_per_share": 21.87,
            "book_valuer_per_share_4q_avg": 22.7,
            "equity": 5459120,
            "current_ratio": 160.36,
            "debt_ratio": 48.19,
            "inventory_turnover_ratio": 3.1,
            "account_receivable_turnover_ratio": 4.1,
            "reinvestment_rate": 19.53,
            "research_to_sale_ratio": null,
            "price_fair": 136.06,
            "eps_avg_yearly": 3.89,
            "eps_latest_yearly": 3.56,
            "eps_growth_yearly": 1229.15
        },
        "20163": {
            "year_quarter": 20163,
            "year": 2016,
            "quarter": 3,
            "eps": 1.09,
            "eps_growth_year": 159.52,
            "eps_4q": 4.33,
            "eps_4q_growth_year": 46.52,
            "roe": 4.83,
            "roe_4q": 18.740000000000002,
            "gross_profit": 1207560,
            "gross_margin": 13.18,
            "gross_margin_4q_avg": 13.56,
            "net_income": 269692,
            "net_income_4q": null,
            "revenue": 9161856,
            "revenue_4q": null,
            "common_shares": 2582527,
            "book_valuer_per_share": 22.9,
            "book_valuer_per_share_4q_avg": 22.96,
            "equity": 5712897,
            "current_ratio": 166.72,
            "debt_ratio": 46.33,
            "inventory_turnover_ratio": 3.27,
            "account_receivable_turnover_ratio": 3.92,
            "reinvestment_rate": 19.95,
            "research_to_sale_ratio": null,
            "price_fair": 133.79,
            "eps_avg_yearly": 3.82,
            "eps_latest_yearly": 4.36,
            "eps_growth_yearly": 1226.36
        },
        "20164": {
            "year_quarter": 20164,
            "year": 2016,
            "quarter": 4,
            "eps": 1.02,
            "eps_growth_year": -23.27,
            "eps_4q": 4.02,
            "eps_4q_growth_year": 24.14,
            "roe": 4.31,
            "roe_4q": 17.25,
            "gross_profit": 1133618,
            "gross_margin": 13.13,
            "gross_margin_4q_avg": 13.39,
            "net_income": 251084,
            "net_income_4q": null,
            "revenue": 8631312,
            "revenue_4q": null,
            "common_shares": 2582527,
            "book_valuer_per_share": 23.82,
            "book_valuer_per_share_4q_avg": 23.16,
            "equity": 5939592,
            "current_ratio": 177.36,
            "debt_ratio": 43.28,
            "inventory_turnover_ratio": 3.06,
            "account_receivable_turnover_ratio": 3.4,
            "reinvestment_rate": 21.51,
            "research_to_sale_ratio": null,
            "price_fair": 130.11,
            "eps_avg_yearly": 3.72,
            "eps_latest_yearly": 4.08,
            "eps_growth_yearly": 1223.08
        },
        "20171": {
            "year_quarter": 20171,
            "year": 2017,
            "quarter": 1,
            "eps": 0.62,
            "eps_growth_year": -39.22,
            "eps_4q": 3.62,
            "eps_4q_growth_year": -2.99,
            "roe": 2.54,
            "roe_4q": 15.51,
            "gross_profit": 1062266,
            "gross_margin": 12.25,
            "gross_margin_4q_avg": 13.07,
            "net_income": 152743,
            "net_income_4q": null,
            "revenue": 8674590,
            "revenue_4q": null,
            "common_shares": 2582527,
            "book_valuer_per_share": 24.33,
            "book_valuer_per_share_4q_avg": 23.23,
            "equity": 6063748,
            "current_ratio": 193.3,
            "debt_ratio": 39.17,
            "inventory_turnover_ratio": 3.07,
            "account_receivable_turnover_ratio": 3.41,
            "reinvestment_rate": 5.49,
            "research_to_sale_ratio": null,
            "price_fair": 116.99,
            "eps_avg_yearly": 3.34,
            "eps_latest_yearly": 2.48,
            "eps_growth_yearly": 1201.47
        },
        "20172": {
            "year_quarter": 20172,
            "year": 2017,
            "quarter": 2,
            "eps": 1,
            "eps_growth_year": 12.36,
            "eps_4q": 3.72,
            "eps_4q_growth_year": 1.41,
            "roe": 4.34,
            "roe_4q": 16.02,
            "gross_profit": 1136114,
            "gross_margin": 12.75,
            "gross_margin_4q_avg": 12.83,
            "net_income": 248475,
            "net_income_4q": null,
            "revenue": 8908763,
            "revenue_4q": null,
            "common_shares": 2582527,
            "book_valuer_per_share": 21.51,
            "book_valuer_per_share_4q_avg": 23.14,
            "equity": 5388439,
            "current_ratio": 151.24,
            "debt_ratio": 52.23,
            "inventory_turnover_ratio": 2.8,
            "account_receivable_turnover_ratio": 3.43,
            "reinvestment_rate": 2.74,
            "research_to_sale_ratio": null,
            "price_fair": 115.33,
            "eps_avg_yearly": 3.3,
            "eps_latest_yearly": 4,
            "eps_growth_yearly": 1227.76
        },
        "20173": {
            "year_quarter": 20173,
            "year": 2017,
            "quarter": 3,
            "eps": 0.93,
            "eps_growth_year": -14.68,
            "eps_4q": 3.56,
            "eps_4q_growth_year": -17.81,
            "roe": 4.19,
            "roe_4q": 15.379999999999999,
            "gross_profit": 1088427,
            "gross_margin": 12.08,
            "gross_margin_4q_avg": 12.55,
            "net_income": 230994,
            "net_income_4q": null,
            "revenue": 9007282,
            "revenue_4q": null,
            "common_shares": 2582527,
            "book_valuer_per_share": 22.47,
            "book_valuer_per_share_4q_avg": 23.03,
            "equity": 5626071,
            "current_ratio": 166.9,
            "debt_ratio": 46.19,
            "inventory_turnover_ratio": 2.72,
            "account_receivable_turnover_ratio": 3.67,
            "reinvestment_rate": 2.8,
            "research_to_sale_ratio": null,
            "price_fair": 112.88,
            "eps_avg_yearly": 3.23,
            "eps_latest_yearly": 3.72,
            "eps_growth_yearly": 1225.59
        },
        "20174": {
            "year_quarter": 20174,
            "year": 2017,
            "quarter": 4,
            "eps": 0.76,
            "eps_growth_year": -25.18,
            "eps_4q": 3.28,
            "eps_4q_growth_year": -18.32,
            "roe": 3.3,
            "roe_4q": 14.370000000000001,
            "gross_profit": 1055160,
            "gross_margin": 11.54,
            "gross_margin_4q_avg": 12.16,
            "net_income": 190339,
            "net_income_4q": null,
            "revenue": 9147299,
            "revenue_4q": null,
            "common_shares": 2582527,
            "book_valuer_per_share": 23.45,
            "book_valuer_per_share_4q_avg": 22.94,
            "equity": 5922823,
            "current_ratio": 180.41,
            "debt_ratio": 42.42,
            "inventory_turnover_ratio": 3.08,
            "account_receivable_turnover_ratio": 4.06,
            "reinvestment_rate": -3.37,
            "research_to_sale_ratio": null,
            "price_fair": 110.51,
            "eps_avg_yearly": 3.16,
            "eps_latest_yearly": 3.04,
            "eps_growth_yearly": 1224.74
        },
        "20181": {
            "year_quarter": 20181,
            "year": 2018,
            "quarter": 1,
            "eps": 0.72,
            "eps_growth_year": 16.13,
            "eps_4q": 3.39,
            "eps_4q_growth_year": -6.16,
            "roe": 2.92,
            "roe_4q": 14.75,
            "gross_profit": 955353,
            "gross_margin": 10.83,
            "gross_margin_4q_avg": 11.8,
            "net_income": 175462,
            "net_income_4q": null,
            "revenue": 8820826,
            "revenue_4q": null,
            "common_shares": 2582527,
            "book_valuer_per_share": 24.18,
            "book_valuer_per_share_4q_avg": 22.9,
            "equity": 6098829,
            "current_ratio": 179.19,
            "debt_ratio": 43.16,
            "inventory_turnover_ratio": 3.22,
            "account_receivable_turnover_ratio": 4.06,
            "reinvestment_rate": -5.11,
            "research_to_sale_ratio": null,
            "price_fair": 110.6,
            "eps_avg_yearly": 3.16,
            "eps_latest_yearly": 2.88,
            "eps_growth_yearly": 1231.19
        },
        "20182": {
            "year_quarter": 20182,
            "year": 2018,
            "quarter": 2,
            "eps": 0.13,
            "eps_growth_year": -87,
            "eps_4q": 2.47,
            "eps_4q_growth_year": -33.56,
            "roe": 0.55,
            "roe_4q": 10.96,
            "gross_profit": 864124,
            "gross_margin": 11.98,
            "gross_margin_4q_avg": 11.61,
            "net_income": 32258,
            "net_income_4q": null,
            "revenue": 7210759,
            "revenue_4q": null,
            "common_shares": 2582527,
            "book_valuer_per_share": 21.85,
            "book_valuer_per_share_4q_avg": 22.99,
            "equity": 5659037,
            "current_ratio": 170.09,
            "debt_ratio": 45.26,
            "inventory_turnover_ratio": 2.6,
            "account_receivable_turnover_ratio": 3.57,
            "reinvestment_rate": -5.65,
            "research_to_sale_ratio": null,
            "price_fair": 108.24,
            "eps_avg_yearly": 3.09,
            "eps_latest_yearly": 0.52,
            "eps_growth_yearly": 1221.62
        },
        "20183": {
            "year_quarter": 20183,
            "year": 2018,
            "quarter": 3,
            "eps": 0.24,
            "eps_growth_year": -74.19,
            "eps_4q": 1.81,
            "eps_4q_growth_year": -49.02,
            "roe": 1.09,
            "roe_4q": 7.86,
            "gross_profit": 827193,
            "gross_margin": 11.32,
            "gross_margin_4q_avg": 11.42,
            "net_income": 61933,
            "net_income_4q": null,
            "revenue": 7308788,
            "revenue_4q": null,
            "common_shares": 2582527,
            "book_valuer_per_share": 22.02,
            "book_valuer_per_share_4q_avg": 22.88,
            "equity": 5702036,
            "current_ratio": 179.9,
            "debt_ratio": 42.11,
            "inventory_turnover_ratio": 2.85,
            "account_receivable_turnover_ratio": 3.95,
            "reinvestment_rate": -5.24,
            "research_to_sale_ratio": null,
            "price_fair": 110.16,
            "eps_avg_yearly": 3.15,
            "eps_latest_yearly": 0.96,
            "eps_growth_yearly": 1266.53
        },
        "20184": {
            "year_quarter": 20184,
            "year": 2018,
            "quarter": 4,
            "eps": 0.5,
            "eps_growth_year": -34.27,
            "eps_4q": 1.57,
            "eps_4q_growth_year": -52.1,
            "roe": 2.24,
            "roe_4q": 6.8,
            "gross_profit": 898092,
            "gross_margin": 11.37,
            "gross_margin_4q_avg": 11.38,
            "net_income": 128864,
            "net_income_4q": null,
            "revenue": 7900567,
            "revenue_4q": null,
            "common_shares": 2582527,
            "book_valuer_per_share": 22.49,
            "book_valuer_per_share_4q_avg": 22.64,
            "equity": 5823668,
            "current_ratio": 188.26,
            "debt_ratio": 40.13,
            "inventory_turnover_ratio": 3.31,
            "account_receivable_turnover_ratio": 4.4,
            "reinvestment_rate": -4.88,
            "research_to_sale_ratio": null,
            "price_fair": 105.79,
            "eps_avg_yearly": 3.02,
            "eps_latest_yearly": 2,
            "eps_growth_yearly": 68.61
        },
        "20191": {
            "year_quarter": 20191,
            "year": 2019,
            "quarter": 1,
            "eps": 0.25,
            "eps_growth_year": -65.28,
            "eps_4q": 1.12,
            "eps_4q_growth_year": -67.12,
            "roe": 1.09,
            "roe_4q": 4.97,
            "gross_profit": 787043,
            "gross_margin": 10.12,
            "gross_margin_4q_avg": 11.2,
            "net_income": 63947,
            "net_income_4q": null,
            "revenue": 7777646,
            "revenue_4q": null,
            "common_shares": 2582527,
            "book_valuer_per_share": 22.68,
            "book_valuer_per_share_4q_avg": 22.26,
            "equity": 5873111,
            "current_ratio": 177.63,
            "debt_ratio": 44.29,
            "inventory_turnover_ratio": 3.43,
            "account_receivable_turnover_ratio": 4.37,
            "reinvestment_rate": -4.49,
            "research_to_sale_ratio": null,
            "price_fair": 103.51,
            "eps_avg_yearly": 2.96,
            "eps_latest_yearly": 1,
            "eps_growth_yearly": 68.36
        },
        "20192": {
            "year_quarter": 20192,
            "year": 2019,
            "quarter": 2,
            "eps": 0.27,
            "eps_growth_year": 107.69,
            "eps_4q": 1.26,
            "eps_4q_growth_year": -49.07,
            "roe": 1.2,
            "roe_4q": 5.62,
            "gross_profit": 793080,
            "gross_margin": 11.77,
            "gross_margin_4q_avg": 11.15,
            "net_income": 68784,
            "net_income_4q": null,
            "revenue": 6740504,
            "revenue_4q": null,
            "common_shares": 2582527,
            "book_valuer_per_share": 21.56,
            "book_valuer_per_share_4q_avg": 22.19,
            "equity": 5582504,
            "current_ratio": 173.87,
            "debt_ratio": 44.99,
            "inventory_turnover_ratio": 2.96,
            "account_receivable_turnover_ratio": 3.67,
            "reinvestment_rate": -2.74,
            "research_to_sale_ratio": null,
            "price_fair": 97.83,
            "eps_avg_yearly": 2.8,
            "eps_latest_yearly": 1.08,
            "eps_growth_yearly": 50.26
        },
        "20193": {
            "year_quarter": 20193,
            "year": 2019,
            "quarter": 3,
            "eps": 0.67,
            "eps_growth_year": 179.17,
            "eps_4q": 1.68,
            "eps_4q_growth_year": -7.2,
            "roe": 3.03,
            "roe_4q": 7.56,
            "gross_profit": 876513,
            "gross_margin": 12.29,
            "gross_margin_4q_avg": 11.39,
            "net_income": 171645,
            "net_income_4q": null,
            "revenue": 7132973,
            "revenue_4q": null,
            "common_shares": 2582527,
            "book_valuer_per_share": 22.21,
            "book_valuer_per_share_4q_avg": 22.24,
            "equity": 5751725,
            "current_ratio": 168.52,
            "debt_ratio": 46.9,
            "inventory_turnover_ratio": 3.14,
            "account_receivable_turnover_ratio": 3.35,
            "reinvestment_rate": -5.07,
            "research_to_sale_ratio": null,
            "price_fair": 100.01,
            "eps_avg_yearly": 2.86,
            "eps_latest_yearly": 2.68,
            "eps_growth_yearly": 100.89
        },
        "20194": {
            "year_quarter": 20194,
            "year": 2019,
            "quarter": 4,
            "eps": 0.41,
            "eps_growth_year": -17.94,
            "eps_4q": 1.59,
            "eps_4q_growth_year": 1.32,
            "roe": 1.82,
            "roe_4q": 7.14,
            "gross_profit": 797936,
            "gross_margin": 11.06,
            "gross_margin_4q_avg": 11.31,
            "net_income": 105635,
            "net_income_4q": null,
            "revenue": 7213750,
            "revenue_4q": null,
            "common_shares": 2582527,
            "book_valuer_per_share": 22.65,
            "book_valuer_per_share_4q_avg": 22.28,
            "equity": 5862522,
            "current_ratio": 186.65,
            "debt_ratio": 41.78,
            "inventory_turnover_ratio": 3.26,
            "account_receivable_turnover_ratio": 3.59,
            "reinvestment_rate": -4.69,
            "research_to_sale_ratio": null,
            "price_fair": 92.05,
            "eps_avg_yearly": 2.63,
            "eps_latest_yearly": 1.64,
            "eps_growth_yearly": 37.61
        },
        "20201": {
            "year_quarter": 20201,
            "year": 2020,
            "quarter": 1,
            "eps": 0.35,
            "eps_growth_year": 40,
            "eps_4q": 1.69,
            "eps_4q_growth_year": 51.68,
            "roe": 1.52,
            "roe_4q": 7.569999999999999,
            "gross_profit": 755682,
            "gross_margin": 11.23,
            "gross_margin_4q_avg": 11.59,
            "net_income": 89823,
            "net_income_4q": null,
            "revenue": 6728137,
            "revenue_4q": null,
            "common_shares": 2582527,
            "book_valuer_per_share": 23,
            "book_valuer_per_share_4q_avg": 22.36,
            "equity": 5953271,
            "current_ratio": 180.93,
            "debt_ratio": 43.14,
            "inventory_turnover_ratio": 3,
            "account_receivable_turnover_ratio": 3.97,
            "reinvestment_rate": -5.02,
            "research_to_sale_ratio": null,
            "price_fair": 86.19,
            "eps_avg_yearly": 2.46,
            "eps_latest_yearly": 1.4,
            "eps_growth_yearly": 39.64
        },
        "20202": {
            "year_quarter": 20202,
            "year": 2020,
            "quarter": 2,
            "eps": 0.24,
            "eps_growth_year": -11.11,
            "eps_4q": 1.67,
            "eps_4q_growth_year": 32.45,
            "roe": 1.07,
            "roe_4q": 7.4399999999999995,
            "gross_profit": 702425,
            "gross_margin": 11.84,
            "gross_margin_4q_avg": 11.61,
            "net_income": 61850,
            "net_income_4q": null,
            "revenue": 5930622,
            "revenue_4q": null,
            "common_shares": 2582527,
            "book_valuer_per_share": 21.76,
            "book_valuer_per_share_4q_avg": 22.41,
            "equity": 5633206,
            "current_ratio": 184.57,
            "debt_ratio": 41.49,
            "inventory_turnover_ratio": 2.61,
            "account_receivable_turnover_ratio": 3.66,
            "reinvestment_rate": -1.13,
            "research_to_sale_ratio": null,
            "price_fair": 80.5,
            "eps_avg_yearly": 2.3,
            "eps_latest_yearly": 0.96,
            "eps_growth_yearly": 34.97
        },
        "20203": {
            "year_quarter": 20203,
            "year": 2020,
            "quarter": 3,
            "eps": 0.51,
            "eps_growth_year": -23.88,
            "eps_4q": 1.51,
            "eps_4q_growth_year": -10.1,
            "roe": 2.32,
            "roe_4q": 6.73,
            "gross_profit": 801990,
            "gross_margin": 11.88,
            "gross_margin_4q_avg": 11.5,
            "net_income": 132061,
            "net_income_4q": null,
            "revenue": 6751649,
            "revenue_4q": null,
            "common_shares": 2582527,
            "book_valuer_per_share": 22.25,
            "book_valuer_per_share_4q_avg": 22.42,
            "equity": 5758911,
            "current_ratio": 171.13,
            "debt_ratio": 43.75,
            "inventory_turnover_ratio": 2.71,
            "account_receivable_turnover_ratio": 3.94,
            "reinvestment_rate": -1.66,
            "research_to_sale_ratio": null,
            "price_fair": 75.43,
            "eps_avg_yearly": 2.16,
            "eps_latest_yearly": 2.04,
            "eps_growth_yearly": 57.47
        },
        "20204": {
            "year_quarter": 20204,
            "year": 2020,
            "quarter": 4,
            "eps": 0.59,
            "eps_growth_year": 43.76,
            "eps_4q": 1.69,
            "eps_4q_growth_year": 6.24,
            "roe": 2.6,
            "roe_4q": 7.51,
            "gross_profit": 826225,
            "gross_margin": 10.88,
            "gross_margin_4q_avg": 11.46,
            "net_income": 152181,
            "net_income_4q": null,
            "revenue": 7596665,
            "revenue_4q": null,
            "common_shares": 2582527,
            "book_valuer_per_share": 22.9,
            "book_valuer_per_share_4q_avg": 22.48,
            "equity": 5927120,
            "current_ratio": 178.33,
            "debt_ratio": 41.75,
            "inventory_turnover_ratio": 3.03,
            "account_receivable_turnover_ratio": 4.21,
            "reinvestment_rate": -3.31,
            "research_to_sale_ratio": null,
            "price_fair": 71.66,
            "eps_avg_yearly": 2.05,
            "eps_latest_yearly": 2.36,
            "eps_growth_yearly": 63
        },
        "20211": {
            "year_quarter": 20211,
            "year": 2021,
            "quarter": 1,
            "eps": 0.6,
            "eps_growth_year": 71.43,
            "eps_4q": 1.94,
            "eps_4q_growth_year": 14.55,
            "roe": 2.56,
            "roe_4q": 8.55,
            "gross_profit": 818817,
            "gross_margin": 10.85,
            "gross_margin_4q_avg": 11.36,
            "net_income": 153772,
            "net_income_4q": null,
            "revenue": 7543784,
            "revenue_4q": null,
            "common_shares": 2582527,
            "book_valuer_per_share": 23.49,
            "book_valuer_per_share_4q_avg": 22.6,
            "equity": 6081116,
            "current_ratio": 204.57,
            "debt_ratio": 37.13,
            "inventory_turnover_ratio": 3.23,
            "account_receivable_turnover_ratio": 4.31,
            "reinvestment_rate": -3.42,
            "research_to_sale_ratio": null,
            "price_fair": 71.49,
            "eps_avg_yearly": 2.04,
            "eps_latest_yearly": 2.4,
            "eps_growth_yearly": 73.23
        },
        "20212": {
            "year_quarter": 20212,
            "year": 2021,
            "quarter": 2,
            "eps": 0.42,
            "eps_growth_year": 75,
            "eps_4q": 2.12,
            "eps_4q_growth_year": 27.19,
            "roe": 1.82,
            "roe_4q": 9.3,
            "gross_profit": 783664,
            "gross_margin": 11.85,
            "gross_margin_4q_avg": 11.37,
            "net_income": 108115,
            "net_income_4q": null,
            "revenue": 6615724,
            "revenue_4q": null,
            "common_shares": 2582527,
            "book_valuer_per_share": 22.45,
            "book_valuer_per_share_4q_avg": 22.77,
            "equity": 5811719,
            "current_ratio": 193.71,
            "debt_ratio": 39.21,
            "inventory_turnover_ratio": 3,
            "account_receivable_turnover_ratio": 3.77,
            "reinvestment_rate": -0.79,
            "research_to_sale_ratio": null,
            "price_fair": 66.41,
            "eps_avg_yearly": 1.9,
            "eps_latest_yearly": 1.68,
            "eps_growth_yearly": 50.41
        },
        "20213": {
            "year_quarter": 20213,
            "year": 2021,
            "quarter": 3,
            "eps": 0.61,
            "eps_growth_year": 19.61,
            "eps_4q": 2.22,
            "eps_4q_growth_year": 46.61,
            "roe": 2.67,
            "roe_4q": 9.65,
            "gross_profit": 862947,
            "gross_margin": 11.71,
            "gross_margin_4q_avg": 11.32,
            "net_income": 157576,
            "net_income_4q": null,
            "revenue": 7368425,
            "revenue_4q": null,
            "common_shares": 2582527,
            "book_valuer_per_share": 23.07,
            "book_valuer_per_share_4q_avg": 22.98,
            "equity": 5970518,
            "current_ratio": 169.26,
            "debt_ratio": 46.32,
            "inventory_turnover_ratio": 3.17,
            "account_receivable_turnover_ratio": 3.86,
            "reinvestment_rate": -1.88,
            "research_to_sale_ratio": null,
            "price_fair": 63.61,
            "eps_avg_yearly": 1.82,
            "eps_latest_yearly": 2.44,
            "eps_growth_yearly": 63.47
        },
        "20214": {
            "year_quarter": 20214,
            "year": 2021,
            "quarter": 4,
            "eps": 0.68,
            "eps_growth_year": 16.03,
            "eps_4q": 2.31,
            "eps_4q_growth_year": 36.64,
            "roe": 2.91,
            "roe_4q": 9.96,
            "gross_profit": 1000304,
            "gross_margin": 10.52,
            "gross_margin_4q_avg": 11.23,
            "net_income": 176548,
            "net_income_4q": null,
            "revenue": 9511000,
            "revenue_4q": null,
            "common_shares": 2582527,
            "book_valuer_per_share": 23.74,
            "book_valuer_per_share_4q_avg": 23.19,
            "equity": 6143033,
            "current_ratio": 175.73,
            "debt_ratio": 44.62,
            "inventory_turnover_ratio": 3.33,
            "account_receivable_turnover_ratio": 4.76,
            "reinvestment_rate": -2.44,
            "research_to_sale_ratio": null,
            "price_fair": 62.91,
            "eps_avg_yearly": 1.8,
            "eps_latest_yearly": 2.72,
            "eps_growth_yearly": 70.9
        },
        "20221": {
            "year_quarter": 20221,
            "year": 2022,
            "quarter": 1,
            "eps": 0.7,
            "eps_growth_year": 16.67,
            "eps_4q": 2.42,
            "eps_4q_growth_year": 24.7,
            "roe": 3.03,
            "roe_4q": 10.43,
            "gross_profit": 879986,
            "gross_margin": 10.9,
            "gross_margin_4q_avg": 11.25,
            "net_income": 181212,
            "net_income_4q": null,
            "revenue": 8070130,
            "revenue_4q": null,
            "common_shares": 2582527,
            "book_valuer_per_share": 22.45,
            "book_valuer_per_share_4q_avg": 22.93,
            "equity": 5810956,
            "current_ratio": 165.56,
            "debt_ratio": 46.23,
            "inventory_turnover_ratio": 2.6,
            "account_receivable_turnover_ratio": 4.17,
            "reinvestment_rate": 3.68,
            "research_to_sale_ratio": null,
            "price_fair": 62.74,
            "eps_avg_yearly": 1.79,
            "eps_latest_yearly": 2.8,
            "eps_growth_yearly": 72.95
        },
        "20222": {
            "year_quarter": 20222,
            "year": 2022,
            "quarter": 2,
            "eps": 0.43,
            "eps_growth_year": 2.38,
            "eps_4q": 2.42,
            "eps_4q_growth_year": 14.46,
            "roe": 1.87,
            "roe_4q": 10.48,
            "gross_profit": 816146,
            "gross_margin": 11.71,
            "gross_margin_4q_avg": 11.21,
            "net_income": 109847,
            "net_income_4q": null,
            "revenue": 6971838,
            "revenue_4q": null,
            "common_shares": 2582527,
            "book_valuer_per_share": 22.89,
            "book_valuer_per_share_4q_avg": 23.04,
            "equity": 5924349,
            "current_ratio": 191.85,
            "debt_ratio": 40.41,
            "inventory_turnover_ratio": 2.33,
            "account_receivable_turnover_ratio": 3.65,
            "reinvestment_rate": 7.87,
            "research_to_sale_ratio": null,
            "price_fair": 65.36,
            "eps_avg_yearly": 1.87,
            "eps_latest_yearly": 1.72,
            "eps_growth_yearly": 83.8
        },
        "20223": {
            "year_quarter": 20223,
            "year": 2022,
            "quarter": 3,
            "eps": 0.78,
            "eps_growth_year": 27.87,
            "eps_4q": 2.59,
            "eps_4q_growth_year": 16.82,
            "roe": 3.32,
            "roe_4q": 11.129999999999999,
            "gross_profit": 848474,
            "gross_margin": 11.13,
            "gross_margin_4q_avg": 11.07,
            "net_income": 200242,
            "net_income_4q": null,
            "revenue": 7624116,
            "revenue_4q": null,
            "common_shares": 2582527,
            "book_valuer_per_share": 23.7,
            "book_valuer_per_share_4q_avg": 23.2,
            "equity": 6131775,
            "current_ratio": 191.7,
            "debt_ratio": 40.5,
            "inventory_turnover_ratio": 2.66,
            "account_receivable_turnover_ratio": 3.9,
            "reinvestment_rate": 11.4,
            "research_to_sale_ratio": null,
            "price_fair": 70.09,
            "eps_avg_yearly": 2,
            "eps_latest_yearly": 3.12,
            "eps_growth_yearly": 82.99
        },
        "20224": {
            "year_quarter": 20224,
            "year": 2022,
            "quarter": 4,
            "eps": 0.64,
            "eps_growth_year": -6.11,
            "eps_4q": 2.55,
            "eps_4q_growth_year": 10.23,
            "roe": 2.66,
            "roe_4q": 10.88,
            "gross_profit": 852940,
            "gross_margin": 10.04,
            "gross_margin_4q_avg": 10.95,
            "net_income": 165584,
            "net_income_4q": null,
            "revenue": 8492510,
            "revenue_4q": null,
            "common_shares": 2582527,
            "book_valuer_per_share": 24.43,
            "book_valuer_per_share_4q_avg": 23.37,
            "equity": 6320167,
            "current_ratio": 196.96,
            "debt_ratio": 39.58,
            "inventory_turnover_ratio": 2.81,
            "account_receivable_turnover_ratio": 4.18,
            "reinvestment_rate": 14.17,
            "research_to_sale_ratio": null,
            "price_fair": 71.31,
            "eps_avg_yearly": 2.04,
            "eps_latest_yearly": 2.56,
            "eps_growth_yearly": 51.42
        },
        "20231": {
            "year_quarter": 20231,
            "year": 2023,
            "quarter": 1,
            "eps": 0.76,
            "eps_growth_year": 8.57,
            "eps_4q": 2.61,
            "eps_4q_growth_year": 7.86,
            "roe": 3.21,
            "roe_4q": 11.059999999999999,
            "gross_profit": 878544,
            "gross_margin": 10.7,
            "gross_margin_4q_avg": 10.9,
            "net_income": 196679,
            "net_income_4q": null,
            "revenue": 8210988,
            "revenue_4q": null,
            "common_shares": 2582527,
            "book_valuer_per_share": 22.98,
            "book_valuer_per_share_4q_avg": 23.5,
            "equity": 5947288,
            "current_ratio": 186.54,
            "debt_ratio": 40.62,
            "inventory_turnover_ratio": 2.59,
            "account_receivable_turnover_ratio": 4.19,
            "reinvestment_rate": 16.86,
            "research_to_sale_ratio": null,
            "price_fair": 75.78,
            "eps_avg_yearly": 2.17,
            "eps_latest_yearly": 3.04,
            "eps_growth_yearly": 68.61
        },
        "20232": {
            "year_quarter": 20232,
            "year": 2023,
            "quarter": 2,
            "eps": 0.66,
            "eps_growth_year": 53.49,
            "eps_4q": 2.84,
            "eps_4q_growth_year": 17.03,
            "roe": 2.8,
            "roe_4q": 11.99,
            "gross_profit": 803341,
            "gross_margin": 11.38,
            "gross_margin_4q_avg": 10.81,
            "net_income": 169085,
            "net_income_4q": null,
            "revenue": 7058745,
            "revenue_4q": null,
            "common_shares": 2582527,
            "book_valuer_per_share": 23.65,
            "book_valuer_per_share_4q_avg": 23.69,
            "equity": 6119194,
            "current_ratio": 190.5,
            "debt_ratio": 40.43,
            "inventory_turnover_ratio": 2.51,
            "account_receivable_turnover_ratio": 3.88,
            "reinvestment_rate": 19.92,
            "research_to_sale_ratio": null,
            "price_fair": 79.19,
            "eps_avg_yearly": 2.26,
            "eps_latest_yearly": 2.64,
            "eps_growth_yearly": 63.32
        },
        "20233": {
            "year_quarter": 20233,
            "year": 2023,
            "quarter": 3,
            "eps": 0.82,
            "eps_growth_year": 5.13,
            "eps_4q": 2.88,
            "eps_4q_growth_year": 11.38,
            "roe": 3.42,
            "roe_4q": 12.09,
            "gross_profit": 855988,
            "gross_margin": 11.2,
            "gross_margin_4q_avg": 10.83,
            "net_income": 212488,
            "net_income_4q": null,
            "revenue": 7641009,
            "revenue_4q": null,
            "common_shares": 2582527,
            "book_valuer_per_share": 24.42,
            "book_valuer_per_share_4q_avg": 23.87,
            "equity": 6317037,
            "current_ratio": 180.09,
            "debt_ratio": 43.3,
            "inventory_turnover_ratio": 2.77,
            "account_receivable_turnover_ratio": 4.23,
            "reinvestment_rate": 21.82,
            "research_to_sale_ratio": null,
            "price_fair": 80.5,
            "eps_avg_yearly": 2.3,
            "eps_latest_yearly": 3.28,
            "eps_growth_yearly": 32.34
        },
        "20234": {
            "year_quarter": 20234,
            "year": 2023,
            "quarter": 4,
            "eps": 0.49,
            "eps_growth_year": -23.67,
            "eps_4q": 2.73,
            "eps_4q_growth_year": 7.24,
            "roe": 1.98,
            "roe_4q": 11.41,
            "gross_profit": 871778,
            "gross_margin": 10.43,
            "gross_margin_4q_avg": 10.93,
            "net_income": 126346,
            "net_income_4q": null,
            "revenue": 8358390,
            "revenue_4q": null,
            "common_shares": 2582527,
            "book_valuer_per_share": 24.84,
            "book_valuer_per_share_4q_avg": 23.97,
            "equity": 6425202,
            "current_ratio": 221.72,
            "debt_ratio": 34.66,
            "inventory_turnover_ratio": 2.91,
            "account_receivable_turnover_ratio": 4.85,
            "reinvestment_rate": 20.9,
            "research_to_sale_ratio": null,
            "price_fair": 81.2,
            "eps_avg_yearly": 2.32,
            "eps_latest_yearly": 1.96,
            "eps_growth_yearly": 31.98
        }
    },
    "months": {
        "2001-06": {
            "month": "2001-06",
            "price": "30.52",
            "revenue": 1009543
        },
        "2001-07": {
            "month": "2001-07",
            "price": "28.40",
            "revenue": 1427166
        },
        "2001-08": {
            "month": "2001-08",
            "price": "32.28",
            "revenue": 1303250
        },
        "2001-09": {
            "month": "2001-09",
            "price": "27.89",
            "revenue": 913453
        },
        "2001-10": {
            "month": "2001-10",
            "price": "25.21",
            "revenue": 966070
        },
        "2001-11": {
            "month": "2001-11",
            "price": "29.37",
            "revenue": 948153
        },
        "2001-12": {
            "month": "2001-12",
            "price": "37.82",
            "revenue": 880295
        },
        "2002-01": {
            "month": "2002-01",
            "price": "44.15",
            "revenue": 847340
        },
        "2002-02": {
            "month": "2002-02",
            "price": "43.47",
            "revenue": 926119
        },
        "2002-03": {
            "month": "2002-03",
            "price": "42.43",
            "revenue": 1100852
        },
        "2002-04": {
            "month": "2002-04",
            "price": "41.59",
            "revenue": 984768
        },
        "2002-05": {
            "month": "2002-05",
            "price": "36.04",
            "revenue": 1092556
        },
        "2002-06": {
            "month": "2002-06",
            "price": "34.16",
            "revenue": 835336
        },
        "2002-07": {
            "month": "2002-07",
            "price": "31.78",
            "revenue": 1063034
        },
        "2002-08": {
            "month": "2002-08",
            "price": "31.46",
            "revenue": 1349116
        },
        "2002-09": {
            "month": "2002-09",
            "price": "31.53",
            "revenue": 1088702
        },
        "2002-10": {
            "month": "2002-10",
            "price": "32.50",
            "revenue": 1085038
        },
        "2002-11": {
            "month": "2002-11",
            "price": "33.04",
            "revenue": 988804
        },
        "2002-12": {
            "month": "2002-12",
            "price": "30.64",
            "revenue": 1175725
        },
        "2003-01": {
            "month": "2003-01",
            "price": "29.81",
            "revenue": 1179486
        },
        "2003-02": {
            "month": "2003-02",
            "price": "28.54",
            "revenue": 1176032
        },
        "2003-03": {
            "month": "2003-03",
            "price": "28.60",
            "revenue": 1076722
        },
        "2003-04": {
            "month": "2003-04",
            "price": "28.37",
            "revenue": 1270581
        },
        "2003-05": {
            "month": "2003-05",
            "price": "26.22",
            "revenue": 1209438
        },
        "2003-06": {
            "month": "2003-06",
            "price": "27.90",
            "revenue": 1144827
        },
        "2003-07": {
            "month": "2003-07",
            "price": "30.46",
            "revenue": 1463233
        },
        "2003-08": {
            "month": "2003-08",
            "price": "26.76",
            "revenue": 1520462
        },
        "2003-09": {
            "month": "2003-09",
            "price": "23.91",
            "revenue": 1270677
        },
        "2003-10": {
            "month": "2003-10",
            "price": "21.97",
            "revenue": 1497221
        },
        "2003-11": {
            "month": "2003-11",
            "price": "20.94",
            "revenue": 1294496
        },
        "2003-12": {
            "month": "2003-12",
            "price": "20.98",
            "revenue": 1354185
        },
        "2004-01": {
            "month": "2004-01",
            "price": "21.46",
            "revenue": 1416702
        },
        "2004-02": {
            "month": "2004-02",
            "price": "23.24",
            "revenue": 1441941
        },
        "2004-03": {
            "month": "2004-03",
            "price": "25.25",
            "revenue": 1343037
        },
        "2004-04": {
            "month": "2004-04",
            "price": "22.99",
            "revenue": 1302911
        },
        "2004-05": {
            "month": "2004-05",
            "price": "19.39",
            "revenue": 1325448
        },
        "2004-06": {
            "month": "2004-06",
            "price": "17.45",
            "revenue": 1499193
        },
        "2004-07": {
            "month": "2004-07",
            "price": "15.75",
            "revenue": 1603153
        },
        "2004-08": {
            "month": "2004-08",
            "price": "14.23",
            "revenue": 1503175
        },
        "2004-09": {
            "month": "2004-09",
            "price": "13.07",
            "revenue": 1434327
        },
        "2004-10": {
            "month": "2004-10",
            "price": "13.19",
            "revenue": 1247527
        },
        "2004-11": {
            "month": "2004-11",
            "price": "12.50",
            "revenue": 1375581
        },
        "2004-12": {
            "month": "2004-12",
            "price": "11.97",
            "revenue": 1651958
        },
        "2005-01": {
            "month": "2005-01",
            "price": "11.68",
            "revenue": 1400418
        },
        "2005-02": {
            "month": "2005-02",
            "price": "11.92",
            "revenue": 1450706
        },
        "2005-03": {
            "month": "2005-03",
            "price": "12.16",
            "revenue": 1493127
        },
        "2005-04": {
            "month": "2005-04",
            "price": "11.80",
            "revenue": 1328038
        },
        "2005-05": {
            "month": "2005-05",
            "price": "12.25",
            "revenue": 1570797
        },
        "2005-06": {
            "month": "2005-06",
            "price": "18.87",
            "revenue": 1623224
        },
        "2005-07": {
            "month": "2005-07",
            "price": "21.05",
            "revenue": 1369675
        },
        "2005-08": {
            "month": "2005-08",
            "price": "16.75",
            "revenue": 1398143
        },
        "2005-09": {
            "month": "2005-09",
            "price": "16.58",
            "revenue": 1398148
        },
        "2005-10": {
            "month": "2005-10",
            "price": "16.73",
            "revenue": 1063334
        },
        "2005-11": {
            "month": "2005-11",
            "price": "17.38",
            "revenue": 1165241
        },
        "2005-12": {
            "month": "2005-12",
            "price": "17.59",
            "revenue": 1610002
        },
        "2006-01": {
            "month": "2006-01",
            "price": "16.38",
            "revenue": 1413191
        },
        "2006-02": {
            "month": "2006-02",
            "price": "16.11",
            "revenue": 1310618
        },
        "2006-03": {
            "month": "2006-03",
            "price": "15.15",
            "revenue": 1446417
        },
        "2006-04": {
            "month": "2006-04",
            "price": "15.88",
            "revenue": 1136838
        },
        "2006-05": {
            "month": "2006-05",
            "price": "16.77",
            "revenue": 1374290
        },
        "2006-06": {
            "month": "2006-06",
            "price": "14.90",
            "revenue": 1563611
        },
        "2006-07": {
            "month": "2006-07",
            "price": "16.91",
            "revenue": 1468713
        },
        "2006-08": {
            "month": "2006-08",
            "price": "17.81",
            "revenue": 1768969
        },
        "2006-09": {
            "month": "2006-09",
            "price": "19.39",
            "revenue": 1608684
        },
        "2006-10": {
            "month": "2006-10",
            "price": "21.93",
            "revenue": 1380656
        },
        "2006-11": {
            "month": "2006-11",
            "price": "21.80",
            "revenue": 1293967
        },
        "2006-12": {
            "month": "2006-12",
            "price": "24.84",
            "revenue": 1360044
        },
        "2007-01": {
            "month": "2007-01",
            "price": "33.58",
            "revenue": 1378023
        },
        "2007-02": {
            "month": "2007-02",
            "price": "38.28",
            "revenue": 1338825
        },
        "2007-03": {
            "month": "2007-03",
            "price": "44.58",
            "revenue": 1540895
        },
        "2007-04": {
            "month": "2007-04",
            "price": "47.27",
            "revenue": 1473348
        },
        "2007-05": {
            "month": "2007-05",
            "price": "45.28",
            "revenue": 1544763
        },
        "2007-06": {
            "month": "2007-06",
            "price": "45.84",
            "revenue": 1521518
        },
        "2007-07": {
            "month": "2007-07",
            "price": "53.09",
            "revenue": 1704238
        },
        "2007-08": {
            "month": "2007-08",
            "price": "53.07",
            "revenue": 1925113
        },
        "2007-09": {
            "month": "2007-09",
            "price": "49.32",
            "revenue": 1727999
        },
        "2007-10": {
            "month": "2007-10",
            "price": "50.20",
            "revenue": 1676368
        },
        "2007-11": {
            "month": "2007-11",
            "price": "43.93",
            "revenue": 1724106
        },
        "2007-12": {
            "month": "2007-12",
            "price": "40.64",
            "revenue": 1934337
        },
        "2008-01": {
            "month": "2008-01",
            "price": "39.32",
            "revenue": 1982172
        },
        "2008-02": {
            "month": "2008-02",
            "price": "41.93",
            "revenue": 2218867
        },
        "2008-03": {
            "month": "2008-03",
            "price": "47.96",
            "revenue": 1836421
        },
        "2008-04": {
            "month": "2008-04",
            "price": "51.08",
            "revenue": 1527714
        },
        "2008-05": {
            "month": "2008-05",
            "price": "50.25",
            "revenue": 1770836
        },
        "2008-06": {
            "month": "2008-06",
            "price": "46.72",
            "revenue": 1816183
        },
        "2008-07": {
            "month": "2008-07",
            "price": "41.10",
            "revenue": 1900450
        },
        "2008-08": {
            "month": "2008-08",
            "price": "42.10",
            "revenue": 2173027
        },
        "2008-09": {
            "month": "2008-09",
            "price": "37.35",
            "revenue": 2009329
        },
        "2008-10": {
            "month": "2008-10",
            "price": "31.47",
            "revenue": 1666298
        },
        "2008-11": {
            "month": "2008-11",
            "price": "30.68",
            "revenue": 1509076
        },
        "2008-12": {
            "month": "2008-12",
            "price": "31.41",
            "revenue": 1653870
        },
        "2009-01": {
            "month": "2009-01",
            "price": "31.44",
            "revenue": 1707866
        },
        "2009-02": {
            "month": "2009-02",
            "price": "31.20",
            "revenue": 1869543
        },
        "2009-03": {
            "month": "2009-03",
            "price": "38.10",
            "revenue": 1431968
        },
        "2009-04": {
            "month": "2009-04",
            "price": "40.17",
            "revenue": 1223954
        },
        "2009-05": {
            "month": "2009-05",
            "price": "45.05",
            "revenue": 1297061
        },
        "2009-06": {
            "month": "2009-06",
            "price": "45.96",
            "revenue": 1444785
        },
        "2009-07": {
            "month": "2009-07",
            "price": "41.37",
            "revenue": 1481873
        },
        "2009-08": {
            "month": "2009-08",
            "price": "41.24",
            "revenue": 1712962
        },
        "2009-09": {
            "month": "2009-09",
            "price": "45.40",
            "revenue": 1651727
        },
        "2009-10": {
            "month": "2009-10",
            "price": "45.40",
            "revenue": 1467248
        },
        "2009-11": {
            "month": "2009-11",
            "price": "45.50",
            "revenue": 1459684
        },
        "2009-12": {
            "month": "2009-12",
            "price": "46.08",
            "revenue": 1782734
        },
        "2010-01": {
            "month": "2010-01",
            "price": "47.78",
            "revenue": 1506652
        },
        "2010-02": {
            "month": "2010-02",
            "price": "45.91",
            "revenue": 1690426
        },
        "2010-03": {
            "month": "2010-03",
            "price": "48.93",
            "revenue": 1709535
        },
        "2010-04": {
            "month": "2010-04",
            "price": "49.45",
            "revenue": 1575560
        },
        "2010-05": {
            "month": "2010-05",
            "price": "49.57",
            "revenue": 1594997
        },
        "2010-06": {
            "month": "2010-06",
            "price": "50.66",
            "revenue": 1607546
        },
        "2010-07": {
            "month": "2010-07",
            "price": "50.08",
            "revenue": 1722421
        },
        "2010-08": {
            "month": "2010-08",
            "price": "48.41",
            "revenue": 1639978
        },
        "2010-09": {
            "month": "2010-09",
            "price": "49.68",
            "revenue": 1497692
        },
        "2010-10": {
            "month": "2010-10",
            "price": "51.51",
            "revenue": 1354811
        },
        "2010-11": {
            "month": "2010-11",
            "price": "53.32",
            "revenue": 1645410
        },
        "2010-12": {
            "month": "2010-12",
            "price": "57.22",
            "revenue": 1950380
        },
        "2011-01": {
            "month": "2011-01",
            "price": "60.00",
            "revenue": 2129132
        },
        "2011-02": {
            "month": "2011-02",
            "price": "72.85",
            "revenue": 1942419
        },
        "2011-03": {
            "month": "2011-03",
            "price": "77.75",
            "revenue": 2127087
        },
        "2011-04": {
            "month": "2011-04",
            "price": "87.67",
            "revenue": 1851272
        },
        "2011-05": {
            "month": "2011-05",
            "price": "114.07",
            "revenue": 1847843
        },
        "2011-06": {
            "month": "2011-06",
            "price": "130.71",
            "revenue": 2300444
        },
        "2011-07": {
            "month": "2011-07",
            "price": "146.24",
            "revenue": 2445642
        },
        "2011-08": {
            "month": "2011-08",
            "price": "142.78",
            "revenue": 2563525
        },
        "2011-09": {
            "month": "2011-09",
            "price": "106.74",
            "revenue": 2260926
        },
        "2011-10": {
            "month": "2011-10",
            "price": "99.30",
            "revenue": 2175945
        },
        "2011-11": {
            "month": "2011-11",
            "price": "106.91",
            "revenue": 2749071
        },
        "2011-12": {
            "month": "2011-12",
            "price": "92.93",
            "revenue": 3011328
        },
        "2012-01": {
            "month": "2012-01",
            "price": "102.79",
            "revenue": 3200962
        },
        "2012-02": {
            "month": "2012-02",
            "price": "125.25",
            "revenue": 2943990
        },
        "2012-03": {
            "month": "2012-03",
            "price": "131.46",
            "revenue": 2624726
        },
        "2012-04": {
            "month": "2012-04",
            "price": "119.25",
            "revenue": 2431212
        },
        "2012-05": {
            "month": "2012-05",
            "price": "112.75",
            "revenue": 3056230
        },
        "2012-06": {
            "month": "2012-06",
            "price": "102.13",
            "revenue": 2855400
        },
        "2012-07": {
            "month": "2012-07",
            "price": "104.66",
            "revenue": 2976182
        },
        "2012-08": {
            "month": "2012-08",
            "price": "113.43",
            "revenue": 3461177
        },
        "2012-09": {
            "month": "2012-09",
            "price": "107.30",
            "revenue": 2302378
        },
        "2012-10": {
            "month": "2012-10",
            "price": "103.94",
            "revenue": 2640507
        },
        "2012-11": {
            "month": "2012-11",
            "price": "95.25",
            "revenue": 2723555
        },
        "2012-12": {
            "month": "2012-12",
            "price": "96.22",
            "revenue": 3381680
        },
        "2013-01": {
            "month": "2013-01",
            "price": "94.64",
            "revenue": 4171681
        },
        "2013-02": {
            "month": "2013-02",
            "price": "96.86",
            "revenue": 3663867
        },
        "2013-03": {
            "month": "2013-03",
            "price": "95.86",
            "revenue": 3269066
        },
        "2013-04": {
            "month": "2013-04",
            "price": "92.93",
            "revenue": 3241257
        },
        "2013-05": {
            "month": "2013-05",
            "price": "98.59",
            "revenue": 3813033
        },
        "2013-06": {
            "month": "2013-06",
            "price": "103.03",
            "revenue": 3322460
        },
        "2013-07": {
            "month": "2013-07",
            "price": "100.34",
            "revenue": 3725016
        },
        "2013-08": {
            "month": "2013-08",
            "price": "98.57",
            "revenue": 3800101
        },
        "2013-09": {
            "month": "2013-09",
            "price": "94.78",
            "revenue": 3259454
        },
        "2013-10": {
            "month": "2013-10",
            "price": "94.98",
            "revenue": 3482450
        },
        "2013-11": {
            "month": "2013-11",
            "price": "91.02",
            "revenue": 3205611
        },
        "2013-12": {
            "month": "2013-12",
            "price": "92.06",
            "revenue": 3757167
        },
        "2014-01": {
            "month": "2014-01",
            "price": "91.23",
            "revenue": 4233101
        },
        "2014-02": {
            "month": "2014-02",
            "price": "87.71",
            "revenue": 3358707
        },
        "2014-03": {
            "month": "2014-03",
            "price": "85.44",
            "revenue": 2964035
        },
        "2014-04": {
            "month": "2014-04",
            "price": "82.40",
            "revenue": 3474720
        },
        "2014-05": {
            "month": "2014-05",
            "price": "75.08",
            "revenue": 3728610
        },
        "2014-06": {
            "month": "2014-06",
            "price": "70.74",
            "revenue": 3723389
        },
        "2014-07": {
            "month": "2014-07",
            "price": "69.05",
            "revenue": 3085852
        },
        "2014-08": {
            "month": "2014-08",
            "price": "56.22",
            "revenue": 2945601
        },
        "2014-09": {
            "month": "2014-09",
            "price": "58.08",
            "revenue": 3118521
        },
        "2014-10": {
            "month": "2014-10",
            "price": "56.84",
            "revenue": 3939667
        },
        "2014-11": {
            "month": "2014-11",
            "price": "54.10",
            "revenue": 3374808
        },
        "2014-12": {
            "month": "2014-12",
            "price": "51.23",
            "revenue": 3404748
        },
        "2015-01": {
            "month": "2015-01",
            "price": "51.01",
            "revenue": 3076955
        },
        "2015-02": {
            "month": "2015-02",
            "price": "50.62",
            "revenue": 3103185
        },
        "2015-03": {
            "month": "2015-03",
            "price": "49.62",
            "revenue": 2934122
        },
        "2015-04": {
            "month": "2015-04",
            "price": "44.57",
            "revenue": 3045855
        },
        "2015-05": {
            "month": "2015-05",
            "price": "46.03",
            "revenue": 2937902
        },
        "2015-06": {
            "month": "2015-06",
            "price": "46.09",
            "revenue": 3086551
        },
        "2015-07": {
            "month": "2015-07",
            "price": "49.45",
            "revenue": 2703518
        },
        "2015-08": {
            "month": "2015-08",
            "price": "44.40",
            "revenue": 2745989
        },
        "2015-09": {
            "month": "2015-09",
            "price": "42.68",
            "revenue": 2652338
        },
        "2015-10": {
            "month": "2015-10",
            "price": "46.38",
            "revenue": 2891108
        },
        "2015-11": {
            "month": "2015-11",
            "price": "41.72",
            "revenue": 3109135
        },
        "2015-12": {
            "month": "2015-12",
            "price": "39.30",
            "revenue": 3271466
        },
        "2016-01": {
            "month": "2016-01",
            "price": "38.61",
            "revenue": 3032355
        },
        "2016-02": {
            "month": "2016-02",
            "price": "42.17",
            "revenue": 2818265
        },
        "2016-03": {
            "month": "2016-03",
            "price": "43.54",
            "revenue": 2654063
        },
        "2016-04": {
            "month": "2016-04",
            "price": "42.97",
            "revenue": 2408870
        },
        "2016-05": {
            "month": "2016-05",
            "price": "43.38",
            "revenue": 2599469
        },
        "2016-06": {
            "month": "2016-06",
            "price": "43.65",
            "revenue": 2784558
        },
        "2016-07": {
            "month": "2016-07",
            "price": "53.07",
            "revenue": 2537249
        },
        "2016-08": {
            "month": "2016-08",
            "price": "52.28",
            "revenue": 3523050
        },
        "2016-09": {
            "month": "2016-09",
            "price": "52.82",
            "revenue": 3101557
        },
        "2016-10": {
            "month": "2016-10",
            "price": "50.45",
            "revenue": 2917710
        },
        "2016-11": {
            "month": "2016-11",
            "price": "49.99",
            "revenue": 2680690
        },
        "2016-12": {
            "month": "2016-12",
            "price": "51.48",
            "revenue": 3032912
        },
        "2017-01": {
            "month": "2017-01",
            "price": "52.29",
            "revenue": 3016993
        },
        "2017-02": {
            "month": "2017-02",
            "price": "53.66",
            "revenue": 2900609
        },
        "2017-03": {
            "month": "2017-03",
            "price": "53.85",
            "revenue": 2756988
        },
        "2017-04": {
            "month": "2017-04",
            "price": "52.85",
            "revenue": 2536914
        },
        "2017-05": {
            "month": "2017-05",
            "price": "53.68",
            "revenue": 3055114
        },
        "2017-06": {
            "month": "2017-06",
            "price": "54.72",
            "revenue": 3316735
        },
        "2017-07": {
            "month": "2017-07",
            "price": "57.74",
            "revenue": 2947751
        },
        "2017-08": {
            "month": "2017-08",
            "price": "52.43",
            "revenue": 2967702
        },
        "2017-09": {
            "month": "2017-09",
            "price": "52.34",
            "revenue": 3091829
        },
        "2017-10": {
            "month": "2017-10",
            "price": "51.92",
            "revenue": 2907873
        },
        "2017-11": {
            "month": "2017-11",
            "price": "51.50",
            "revenue": 3015922
        },
        "2017-12": {
            "month": "2017-12",
            "price": "50.84",
            "revenue": 3223504
        },
        "2018-01": {
            "month": "2018-01",
            "price": "51.43",
            "revenue": 3073730
        },
        "2018-02": {
            "month": "2018-02",
            "price": "51.14",
            "revenue": 2795927
        },
        "2018-03": {
            "month": "2018-03",
            "price": "52.30",
            "revenue": 2951169
        },
        "2018-04": {
            "month": "2018-04",
            "price": "52.79",
            "revenue": 2324404
        },
        "2018-05": {
            "month": "2018-05",
            "price": "51.60",
            "revenue": 2738641
        },
        "2018-06": {
            "month": "2018-06",
            "price": "50.69",
            "revenue": 2147714
        },
        "2018-07": {
            "month": "2018-07",
            "price": "49.42",
            "revenue": 2335935
        },
        "2018-08": {
            "month": "2018-08",
            "price": "42.50",
            "revenue": 2498194
        },
        "2018-09": {
            "month": "2018-09",
            "price": "40.27",
            "revenue": 2474659
        },
        "2018-10": {
            "month": "2018-10",
            "price": "37.70",
            "revenue": 2511254
        },
        "2018-11": {
            "month": "2018-11",
            "price": "34.94",
            "revenue": 2680763
        },
        "2018-12": {
            "month": "2018-12",
            "price": "35.36",
            "revenue": 2708550
        },
        "2019-01": {
            "month": "2019-01",
            "price": "34.96",
            "revenue": 2764999
        },
        "2019-02": {
            "month": "2019-02",
            "price": "35.00",
            "revenue": 2330196
        },
        "2019-03": {
            "month": "2019-03",
            "price": "35.88",
            "revenue": 2682451
        },
        "2019-04": {
            "month": "2019-04",
            "price": "35.78",
            "revenue": 2210514
        },
        "2019-05": {
            "month": "2019-05",
            "price": "33.18",
            "revenue": 2243568
        },
        "2019-06": {
            "month": "2019-06",
            "price": "31.99",
            "revenue": 2286422
        },
        "2019-07": {
            "month": "2019-07",
            "price": "32.92",
            "revenue": 2266315
        },
        "2019-08": {
            "month": "2019-08",
            "price": "31.05",
            "revenue": 2377624
        },
        "2019-09": {
            "month": "2019-09",
            "price": "30.83",
            "revenue": 2489034
        },
        "2019-10": {
            "month": "2019-10",
            "price": "30.79",
            "revenue": 2616487
        },
        "2019-11": {
            "month": "2019-11",
            "price": "30.99",
            "revenue": 2393094
        },
        "2019-12": {
            "month": "2019-12",
            "price": "31.43",
            "revenue": 2204169
        },
        "2020-01": {
            "month": "2020-01",
            "price": "32.42",
            "revenue": 2422784
        },
        "2020-02": {
            "month": "2020-02",
            "price": "31.69",
            "revenue": 2285249
        },
        "2020-03": {
            "month": "2020-03",
            "price": "28.33",
            "revenue": 2020104
        },
        "2020-04": {
            "month": "2020-04",
            "price": "27.91",
            "revenue": 1811444
        },
        "2020-05": {
            "month": "2020-05",
            "price": "28.32",
            "revenue": 2103095
        },
        "2020-06": {
            "month": "2020-06",
            "price": "29.98",
            "revenue": 2016083
        },
        "2020-07": {
            "month": "2020-07",
            "price": "28.79",
            "revenue": 2169288
        },
        "2020-08": {
            "month": "2020-08",
            "price": "28.35",
            "revenue": 2328268
        },
        "2020-09": {
            "month": "2020-09",
            "price": "28.88",
            "revenue": 2254093
        },
        "2020-10": {
            "month": "2020-10",
            "price": "28.91",
            "revenue": 2302499
        },
        "2020-11": {
            "month": "2020-11",
            "price": "28.91",
            "revenue": 2786339
        },
        "2020-12": {
            "month": "2020-12",
            "price": "30.00",
            "revenue": 2507827
        },
        "2021-01": {
            "month": "2021-01",
            "price": "33.38",
            "revenue": 2713138
        },
        "2021-02": {
            "month": "2021-02",
            "price": "31.98",
            "revenue": 2454022
        },
        "2021-03": {
            "month": "2021-03",
            "price": "33.31",
            "revenue": 2376624
        },
        "2021-04": {
            "month": "2021-04",
            "price": "35.02",
            "revenue": 2205259
        },
        "2021-05": {
            "month": "2021-05",
            "price": "32.23",
            "revenue": 2229644
        },
        "2021-06": {
            "month": "2021-06",
            "price": "32.79",
            "revenue": 2180821
        },
        "2021-07": {
            "month": "2021-07",
            "price": "31.88",
            "revenue": 2367247
        },
        "2021-08": {
            "month": "2021-08",
            "price": "31.45",
            "revenue": 2384301
        },
        "2021-09": {
            "month": "2021-09",
            "price": "31.47",
            "revenue": 2616877
        },
        "2021-10": {
            "month": "2021-10",
            "price": "31.74",
            "revenue": 3668311
        },
        "2021-11": {
            "month": "2021-11",
            "price": "32.95",
            "revenue": 2988660
        },
        "2021-12": {
            "month": "2021-12",
            "price": "33.10",
            "revenue": 2854029
        },
        "2022-01": {
            "month": "2022-01",
            "price": "32.94",
            "revenue": 2933577
        },
        "2022-02": {
            "month": "2022-02",
            "price": "33.01",
            "revenue": 2238218
        },
        "2022-03": {
            "month": "2022-03",
            "price": "33.16",
            "revenue": 2898335
        },
        "2022-04": {
            "month": "2022-04",
            "price": "34.19",
            "revenue": 2422175
        },
        "2022-05": {
            "month": "2022-05",
            "price": "33.23",
            "revenue": 2291321
        },
        "2022-06": {
            "month": "2022-06",
            "price": "33.11",
            "revenue": 2258342
        },
        "2022-07": {
            "month": "2022-07",
            "price": "30.87",
            "revenue": 2393763
        },
        "2022-08": {
            "month": "2022-08",
            "price": "31.57",
            "revenue": 2512334
        },
        "2022-09": {
            "month": "2022-09",
            "price": "31.21",
            "revenue": 2718019
        },
        "2022-10": {
            "month": "2022-10",
            "price": "29.86",
            "revenue": 2869190
        },
        "2022-11": {
            "month": "2022-11",
            "price": "30.44",
            "revenue": 2827687
        },
        "2022-12": {
            "month": "2022-12",
            "price": "30.93",
            "revenue": 2795633
        },
        "2023-01": {
            "month": "2023-01",
            "price": "31.42",
            "revenue": 2715664
        },
        "2023-02": {
            "month": "2023-02",
            "price": "32.46",
            "revenue": 2703336
        },
        "2023-03": {
            "month": "2023-03",
            "price": "34.42",
            "revenue": 2791988
        },
        "2023-04": {
            "month": "2023-04",
            "price": "34.96",
            "revenue": 2228275
        },
        "2023-05": {
            "month": "2023-05",
            "price": "35.99",
            "revenue": 2453476
        },
        "2023-06": {
            "month": "2023-06",
            "price": "35.79",
            "revenue": 2376994
        },
        "2023-07": {
            "month": "2023-07",
            "price": "35.02",
            "revenue": 2364464
        },
        "2023-08": {
            "month": "2023-08",
            "price": "35.93",
            "revenue": 2467292
        },
        "2023-09": {
            "month": "2023-09",
            "price": "36.51",
            "revenue": 2809253
        },
        "2023-10": {
            "month": "2023-10",
            "price": "36.24",
            "revenue": 3069122
        },
        "2023-11": {
            "month": "2023-11",
            "price": "38.14",
            "revenue": 2949804
        },
        "2023-12": {
            "month": "2023-12",
            "price": "39.00",
            "revenue": 2339464
        }
    }
}
