{
    "summary": {
        "stock_name": "創見",
        "stock_id": "2451",
        "category": "半導體",
        "main_business": "電腦等數位產品之記憶體擴充卡<br>電腦週邊產品",
        "website_url": "http://www.transcend-info.com",
        "ceo": "束崇萬",
        "pe_ratio": 27,
        "report_year_from": 2001,
        "report_year_to": 2023,
        "age": 22,
        "eps_negative_percentage": 0,
        "eps_growth_avg": {
            "last_all": 11.82,
            "last_2y": 22.31,
            "last_4y": 5.68,
            "last_8y": 1.43,
            "last_12y": 3.78,
            "last_16y": 9.8,
            "last_20y": 11.82,
            "at_2006_last_3y": 10.16,
            "at_2007_last_3y": 9.71,
            "at_2008_last_3y": -0.21,
            "at_2009_last_3y": 29.36,
            "at_2010_last_3y": -0.99,
            "at_2011_last_3y": 20.35,
            "at_2012_last_3y": 26.46,
            "at_2013_last_3y": 9.08,
            "at_2014_last_3y": 30.11,
            "at_2015_last_3y": 3.48,
            "at_2016_last_3y": 1.24,
            "at_2017_last_3y": -3.88,
            "at_2018_last_3y": -13.45,
            "at_2019_last_3y": -14.26,
            "at_2020_last_3y": -19.17,
            "at_2021_last_3y": 7.81,
            "at_2022_last_3y": 12.49,
            "at_2023_last_3y": 12.49,
            "at_2006_last_all": 27.1,
            "at_2007_last_all": 23.82,
            "at_2008_last_all": 16.69,
            "at_2009_last_all": 24.87,
            "at_2010_last_all": 14.61,
            "at_2011_last_all": 22.43,
            "at_2012_last_all": 20.24,
            "at_2013_last_all": 19.61,
            "at_2014_last_all": 19.38,
            "at_2015_last_all": 17.02,
            "at_2016_last_all": 15.18,
            "at_2017_last_all": 13.73,
            "at_2018_last_all": 11.66,
            "at_2019_last_all": 10.07,
            "at_2020_last_all": 7.95,
            "at_2021_last_all": 12.55,
            "at_2022_last_all": 11.82,
            "at_2023_last_all": 11.82
        },
        "latest_eps": 2.71,
        "latest_price": 73.4,
        "latest_roe": 6.29,
        "latest_gross_margin": 23.67,
        "latest_equity": 17872446,
        "latest_revenue": 2469577,
        "latest_gross_profit": 584610,
        "latest_net_income": 399512,
        "latest_debt_ratio": 19.96,
        "latest_current_ratio": 421.5,
        "latest_account_receivable_turnover_ratio": 1.89,
        "latest_inventory_turnover_ratio": 0.75,
        "latest_reinvestment_rate": -11.86,
        "latest_research_to_sale_ratio": 1.2
    },
    "eps_dividends": {
        "1999": {
            "cash": 7,
            "stock": 7,
            "eps": 0
        },
        "2000": {
            "cash": 4,
            "stock": 4,
            "eps": 0
        },
        "2001": {
            "cash": 4.36,
            "stock": 2.5,
            "eps": 3.11
        },
        "2002": {
            "cash": 0.5,
            "stock": 2,
            "eps": 6.06
        },
        "2003": {
            "cash": 3.3,
            "stock": 1.2,
            "eps": 6.62
        },
        "2004": {
            "cash": 3.48,
            "stock": 1.99,
            "eps": 7.52
        },
        "2005": {
            "cash": 4,
            "stock": 1,
            "eps": 4.8
        },
        "2006": {
            "cash": 2.99,
            "stock": 0.5,
            "eps": 7.39
        },
        "2007": {
            "cash": 3.56,
            "stock": 0.1,
            "eps": 7.94
        },
        "2008": {
            "cash": 3.97,
            "stock": 0.5,
            "eps": 5.87
        },
        "2009": {
            "cash": 3.3,
            "stock": 0.5,
            "eps": 10.69
        },
        "2010": {
            "cash": 6,
            "stock": 0,
            "eps": 3.48
        },
        "2011": {
            "cash": 8.5,
            "stock": 0,
            "eps": 6.71
        },
        "2012": {
            "cash": 0,
            "stock": 0,
            "eps": 6.6
        },
        "2013": {
            "cash": 6.5,
            "stock": 0,
            "eps": 7.43
        },
        "2014": {
            "cash": 6.7,
            "stock": 0,
            "eps": 8.67
        },
        "2015": {
            "cash": 7.8,
            "stock": 0,
            "eps": 7.48
        },
        "2016": {
            "cash": 6.8,
            "stock": 0,
            "eps": 6.69
        },
        "2017": {
            "cash": 6,
            "stock": 0,
            "eps": 6.16
        },
        "2018": {
            "cash": 6,
            "stock": 0,
            "eps": 4.83
        },
        "2019": {
            "cash": 5,
            "stock": 0,
            "eps": 4.01
        },
        "2020": {
            "cash": 4.5,
            "stock": 0,
            "eps": 2.8
        },
        "2021": {
            "cash": 3.05,
            "stock": 0,
            "eps": 5.9
        },
        "2022": {
            "cash": 6,
            "stock": 0,
            "eps": 5.73
        },
        "2023": {
            "cash": 5.6,
            "stock": 0,
            "eps": 1.47
        }
    },
    "dividends": {
        "1999-06-12": {
            "cash": 7,
            "stock": 7
        },
        "2000-04-15": {
            "cash": 4,
            "stock": 4
        },
        "2001-04-09": {
            "cash": 4.36,
            "stock": 2.5
        },
        "2002-06-10": {
            "cash": 0.5,
            "stock": 2
        },
        "2003-03-18": {
            "cash": 3.3,
            "stock": 1.2
        },
        "2004-03-17": {
            "cash": 3.48,
            "stock": 1.99
        },
        "2005-03-28": {
            "cash": 4,
            "stock": 1
        },
        "2006-03-23": {
            "cash": 2.99,
            "stock": 0.5
        },
        "2007-04-25": {
            "cash": 3.56,
            "stock": 0.1
        },
        "2008-04-29": {
            "cash": 3.97,
            "stock": 0.5
        },
        "2009-04-27": {
            "cash": 3.3,
            "stock": 0.5
        },
        "2010-04-22": {
            "cash": 6,
            "stock": 0
        },
        "2011-01-01": {
            "cash": 5.5,
            "stock": 0
        },
        "2011-04-28": {
            "cash": 3,
            "stock": 0
        },
        "2013-03-21": {
            "cash": 6.5,
            "stock": 0
        },
        "2014-06-12": {
            "cash": 6.7,
            "stock": 0
        },
        "2015-07-29": {
            "cash": 7.8,
            "stock": 0
        },
        "2016-08-05": {
            "cash": 6.8,
            "stock": 0
        },
        "2017-07-28": {
            "cash": 6,
            "stock": 0
        },
        "2018-07-31": {
            "cash": 6,
            "stock": 0
        },
        "2019-07-30": {
            "cash": 5,
            "stock": 0
        },
        "2020-07-30": {
            "cash": 4.5,
            "stock": 0
        },
        "2021-07-30": {
            "cash": 3.05,
            "stock": 0
        },
        "2022-07-29": {
            "cash": 6,
            "stock": 0
        },
        "2023-08-03": {
            "cash": 5.6,
            "stock": 0
        }
    },
    "prices": {
        "200101": "無",
        "200102": "無",
        "200103": "無",
        "200104": "無",
        "200105": "78.98",
        "200106": "70.50",
        "200107": "46.40",
        "200108": "49.31",
        "200109": "38.02",
        "200110": "28.66",
        "200111": "41.46",
        "200112": "60.06",
        "200201": "75.59",
        "200202": "99.83",
        "200203": "106.21",
        "200204": "97.67",
        "200205": "85.02",
        "200206": "92.52",
        "200207": "105.28",
        "200208": "102.11",
        "200209": "87.12",
        "200210": "76.25",
        "200211": "75.60",
        "200212": "68.30",
        "200301": "64.37",
        "200302": "57.12",
        "200303": "59.05",
        "200304": "62.48",
        "200305": "67.64",
        "200306": "80.50",
        "200307": "87.46",
        "200308": "84.57",
        "200309": "74.14",
        "200310": "75.30",
        "200311": "74.38",
        "200312": "71.70",
        "200401": "75.97",
        "200402": "82.78",
        "200403": "85.93",
        "200404": "96.18",
        "200405": "79.02",
        "200406": "73.90",
        "200407": "74.07",
        "200408": "76.45",
        "200409": "72.24",
        "200410": "68.72",
        "200411": "65.02",
        "200412": "65.96",
        "200501": "67.60",
        "200502": "78.62",
        "200503": "87.46",
        "200504": "85.01",
        "200505": "78.78",
        "200506": "80.06",
        "200507": "84.92",
        "200508": "85.00",
        "200509": "69.51",
        "200510": "63.08",
        "200511": "58.86",
        "200512": "64.69",
        "200601": "66.64",
        "200602": "62.70",
        "200603": "56.50",
        "200604": "58.01",
        "200605": "61.14",
        "200606": "60.44",
        "200607": "68.32",
        "200608": "77.64",
        "200609": "90.07",
        "200610": "83.52",
        "200611": "83.18",
        "200612": "85.98",
        "200701": "88.04",
        "200702": "87.43",
        "200703": "111.38",
        "200704": "118.20",
        "200705": "115.18",
        "200706": "130.95",
        "200707": "158.48",
        "200708": "139.74",
        "200709": "121.19",
        "200710": "121.48",
        "200711": "104.90",
        "200712": "101.94",
        "200801": "91.27",
        "200802": "79.23",
        "200803": "85.20",
        "200804": "105.11",
        "200805": "114.51",
        "200806": "98.15",
        "200807": "86.60",
        "200808": "82.74",
        "200809": "69.09",
        "200810": "52.27",
        "200811": "47.05",
        "200812": "53.16",
        "200901": "60.81",
        "200902": "66.78",
        "200903": "71.39",
        "200904": "85.36",
        "200905": "92.77",
        "200906": "81.01",
        "200907": "94.32",
        "200908": "107.70",
        "200909": "113.39",
        "200910": "113.93",
        "200911": "104.24",
        "200912": "109.00",
        "201001": "109.82",
        "201002": "104.89",
        "201003": "111.52",
        "201004": "112.70",
        "201005": "90.65",
        "201006": "87.19",
        "201007": "90.80",
        "201008": "86.60",
        "201009": "79.46",
        "201010": "77.85",
        "201011": "71.88",
        "201012": "76.72",
        "201101": "84.28",
        "201102": "81.89",
        "201103": "78.17",
        "201104": "82.55",
        "201105": "82.27",
        "201106": "82.89",
        "201107": "80.81",
        "201108": "66.93",
        "201109": "63.40",
        "201110": "63.72",
        "201111": "68.01",
        "201112": "75.04",
        "201201": "77.09",
        "201202": "84.54",
        "201203": "82.77",
        "201204": "79.92",
        "201205": "81.90",
        "201206": "80.60",
        "201207": "79.32",
        "201208": "80.98",
        "201209": "78.61",
        "201210": "78.30",
        "201211": "74.59",
        "201212": "80.58",
        "201301": "81.20",
        "201302": "83.88",
        "201303": "93.89",
        "201304": "100.04",
        "201305": "98.70",
        "201306": "95.54",
        "201307": "89.46",
        "201308": "86.27",
        "201309": "91.54",
        "201310": "92.91",
        "201311": "89.84",
        "201312": "85.10",
        "201401": "88.51",
        "201402": "90.76",
        "201403": "93.27",
        "201404": "100.35",
        "201405": "105.20",
        "201406": "108.85",
        "201407": "105.23",
        "201408": "102.48",
        "201409": "98.79",
        "201410": "99.23",
        "201411": "101.76",
        "201412": "99.13",
        "201501": "100.46",
        "201502": "103.04",
        "201503": "108.98",
        "201504": "116.95",
        "201505": "117.45",
        "201506": "116.60",
        "201507": "100.99",
        "201508": "84.97",
        "201509": "85.08",
        "201510": "88.52",
        "201511": "85.82",
        "201512": "85.09",
        "201601": "84.13",
        "201602": "95.57",
        "201603": "100.84",
        "201604": "95.03",
        "201605": "88.74",
        "201606": "95.21",
        "201607": "96.43",
        "201608": "94.37",
        "201609": "91.06",
        "201610": "89.70",
        "201611": "84.04",
        "201612": "85.66",
        "201701": "85.98",
        "201702": "86.97",
        "201703": "94.80",
        "201704": "101.21",
        "201705": "100.87",
        "201706": "102.26",
        "201707": "93.13",
        "201708": "89.68",
        "201709": "88.15",
        "201710": "86.50",
        "201711": "84.32",
        "201712": "82.00",
        "201801": "83.64",
        "201802": "83.21",
        "201803": "85.17",
        "201804": "85.15",
        "201805": "84.10",
        "201806": "86.18",
        "201807": "78.72",
        "201808": "75.83",
        "201809": "71.54",
        "201810": "66.85",
        "201811": "68.55",
        "201812": "66.82",
        "201901": "66.18",
        "201902": "68.00",
        "201903": "69.18",
        "201904": "69.98",
        "201905": "70.00",
        "201906": "71.07",
        "201907": "68.02",
        "201908": "66.03",
        "201909": "65.49",
        "201910": "65.50",
        "201911": "70.72",
        "201912": "76.19",
        "202001": "77.49",
        "202002": "79.77",
        "202003": "72.52",
        "202004": "69.08",
        "202005": "69.87",
        "202006": "71.92",
        "202007": "68.08",
        "202008": "65.00",
        "202009": "64.01",
        "202010": "62.69",
        "202011": "64.27",
        "202012": "65.05",
        "202101": "63.46",
        "202102": "63.81",
        "202103": "64.96",
        "202104": "74.52",
        "202105": "71.53",
        "202106": "72.85",
        "202107": "71.59",
        "202108": "70.05",
        "202109": "68.22",
        "202110": "66.99",
        "202111": "69.54",
        "202112": "71.62",
        "202201": "70.96",
        "202202": "71.28",
        "202203": "73.94",
        "202204": "72.50",
        "202205": "71.17",
        "202206": "70.91",
        "202207": "60.71",
        "202208": "65.26",
        "202209": "65.21",
        "202210": "65.34",
        "202211": "66.02",
        "202212": "66.69",
        "202301": "67.10",
        "202302": "68.76",
        "202303": "71.70",
        "202304": "71.95",
        "202305": "72.45",
        "202306": "77.62",
        "202307": "72.90",
        "202308": "71.05",
        "202309": "73.38",
        "202310": "74.39"
    },
    "quarters": {
        "20011": {
            "year_quarter": 20011,
            "year": 2001,
            "quarter": 1,
            "eps": 0.99,
            "eps_growth_year": null,
            "eps_4q": null,
            "eps_4q_growth_year": null,
            "roe": 5.38,
            "roe_4q": 5.38,
            "gross_profit": 232713,
            "gross_margin": 17.55,
            "gross_margin_4q_avg": 17.55,
            "net_income": 131494,
            "net_income_4q": null,
            "revenue": 1325792,
            "revenue_4q": null,
            "common_shares": 1325000,
            "book_valuer_per_share": 18.96,
            "book_valuer_per_share_4q_avg": 18.96,
            "equity": 2512138,
            "current_ratio": 380.01,
            "debt_ratio": 19.18,
            "inventory_turnover_ratio": 2.47,
            "account_receivable_turnover_ratio": null,
            "reinvestment_rate": null,
            "research_to_sale_ratio": null,
            "price_fair": 0,
            "eps_avg_yearly": 0,
            "eps_latest_yearly": 0,
            "eps_growth_yearly": 0
        },
        "20012": {
            "year_quarter": 20012,
            "year": 2001,
            "quarter": 2,
            "eps": 0.84,
            "eps_growth_year": null,
            "eps_4q": 3.62,
            "eps_4q_growth_year": null,
            "roe": 5.69,
            "roe_4q": 11.07,
            "gross_profit": 204235,
            "gross_margin": 17.89,
            "gross_margin_4q_avg": 17.72,
            "net_income": 139540,
            "net_income_4q": null,
            "revenue": 1141927,
            "revenue_4q": null,
            "common_shares": 1665120,
            "book_valuer_per_share": 14.38,
            "book_valuer_per_share_4q_avg": 16.67,
            "equity": 2395153,
            "current_ratio": 311.95,
            "debt_ratio": 22.77,
            "inventory_turnover_ratio": 2.53,
            "account_receivable_turnover_ratio": null,
            "reinvestment_rate": null,
            "research_to_sale_ratio": null,
            "price_fair": 0,
            "eps_avg_yearly": 0,
            "eps_latest_yearly": 0,
            "eps_growth_yearly": 0
        },
        "20013": {
            "year_quarter": 20013,
            "year": 2001,
            "quarter": 3,
            "eps": 0.43,
            "eps_growth_year": -67.91,
            "eps_4q": 2.99,
            "eps_4q_growth_year": null,
            "roe": 2.94,
            "roe_4q": 14.010000000000002,
            "gross_profit": 125198,
            "gross_margin": 11.99,
            "gross_margin_4q_avg": 15.81,
            "net_income": 71378,
            "net_income_4q": null,
            "revenue": 1044535,
            "revenue_4q": null,
            "common_shares": 1665120,
            "book_valuer_per_share": 14.82,
            "book_valuer_per_share_4q_avg": 16.05,
            "equity": 2467540,
            "current_ratio": 428.2,
            "debt_ratio": 16.68,
            "inventory_turnover_ratio": 2.23,
            "account_receivable_turnover_ratio": null,
            "reinvestment_rate": null,
            "research_to_sale_ratio": null,
            "price_fair": 0,
            "eps_avg_yearly": 0,
            "eps_latest_yearly": 0,
            "eps_growth_yearly": 0
        },
        "20014": {
            "year_quarter": 20014,
            "year": 2001,
            "quarter": 4,
            "eps": 0.85,
            "eps_growth_year": -27.35,
            "eps_4q": 2.91,
            "eps_4q_growth_year": null,
            "roe": 5.58,
            "roe_4q": 19.59,
            "gross_profit": 187134,
            "gross_margin": 15.54,
            "gross_margin_4q_avg": 15.74,
            "net_income": 141559,
            "net_income_4q": null,
            "revenue": 1204020,
            "revenue_4q": null,
            "common_shares": 1665120,
            "book_valuer_per_share": 15.67,
            "book_valuer_per_share_4q_avg": 15.96,
            "equity": 2609013,
            "current_ratio": 241.01,
            "debt_ratio": 30.54,
            "inventory_turnover_ratio": 1.87,
            "account_receivable_turnover_ratio": null,
            "reinvestment_rate": null,
            "research_to_sale_ratio": null,
            "price_fair": 0,
            "eps_avg_yearly": 0,
            "eps_latest_yearly": 0,
            "eps_growth_yearly": 0
        },
        "20021": {
            "year_quarter": 20021,
            "year": 2002,
            "quarter": 1,
            "eps": 2.48,
            "eps_growth_year": 150.51,
            "eps_4q": 4.6,
            "eps_4q_growth_year": null,
            "roe": 14.69,
            "roe_4q": 28.900000000000002,
            "gross_profit": 589027,
            "gross_margin": 33.14,
            "gross_margin_4q_avg": 19.64,
            "net_income": 412715,
            "net_income_4q": null,
            "revenue": 1777199,
            "revenue_4q": null,
            "common_shares": 1665120,
            "book_valuer_per_share": 18.08,
            "book_valuer_per_share_4q_avg": 15.74,
            "equity": 3010901,
            "current_ratio": 322.79,
            "debt_ratio": 24.45,
            "inventory_turnover_ratio": 1.51,
            "account_receivable_turnover_ratio": null,
            "reinvestment_rate": null,
            "research_to_sale_ratio": null,
            "price_fair": 347.2,
            "eps_avg_yearly": 9.92,
            "eps_latest_yearly": 9.92,
            "eps_growth_yearly": 767.06
        },
        "20022": {
            "year_quarter": 20022,
            "year": 2002,
            "quarter": 2,
            "eps": 1.41,
            "eps_growth_year": 67.86,
            "eps_4q": 5.17,
            "eps_4q_growth_year": 42.66,
            "roe": 7.6,
            "roe_4q": 30.81,
            "gross_profit": 326400,
            "gross_margin": 24.18,
            "gross_margin_4q_avg": 21.21,
            "net_income": 234667,
            "net_income_4q": null,
            "revenue": 1349937,
            "revenue_4q": null,
            "common_shares": 1665120,
            "book_valuer_per_share": 19.01,
            "book_valuer_per_share_4q_avg": 16.9,
            "equity": 3164660,
            "current_ratio": 357.87,
            "debt_ratio": 21.19,
            "inventory_turnover_ratio": 1.33,
            "account_receivable_turnover_ratio": null,
            "reinvestment_rate": null,
            "research_to_sale_ratio": null,
            "price_fair": 272.3,
            "eps_avg_yearly": 7.78,
            "eps_latest_yearly": 5.64,
            "eps_growth_yearly": 297.24
        },
        "20023": {
            "year_quarter": 20023,
            "year": 2002,
            "quarter": 3,
            "eps": 1,
            "eps_growth_year": 132.56,
            "eps_4q": 4.93,
            "eps_4q_growth_year": 64.86,
            "roe": 6.14,
            "roe_4q": 34.01,
            "gross_profit": 288751,
            "gross_margin": 18.74,
            "gross_margin_4q_avg": 22.9,
            "net_income": 200718,
            "net_income_4q": null,
            "revenue": 1540539,
            "revenue_4q": null,
            "common_shares": 2006000,
            "book_valuer_per_share": 16.79,
            "book_valuer_per_share_4q_avg": 17.39,
            "equity": 3368882,
            "current_ratio": 503.55,
            "debt_ratio": 15.07,
            "inventory_turnover_ratio": 1.91,
            "account_receivable_turnover_ratio": null,
            "reinvestment_rate": null,
            "research_to_sale_ratio": null,
            "price_fair": 228.2,
            "eps_avg_yearly": 6.52,
            "eps_latest_yearly": 4,
            "eps_growth_yearly": 159.39
        },
        "20024": {
            "year_quarter": 20024,
            "year": 2002,
            "quarter": 4,
            "eps": 1.17,
            "eps_growth_year": 37.65,
            "eps_4q": 5.4,
            "eps_4q_growth_year": 85.79,
            "roe": 6.73,
            "roe_4q": 35.16,
            "gross_profit": 298388,
            "gross_margin": 16.69,
            "gross_margin_4q_avg": 23.19,
            "net_income": 234630,
            "net_income_4q": null,
            "revenue": 1787795,
            "revenue_4q": null,
            "common_shares": 2006000,
            "book_valuer_per_share": 17.97,
            "book_valuer_per_share_4q_avg": 17.96,
            "equity": 3604284,
            "current_ratio": 320.52,
            "debt_ratio": 21.9,
            "inventory_turnover_ratio": 2.01,
            "account_receivable_turnover_ratio": null,
            "reinvestment_rate": null,
            "research_to_sale_ratio": null,
            "price_fair": 212.1,
            "eps_avg_yearly": 6.06,
            "eps_latest_yearly": 4.68,
            "eps_growth_yearly": 136.54
        },
        "20031": {
            "year_quarter": 20031,
            "year": 2003,
            "quarter": 1,
            "eps": 1.46,
            "eps_growth_year": -41.13,
            "eps_4q": 4.79,
            "eps_4q_growth_year": 4.21,
            "roe": 7.83,
            "roe_4q": 28.299999999999997,
            "gross_profit": 395477,
            "gross_margin": 19.98,
            "gross_margin_4q_avg": 19.9,
            "net_income": 293626,
            "net_income_4q": null,
            "revenue": 1979240,
            "revenue_4q": null,
            "common_shares": 2006000,
            "book_valuer_per_share": 19.44,
            "book_valuer_per_share_4q_avg": 18.3,
            "equity": 3900153,
            "current_ratio": 490.37,
            "debt_ratio": 15.05,
            "inventory_turnover_ratio": 2.18,
            "account_receivable_turnover_ratio": null,
            "reinvestment_rate": null,
            "research_to_sale_ratio": null,
            "price_fair": 210.56,
            "eps_avg_yearly": 6.02,
            "eps_latest_yearly": 5.84,
            "eps_growth_yearly": 129.06
        },
        "20032": {
            "year_quarter": 20032,
            "year": 2003,
            "quarter": 2,
            "eps": 1.23,
            "eps_growth_year": -12.77,
            "eps_4q": 4.87,
            "eps_4q_growth_year": -5.87,
            "roe": 6.69,
            "roe_4q": 27.39,
            "gross_profit": 389385,
            "gross_margin": 18.93,
            "gross_margin_4q_avg": 18.59,
            "net_income": 246599,
            "net_income_4q": null,
            "revenue": 2056501,
            "revenue_4q": null,
            "common_shares": 2006000,
            "book_valuer_per_share": 17.29,
            "book_valuer_per_share_4q_avg": 17.87,
            "equity": 3469220,
            "current_ratio": 253.23,
            "debt_ratio": 27.31,
            "inventory_turnover_ratio": 2.41,
            "account_receivable_turnover_ratio": null,
            "reinvestment_rate": null,
            "research_to_sale_ratio": null,
            "price_fair": 204.17,
            "eps_avg_yearly": 5.83,
            "eps_latest_yearly": 4.92,
            "eps_growth_yearly": 97.05
        },
        "20033": {
            "year_quarter": 20033,
            "year": 2003,
            "quarter": 3,
            "eps": 1.82,
            "eps_growth_year": 82,
            "eps_4q": 5.25,
            "eps_4q_growth_year": 6.46,
            "roe": 11.19,
            "roe_4q": 32.44,
            "gross_profit": 521830,
            "gross_margin": 20.99,
            "gross_margin_4q_avg": 19.15,
            "net_income": 411274,
            "net_income_4q": null,
            "revenue": 2486016,
            "revenue_4q": null,
            "common_shares": 2261000,
            "book_valuer_per_share": 17.18,
            "book_valuer_per_share_4q_avg": 17.97,
            "equity": 3884730,
            "current_ratio": 722.67,
            "debt_ratio": 31.72,
            "inventory_turnover_ratio": 2.14,
            "account_receivable_turnover_ratio": null,
            "reinvestment_rate": null,
            "research_to_sale_ratio": null,
            "price_fair": 211.4,
            "eps_avg_yearly": 6.04,
            "eps_latest_yearly": 7.28,
            "eps_growth_yearly": 110.6
        },
        "20034": {
            "year_quarter": 20034,
            "year": 2003,
            "quarter": 4,
            "eps": 2.11,
            "eps_growth_year": 80.34,
            "eps_4q": 6.32,
            "eps_4q_growth_year": 17.04,
            "roe": 11.56,
            "roe_4q": 37.27,
            "gross_profit": 616983,
            "gross_margin": 20.61,
            "gross_margin_4q_avg": 20.13,
            "net_income": 476971,
            "net_income_4q": null,
            "revenue": 2993724,
            "revenue_4q": null,
            "common_shares": 2261000,
            "book_valuer_per_share": 19.31,
            "book_valuer_per_share_4q_avg": 18.31,
            "equity": 4365714,
            "current_ratio": 428.75,
            "debt_ratio": 36.07,
            "inventory_turnover_ratio": 2.07,
            "account_receivable_turnover_ratio": null,
            "reinvestment_rate": null,
            "research_to_sale_ratio": null,
            "price_fair": 221.9,
            "eps_avg_yearly": 6.34,
            "eps_latest_yearly": 8.44,
            "eps_growth_yearly": 104.74
        },
        "20041": {
            "year_quarter": 20041,
            "year": 2004,
            "quarter": 1,
            "eps": 2.17,
            "eps_growth_year": 48.63,
            "eps_4q": 7.19,
            "eps_4q_growth_year": 50.03,
            "roe": 10.64,
            "roe_4q": 40.08,
            "gross_profit": 572498,
            "gross_margin": 17.82,
            "gross_margin_4q_avg": 19.59,
            "net_income": 490704,
            "net_income_4q": null,
            "revenue": 3213492,
            "revenue_4q": null,
            "common_shares": 2261000,
            "book_valuer_per_share": 21.47,
            "book_valuer_per_share_4q_avg": 18.81,
            "equity": 4855144,
            "current_ratio": 280.57,
            "debt_ratio": 29.29,
            "inventory_turnover_ratio": 2.21,
            "account_receivable_turnover_ratio": null,
            "reinvestment_rate": null,
            "research_to_sale_ratio": null,
            "price_fair": 231,
            "eps_avg_yearly": 6.6,
            "eps_latest_yearly": 8.68,
            "eps_growth_yearly": 94.36
        },
        "20042": {
            "year_quarter": 20042,
            "year": 2004,
            "quarter": 2,
            "eps": 1.55,
            "eps_growth_year": 26.02,
            "eps_4q": 7.63,
            "eps_4q_growth_year": 56.88,
            "roe": 7.53,
            "roe_4q": 40.92,
            "gross_profit": 480841,
            "gross_margin": 15.78,
            "gross_margin_4q_avg": 18.8,
            "net_income": 351318,
            "net_income_4q": null,
            "revenue": 3046595,
            "revenue_4q": null,
            "common_shares": 2270771,
            "book_valuer_per_share": 19.7,
            "book_valuer_per_share_4q_avg": 19.42,
            "equity": 4473959,
            "current_ratio": 217.04,
            "debt_ratio": 36.81,
            "inventory_turnover_ratio": 2.57,
            "account_receivable_turnover_ratio": null,
            "reinvestment_rate": 28.68,
            "research_to_sale_ratio": null,
            "price_fair": 229.6,
            "eps_avg_yearly": 6.56,
            "eps_latest_yearly": 6.2,
            "eps_growth_yearly": 73.5
        },
        "20043": {
            "year_quarter": 20043,
            "year": 2004,
            "quarter": 3,
            "eps": 2.07,
            "eps_growth_year": 13.74,
            "eps_4q": 6.89,
            "eps_4q_growth_year": 31.35,
            "roe": 11.73,
            "roe_4q": 41.46,
            "gross_profit": 638061,
            "gross_margin": 16.49,
            "gross_margin_4q_avg": 17.68,
            "net_income": 565911,
            "net_income_4q": null,
            "revenue": 3868540,
            "revenue_4q": null,
            "common_shares": 2763744,
            "book_valuer_per_share": 18.73,
            "book_valuer_per_share_4q_avg": 19.8,
            "equity": 5176779,
            "current_ratio": 328.52,
            "debt_ratio": 24.46,
            "inventory_turnover_ratio": 3.77,
            "account_receivable_turnover_ratio": null,
            "reinvestment_rate": 7.98,
            "research_to_sale_ratio": null,
            "price_fair": 235.07,
            "eps_avg_yearly": 6.72,
            "eps_latest_yearly": 8.28,
            "eps_growth_yearly": 79.02
        },
        "20044": {
            "year_quarter": 20044,
            "year": 2004,
            "quarter": 4,
            "eps": 1.73,
            "eps_growth_year": -18.01,
            "eps_4q": 6.85,
            "eps_4q_growth_year": 8.35,
            "roe": 8.7,
            "roe_4q": 38.6,
            "gross_profit": 667467,
            "gross_margin": 14.97,
            "gross_margin_4q_avg": 16.27,
            "net_income": 476040,
            "net_income_4q": null,
            "revenue": 4459590,
            "revenue_4q": null,
            "common_shares": 2782277,
            "book_valuer_per_share": 20.74,
            "book_valuer_per_share_4q_avg": 20.16,
            "equity": 5769367,
            "current_ratio": 541.47,
            "debt_ratio": 25.6,
            "inventory_turnover_ratio": 3.89,
            "account_receivable_turnover_ratio": null,
            "reinvestment_rate": 11.27,
            "research_to_sale_ratio": null,
            "price_fair": 235.67,
            "eps_avg_yearly": 6.73,
            "eps_latest_yearly": 6.92,
            "eps_growth_yearly": 66.96
        },
        "20051": {
            "year_quarter": 20051,
            "year": 2005,
            "quarter": 1,
            "eps": 1.34,
            "eps_growth_year": -38.25,
            "eps_4q": 6.29,
            "eps_4q_growth_year": -12.48,
            "roe": 6.03,
            "roe_4q": 33.99,
            "gross_profit": 572309,
            "gross_margin": 15.02,
            "gross_margin_4q_avg": 15.57,
            "net_income": 377060,
            "net_income_4q": null,
            "revenue": 3810578,
            "revenue_4q": null,
            "common_shares": 2873869,
            "book_valuer_per_share": 23.41,
            "book_valuer_per_share_4q_avg": 20.65,
            "equity": 6728556,
            "current_ratio": 628.82,
            "debt_ratio": 16.58,
            "inventory_turnover_ratio": 3.05,
            "account_receivable_turnover_ratio": null,
            "reinvestment_rate": 7.88,
            "research_to_sale_ratio": null,
            "price_fair": 231.97,
            "eps_avg_yearly": 6.63,
            "eps_latest_yearly": 5.36,
            "eps_growth_yearly": 54.87
        },
        "20052": {
            "year_quarter": 20052,
            "year": 2005,
            "quarter": 2,
            "eps": 0.67,
            "eps_growth_year": -56.77,
            "eps_4q": 5.64,
            "eps_4q_growth_year": -26.15,
            "roe": 3.07,
            "roe_4q": 29.529999999999998,
            "gross_profit": 429997,
            "gross_margin": 12.1,
            "gross_margin_4q_avg": 14.65,
            "net_income": 191374,
            "net_income_4q": null,
            "revenue": 3554559,
            "revenue_4q": null,
            "common_shares": 2876555,
            "book_valuer_per_share": 19.98,
            "book_valuer_per_share_4q_avg": 20.72,
            "equity": 5747033,
            "current_ratio": 314.6,
            "debt_ratio": 28.18,
            "inventory_turnover_ratio": 3.01,
            "account_receivable_turnover_ratio": null,
            "reinvestment_rate": 6.52,
            "research_to_sale_ratio": null,
            "price_fair": 222.1,
            "eps_avg_yearly": 6.35,
            "eps_latest_yearly": 2.68,
            "eps_growth_yearly": 36.67
        },
        "20053": {
            "year_quarter": 20053,
            "year": 2005,
            "quarter": 3,
            "eps": 1.49,
            "eps_growth_year": -28.02,
            "eps_4q": 4.79,
            "eps_4q_growth_year": -30.5,
            "roe": 7.87,
            "roe_4q": 25.669999999999998,
            "gross_profit": 551431,
            "gross_margin": 12.97,
            "gross_margin_4q_avg": 13.77,
            "net_income": 471366,
            "net_income_4q": null,
            "revenue": 4251077,
            "revenue_4q": null,
            "common_shares": 3183778,
            "book_valuer_per_share": 19.58,
            "book_valuer_per_share_4q_avg": 20.93,
            "equity": 6232957,
            "current_ratio": 288.56,
            "debt_ratio": 28.03,
            "inventory_turnover_ratio": 2.96,
            "account_receivable_turnover_ratio": null,
            "reinvestment_rate": 8.52,
            "research_to_sale_ratio": null,
            "price_fair": 221.2,
            "eps_avg_yearly": 6.32,
            "eps_latest_yearly": 5.96,
            "eps_growth_yearly": 66.86
        },
        "20054": {
            "year_quarter": 20054,
            "year": 2005,
            "quarter": 4,
            "eps": 1.3,
            "eps_growth_year": -24.86,
            "eps_4q": 4.57,
            "eps_4q_growth_year": -33.26,
            "roe": 6.43,
            "roe_4q": 23.400000000000002,
            "gross_profit": 527260,
            "gross_margin": 11.02,
            "gross_margin_4q_avg": 12.78,
            "net_income": 413467,
            "net_income_4q": null,
            "revenue": 4785868,
            "revenue_4q": null,
            "common_shares": 3183778,
            "book_valuer_per_share": 20.84,
            "book_valuer_per_share_4q_avg": 20.95,
            "equity": 6635602,
            "current_ratio": 464.54,
            "debt_ratio": 17.07,
            "inventory_turnover_ratio": 2.44,
            "account_receivable_turnover_ratio": null,
            "reinvestment_rate": 12.47,
            "research_to_sale_ratio": null,
            "price_fair": 218.75,
            "eps_avg_yearly": 6.25,
            "eps_latest_yearly": 5.2,
            "eps_growth_yearly": 59.49
        },
        "20061": {
            "year_quarter": 20061,
            "year": 2006,
            "quarter": 1,
            "eps": 1.07,
            "eps_growth_year": -20.15,
            "eps_4q": 4.45,
            "eps_4q_growth_year": -29.26,
            "roe": 5,
            "roe_4q": 22.37,
            "gross_profit": 417646,
            "gross_margin": 9.32,
            "gross_margin_4q_avg": 11.35,
            "net_income": 340635,
            "net_income_4q": null,
            "revenue": 4479345,
            "revenue_4q": null,
            "common_shares": 3184405,
            "book_valuer_per_share": 21.92,
            "book_valuer_per_share_4q_avg": 20.58,
            "equity": 6981444,
            "current_ratio": 530.9,
            "debt_ratio": 14.58,
            "inventory_turnover_ratio": 2.48,
            "account_receivable_turnover_ratio": null,
            "reinvestment_rate": 6.85,
            "research_to_sale_ratio": null,
            "price_fair": 101.01,
            "eps_avg_yearly": 5.9,
            "eps_latest_yearly": 4.28,
            "eps_growth_yearly": 7.13
        },
        "20062": {
            "year_quarter": 20062,
            "year": 2006,
            "quarter": 2,
            "eps": 1.9,
            "eps_growth_year": 183.58,
            "eps_4q": 5.75,
            "eps_4q_growth_year": 1.96,
            "roe": 8.91,
            "roe_4q": 28.21,
            "gross_profit": 687148,
            "gross_margin": 12.38,
            "gross_margin_4q_avg": 11.42,
            "net_income": 605059,
            "net_income_4q": null,
            "revenue": 5552234,
            "revenue_4q": null,
            "common_shares": 3184405,
            "book_valuer_per_share": 20.75,
            "book_valuer_per_share_4q_avg": 20.77,
            "equity": 6606547,
            "current_ratio": 254.5,
            "debt_ratio": 30.24,
            "inventory_turnover_ratio": 2.94,
            "account_receivable_turnover_ratio": null,
            "reinvestment_rate": 6.05,
            "research_to_sale_ratio": null,
            "price_fair": 210.7,
            "eps_avg_yearly": 6.02,
            "eps_latest_yearly": 7.6,
            "eps_growth_yearly": 37.31
        },
        "20063": {
            "year_quarter": 20063,
            "year": 2006,
            "quarter": 3,
            "eps": 2.39,
            "eps_growth_year": 60.4,
            "eps_4q": 6.44,
            "eps_4q_growth_year": 34.3,
            "roe": 11.39,
            "roe_4q": 31.73,
            "gross_profit": 956837,
            "gross_margin": 12.58,
            "gross_margin_4q_avg": 11.33,
            "net_income": 803047,
            "net_income_4q": null,
            "revenue": 7603785,
            "revenue_4q": null,
            "common_shares": 3365396,
            "book_valuer_per_share": 22.27,
            "book_valuer_per_share_4q_avg": 21.45,
            "equity": 7494835,
            "current_ratio": 290.33,
            "debt_ratio": 29.5,
            "inventory_turnover_ratio": 3.14,
            "account_receivable_turnover_ratio": null,
            "reinvestment_rate": 4.69,
            "research_to_sale_ratio": null,
            "price_fair": 222.86,
            "eps_avg_yearly": 6.37,
            "eps_latest_yearly": 9.56,
            "eps_growth_yearly": 51.02
        },
        "20064": {
            "year_quarter": 20064,
            "year": 2006,
            "quarter": 4,
            "eps": 2.03,
            "eps_growth_year": 56.15,
            "eps_4q": 7.23,
            "eps_4q_growth_year": 58.22,
            "roe": 8.64,
            "roe_4q": 33.94,
            "gross_profit": 976956,
            "gross_margin": 11.92,
            "gross_margin_4q_avg": 11.55,
            "net_income": 682740,
            "net_income_4q": null,
            "revenue": 8195884,
            "revenue_4q": null,
            "common_shares": 3375206,
            "book_valuer_per_share": 24.61,
            "book_valuer_per_share_4q_avg": 22.39,
            "equity": 8306899,
            "current_ratio": 365.64,
            "debt_ratio": 34.71,
            "inventory_turnover_ratio": 2.2,
            "account_receivable_turnover_ratio": null,
            "reinvestment_rate": 9.73,
            "research_to_sale_ratio": null,
            "price_fair": 230.39,
            "eps_avg_yearly": 6.58,
            "eps_latest_yearly": 8.12,
            "eps_growth_yearly": 43.01
        },
        "20071": {
            "year_quarter": 20071,
            "year": 2007,
            "quarter": 1,
            "eps": 2.68,
            "eps_growth_year": 150.47,
            "eps_4q": 8.87,
            "eps_4q_growth_year": 99.36,
            "roe": 10.32,
            "roe_4q": 39.260000000000005,
            "gross_profit": 897711,
            "gross_margin": 9.35,
            "gross_margin_4q_avg": 11.56,
            "net_income": 904868,
            "net_income_4q": null,
            "revenue": 9598746,
            "revenue_4q": null,
            "common_shares": 3375206,
            "book_valuer_per_share": 27.35,
            "book_valuer_per_share_4q_avg": 23.75,
            "equity": 9231784,
            "current_ratio": 325.67,
            "debt_ratio": 36.75,
            "inventory_turnover_ratio": 1.74,
            "account_receivable_turnover_ratio": null,
            "reinvestment_rate": 1.29,
            "research_to_sale_ratio": null,
            "price_fair": 241.06,
            "eps_avg_yearly": 6.89,
            "eps_latest_yearly": 10.72,
            "eps_growth_yearly": 44.82
        },
        "20072": {
            "year_quarter": 20072,
            "year": 2007,
            "quarter": 2,
            "eps": 1.78,
            "eps_growth_year": -6.32,
            "eps_4q": 8.86,
            "eps_4q_growth_year": 54.2,
            "roe": 6.73,
            "roe_4q": 37.08,
            "gross_profit": 1009931,
            "gross_margin": 10.83,
            "gross_margin_4q_avg": 11.17,
            "net_income": 600723,
            "net_income_4q": null,
            "revenue": 9329269,
            "revenue_4q": null,
            "common_shares": 3380038,
            "book_valuer_per_share": 25.54,
            "book_valuer_per_share_4q_avg": 24.94,
            "equity": 8632923,
            "current_ratio": 260.46,
            "debt_ratio": 41.59,
            "inventory_turnover_ratio": 1.61,
            "account_receivable_turnover_ratio": null,
            "reinvestment_rate": -0.31,
            "research_to_sale_ratio": null,
            "price_fair": 245.88,
            "eps_avg_yearly": 7.03,
            "eps_latest_yearly": 7.12,
            "eps_growth_yearly": 40.36
        },
        "20073": {
            "year_quarter": 20073,
            "year": 2007,
            "quarter": 3,
            "eps": 2.89,
            "eps_growth_year": 20.92,
            "eps_4q": 9.28,
            "eps_4q_growth_year": 44.15,
            "roe": 10.69,
            "roe_4q": 36.38,
            "gross_profit": 1227615,
            "gross_margin": 12.32,
            "gross_margin_4q_avg": 11.11,
            "net_income": 990289,
            "net_income_4q": null,
            "revenue": 9965357,
            "revenue_4q": null,
            "common_shares": 3410233,
            "book_valuer_per_share": 29.03,
            "book_valuer_per_share_4q_avg": 26.63,
            "equity": 9898711,
            "current_ratio": 261.23,
            "debt_ratio": 37.48,
            "inventory_turnover_ratio": 1.98,
            "account_receivable_turnover_ratio": null,
            "reinvestment_rate": 1.88,
            "research_to_sale_ratio": null,
            "price_fair": 255.24,
            "eps_avg_yearly": 7.29,
            "eps_latest_yearly": 11.56,
            "eps_growth_yearly": 43.96
        },
        "20074": {
            "year_quarter": 20074,
            "year": 2007,
            "quarter": 4,
            "eps": 0.59,
            "eps_growth_year": -70.94,
            "eps_4q": 7.79,
            "eps_4q_growth_year": 7.76,
            "roe": 1.76,
            "roe_4q": 29.5,
            "gross_profit": 260411,
            "gross_margin": 3.3,
            "gross_margin_4q_avg": 8.95,
            "net_income": 204516,
            "net_income_4q": null,
            "revenue": 7891478,
            "revenue_4q": null,
            "common_shares": 3706457,
            "book_valuer_per_share": 35.99,
            "book_valuer_per_share_4q_avg": 29.48,
            "equity": 13340083,
            "current_ratio": 409.81,
            "debt_ratio": 25.52,
            "inventory_turnover_ratio": 1.72,
            "account_receivable_turnover_ratio": null,
            "reinvestment_rate": 13.96,
            "research_to_sale_ratio": null,
            "price_fair": 207.9,
            "eps_avg_yearly": 6.91,
            "eps_latest_yearly": 2.36,
            "eps_growth_yearly": 20.08
        },
        "20081": {
            "year_quarter": 20081,
            "year": 2008,
            "quarter": 1,
            "eps": 1.02,
            "eps_growth_year": -61.94,
            "eps_4q": 5.86,
            "eps_4q_growth_year": -33.94,
            "roe": 2.8,
            "roe_4q": 21.98,
            "gross_profit": 912012,
            "gross_margin": 11.21,
            "gross_margin_4q_avg": 9.42,
            "net_income": 378284,
            "net_income_4q": null,
            "revenue": 8137527,
            "revenue_4q": null,
            "common_shares": 3706457,
            "book_valuer_per_share": 36.94,
            "book_valuer_per_share_4q_avg": 31.88,
            "equity": 13692958,
            "current_ratio": 485.66,
            "debt_ratio": 22.98,
            "inventory_turnover_ratio": 1.34,
            "account_receivable_turnover_ratio": null,
            "reinvestment_rate": 19.59,
            "research_to_sale_ratio": null,
            "price_fair": 231.88,
            "eps_avg_yearly": 6.63,
            "eps_latest_yearly": 4.08,
            "eps_growth_yearly": 37.59
        },
        "20082": {
            "year_quarter": 20082,
            "year": 2008,
            "quarter": 2,
            "eps": 1.62,
            "eps_growth_year": -8.99,
            "eps_4q": 5.86,
            "eps_4q_growth_year": -33.93,
            "roe": 4.51,
            "roe_4q": 19.759999999999998,
            "gross_profit": 1095428,
            "gross_margin": 12.8,
            "gross_margin_4q_avg": 9.91,
            "net_income": 601567,
            "net_income_4q": null,
            "revenue": 8555105,
            "revenue_4q": null,
            "common_shares": 3737077,
            "book_valuer_per_share": 34.71,
            "book_valuer_per_share_4q_avg": 34.17,
            "equity": 12970752,
            "current_ratio": 316.49,
            "debt_ratio": 31.39,
            "inventory_turnover_ratio": 1.11,
            "account_receivable_turnover_ratio": null,
            "reinvestment_rate": 19.53,
            "research_to_sale_ratio": null,
            "price_fair": 232.49,
            "eps_avg_yearly": 6.64,
            "eps_latest_yearly": 6.48,
            "eps_growth_yearly": 59.43
        },
        "20083": {
            "year_quarter": 20083,
            "year": 2008,
            "quarter": 3,
            "eps": 1.63,
            "eps_growth_year": -43.6,
            "eps_4q": 4.65,
            "eps_4q_growth_year": -49.84,
            "roe": 4.79,
            "roe_4q": 13.860000000000001,
            "gross_profit": 552512,
            "gross_margin": 5.92,
            "gross_margin_4q_avg": 8.31,
            "net_income": 638596,
            "net_income_4q": null,
            "revenue": 9329590,
            "revenue_4q": null,
            "common_shares": 3737077,
            "book_valuer_per_share": 36.63,
            "book_valuer_per_share_4q_avg": 36.07,
            "equity": 13690012,
            "current_ratio": 397.64,
            "debt_ratio": 25.62,
            "inventory_turnover_ratio": 1.18,
            "account_receivable_turnover_ratio": null,
            "reinvestment_rate": 22.08,
            "research_to_sale_ratio": null,
            "price_fair": 228.64,
            "eps_avg_yearly": 6.53,
            "eps_latest_yearly": 6.52,
            "eps_growth_yearly": 51.2
        },
        "20084": {
            "year_quarter": 20084,
            "year": 2008,
            "quarter": 4,
            "eps": 1.6,
            "eps_growth_year": 171.19,
            "eps_4q": 5.72,
            "eps_4q_growth_year": -26.58,
            "roe": 4.47,
            "roe_4q": 16.57,
            "gross_profit": 912459,
            "gross_margin": 10.88,
            "gross_margin_4q_avg": 10.2,
            "net_income": 628590,
            "net_income_4q": null,
            "revenue": 8384777,
            "revenue_4q": null,
            "common_shares": 3945430,
            "book_valuer_per_share": 36.55,
            "book_valuer_per_share_4q_avg": 36.21,
            "equity": 14419689,
            "current_ratio": 362.1,
            "debt_ratio": 21.91,
            "inventory_turnover_ratio": 1.17,
            "account_receivable_turnover_ratio": 6.8,
            "reinvestment_rate": 20.26,
            "research_to_sale_ratio": null,
            "price_fair": 227.5,
            "eps_avg_yearly": 6.5,
            "eps_latest_yearly": 6.4,
            "eps_growth_yearly": 54.85
        },
        "20091": {
            "year_quarter": 20091,
            "year": 2009,
            "quarter": 1,
            "eps": 2.3,
            "eps_growth_year": 125.49,
            "eps_4q": 7.03,
            "eps_4q_growth_year": 19.98,
            "roe": 6.1,
            "roe_4q": 19.869999999999997,
            "gross_profit": 1480569,
            "gross_margin": 18.64,
            "gross_margin_4q_avg": 12.06,
            "net_income": 908178,
            "net_income_4q": null,
            "revenue": 7942433,
            "revenue_4q": null,
            "common_shares": 3945430,
            "book_valuer_per_share": 38.98,
            "book_valuer_per_share_4q_avg": 36.72,
            "equity": 15380477,
            "current_ratio": 362.04,
            "debt_ratio": 22.42,
            "inventory_turnover_ratio": 1.28,
            "account_receivable_turnover_ratio": 6.44,
            "reinvestment_rate": 23.14,
            "research_to_sale_ratio": null,
            "price_fair": 235.9,
            "eps_avg_yearly": 6.74,
            "eps_latest_yearly": 9.2,
            "eps_growth_yearly": 71.42
        },
        "20092": {
            "year_quarter": 20092,
            "year": 2009,
            "quarter": 2,
            "eps": 2.31,
            "eps_growth_year": 42.59,
            "eps_4q": 7.83,
            "eps_4q_growth_year": 33.7,
            "roe": 5.99,
            "roe_4q": 21.349999999999998,
            "gross_profit": 1660000,
            "gross_margin": 21.06,
            "gross_margin_4q_avg": 14.13,
            "net_income": 910338,
            "net_income_4q": null,
            "revenue": 7882041,
            "revenue_4q": null,
            "common_shares": 3945430,
            "book_valuer_per_share": 38.07,
            "book_valuer_per_share_4q_avg": 37.56,
            "equity": 15018426,
            "current_ratio": 352.29,
            "debt_ratio": 22.74,
            "inventory_turnover_ratio": 1.3,
            "account_receivable_turnover_ratio": 6.1,
            "reinvestment_rate": 21.07,
            "research_to_sale_ratio": null,
            "price_fair": 250.25,
            "eps_avg_yearly": 7.15,
            "eps_latest_yearly": 9.24,
            "eps_growth_yearly": 84.03
        },
        "20093": {
            "year_quarter": 20093,
            "year": 2009,
            "quarter": 3,
            "eps": 2.74,
            "eps_growth_year": 68.1,
            "eps_4q": 8.62,
            "eps_4q_growth_year": 85.16,
            "roe": 7.19,
            "roe_4q": 23.75,
            "gross_profit": 1780429,
            "gross_margin": 18.29,
            "gross_margin_4q_avg": 17.22,
            "net_income": 1141148,
            "net_income_4q": null,
            "revenue": 9733885,
            "revenue_4q": null,
            "common_shares": 4188908,
            "book_valuer_per_share": 39.9,
            "book_valuer_per_share_4q_avg": 38.38,
            "equity": 16715726,
            "current_ratio": 401.71,
            "debt_ratio": 20.12,
            "inventory_turnover_ratio": 1.76,
            "account_receivable_turnover_ratio": 3.08,
            "reinvestment_rate": 19.46,
            "research_to_sale_ratio": null,
            "price_fair": 261.19,
            "eps_avg_yearly": 7.46,
            "eps_latest_yearly": 10.96,
            "eps_growth_yearly": 58.09
        },
        "20094": {
            "year_quarter": 20094,
            "year": 2009,
            "quarter": 4,
            "eps": 3.34,
            "eps_growth_year": 108.75,
            "eps_4q": 10.27,
            "eps_4q_growth_year": 79.6,
            "roe": 8,
            "roe_4q": 27.28,
            "gross_profit": 2198540,
            "gross_margin": 24.82,
            "gross_margin_4q_avg": 20.7,
            "net_income": 1394444,
            "net_income_4q": null,
            "revenue": 8858439,
            "revenue_4q": null,
            "common_shares": 4238603,
            "book_valuer_per_share": 42.77,
            "book_valuer_per_share_4q_avg": 39.93,
            "equity": 18126390,
            "current_ratio": 689.99,
            "debt_ratio": 14.41,
            "inventory_turnover_ratio": 1.57,
            "account_receivable_turnover_ratio": 4.7,
            "reinvestment_rate": 42.17,
            "research_to_sale_ratio": null,
            "price_fair": 279.04,
            "eps_avg_yearly": 7.97,
            "eps_latest_yearly": 13.36,
            "eps_growth_yearly": 66.75
        },
        "20101": {
            "year_quarter": 20101,
            "year": 2010,
            "quarter": 1,
            "eps": 1.21,
            "eps_growth_year": -47.39,
            "eps_4q": 9.33,
            "eps_4q_growth_year": 32.66,
            "roe": 2.78,
            "roe_4q": 23.96,
            "gross_profit": 830374,
            "gross_margin": 10.25,
            "gross_margin_4q_avg": 18.61,
            "net_income": 510845,
            "net_income_4q": null,
            "revenue": 8100849,
            "revenue_4q": null,
            "common_shares": 4241123,
            "book_valuer_per_share": 43.86,
            "book_valuer_per_share_4q_avg": 41.15,
            "equity": 18599710,
            "current_ratio": 869.68,
            "debt_ratio": 12.18,
            "inventory_turnover_ratio": 1.49,
            "account_receivable_turnover_ratio": 2.05,
            "reinvestment_rate": 47.88,
            "research_to_sale_ratio": 0.43,
            "price_fair": 280.26,
            "eps_avg_yearly": 8.01,
            "eps_latest_yearly": 4.84,
            "eps_growth_yearly": 55.23
        },
        "20102": {
            "year_quarter": 20102,
            "year": 2010,
            "quarter": 2,
            "eps": 0.94,
            "eps_growth_year": -59.29,
            "eps_4q": 8.12,
            "eps_4q_growth_year": 3.64,
            "roe": 2.27,
            "roe_4q": 20.240000000000002,
            "gross_profit": 878851,
            "gross_margin": 13.04,
            "gross_margin_4q_avg": 16.6,
            "net_income": 399256,
            "net_income_4q": null,
            "revenue": 6738196,
            "revenue_4q": null,
            "common_shares": 4245926,
            "book_valuer_per_share": 38.92,
            "book_valuer_per_share_4q_avg": 41.36,
            "equity": 16523400,
            "current_ratio": 371.55,
            "debt_ratio": 23.73,
            "inventory_turnover_ratio": 1.1,
            "account_receivable_turnover_ratio": 1.99,
            "reinvestment_rate": 50.28,
            "research_to_sale_ratio": 0.52,
            "price_fair": 271.86,
            "eps_avg_yearly": 7.77,
            "eps_latest_yearly": 3.76,
            "eps_growth_yearly": 30.26
        },
        "20103": {
            "year_quarter": 20103,
            "year": 2010,
            "quarter": 3,
            "eps": 0.65,
            "eps_growth_year": -76.39,
            "eps_4q": 6.07,
            "eps_4q_growth_year": -29.5,
            "roe": 1.65,
            "roe_4q": 14.7,
            "gross_profit": 662833,
            "gross_margin": 8.29,
            "gross_margin_4q_avg": 14.1,
            "net_income": 274669,
            "net_income_4q": null,
            "revenue": 7991720,
            "revenue_4q": null,
            "common_shares": 4246007,
            "book_valuer_per_share": 39.55,
            "book_valuer_per_share_4q_avg": 41.28,
            "equity": 16791387,
            "current_ratio": 839.74,
            "debt_ratio": 12.19,
            "inventory_turnover_ratio": 1.48,
            "account_receivable_turnover_ratio": 2.8,
            "reinvestment_rate": 54.01,
            "research_to_sale_ratio": 0.38,
            "price_fair": 191.36,
            "eps_avg_yearly": 7.33,
            "eps_latest_yearly": 2.6,
            "eps_growth_yearly": 16.1
        },
        "20104": {
            "year_quarter": 20104,
            "year": 2010,
            "quarter": 4,
            "eps": 0.68,
            "eps_growth_year": -79.55,
            "eps_4q": 3.47,
            "eps_4q_growth_year": -66.24,
            "roe": 1.72,
            "roe_4q": 8.42,
            "gross_profit": 975756,
            "gross_margin": 10.65,
            "gross_margin_4q_avg": 10.56,
            "net_income": 290586,
            "net_income_4q": null,
            "revenue": 9162164,
            "revenue_4q": null,
            "common_shares": 4254767,
            "book_valuer_per_share": 39.96,
            "book_valuer_per_share_4q_avg": 40.57,
            "equity": 17001317,
            "current_ratio": 650.21,
            "debt_ratio": 12.74,
            "inventory_turnover_ratio": 2.07,
            "account_receivable_turnover_ratio": 3.07,
            "reinvestment_rate": 49.85,
            "research_to_sale_ratio": 0.38,
            "price_fair": 216.97,
            "eps_avg_yearly": 7,
            "eps_latest_yearly": 2.72,
            "eps_growth_yearly": 21.02
        },
        "20111": {
            "year_quarter": 20111,
            "year": 2011,
            "quarter": 1,
            "eps": 2.09,
            "eps_growth_year": 72.73,
            "eps_4q": 4.35,
            "eps_4q_growth_year": -53.37,
            "roe": 5.09,
            "roe_4q": 10.729999999999999,
            "gross_profit": 1304830,
            "gross_margin": 16.21,
            "gross_margin_4q_avg": 12.05,
            "net_income": 887502,
            "net_income_4q": null,
            "revenue": 8047999,
            "revenue_4q": null,
            "common_shares": 4257044,
            "book_valuer_per_share": 42.06,
            "book_valuer_per_share_4q_avg": 40.12,
            "equity": 17904931,
            "current_ratio": 527.75,
            "debt_ratio": 15.24,
            "inventory_turnover_ratio": 1.85,
            "account_receivable_turnover_ratio": 2.6,
            "reinvestment_rate": 57.15,
            "research_to_sale_ratio": 0.53,
            "price_fair": 239.66,
            "eps_avg_yearly": 6.85,
            "eps_latest_yearly": 8.36,
            "eps_growth_yearly": 64.85
        },
        "20112": {
            "year_quarter": 20112,
            "year": 2011,
            "quarter": 2,
            "eps": 1.24,
            "eps_growth_year": 32.26,
            "eps_4q": 4.66,
            "eps_4q_growth_year": -42.63,
            "roe": 3.02,
            "roe_4q": 11.48,
            "gross_profit": 1105330,
            "gross_margin": 16.15,
            "gross_margin_4q_avg": 12.83,
            "net_income": 529479,
            "net_income_4q": null,
            "revenue": 6846084,
            "revenue_4q": null,
            "common_shares": 4257511,
            "book_valuer_per_share": 40.27,
            "book_valuer_per_share_4q_avg": 40.46,
            "equity": 17145611,
            "current_ratio": 465.24,
            "debt_ratio": 17.83,
            "inventory_turnover_ratio": 1.28,
            "account_receivable_turnover_ratio": 2.23,
            "reinvestment_rate": 56.78,
            "research_to_sale_ratio": 0.5,
            "price_fair": 234.94,
            "eps_avg_yearly": 6.71,
            "eps_latest_yearly": 4.96,
            "eps_growth_yearly": 63.08
        },
        "20113": {
            "year_quarter": 20113,
            "year": 2011,
            "quarter": 3,
            "eps": 1.71,
            "eps_growth_year": 165.05,
            "eps_4q": 5.73,
            "eps_4q_growth_year": -5.75,
            "roe": 4.15,
            "roe_4q": 13.98,
            "gross_profit": 1097803,
            "gross_margin": 13.43,
            "gross_margin_4q_avg": 14.11,
            "net_income": 729984,
            "net_income_4q": null,
            "revenue": 8171824,
            "revenue_4q": null,
            "common_shares": 4257541,
            "book_valuer_per_share": 42.33,
            "book_valuer_per_share_4q_avg": 41.16,
            "equity": 18022023,
            "current_ratio": 551.06,
            "debt_ratio": 15.57,
            "inventory_turnover_ratio": 1.47,
            "account_receivable_turnover_ratio": 2.67,
            "reinvestment_rate": 61.16,
            "research_to_sale_ratio": 0.53,
            "price_fair": 224.61,
            "eps_avg_yearly": 6.42,
            "eps_latest_yearly": 6.84,
            "eps_growth_yearly": 56.96
        },
        "20114": {
            "year_quarter": 20114,
            "year": 2011,
            "quarter": 4,
            "eps": 1.67,
            "eps_growth_year": 144.46,
            "eps_4q": 6.65,
            "eps_4q_growth_year": 91.89,
            "roe": 3.88,
            "roe_4q": 16.14,
            "gross_profit": 1469469,
            "gross_margin": 20.54,
            "gross_margin_4q_avg": 16.58,
            "net_income": 719196,
            "net_income_4q": null,
            "revenue": 7153825,
            "revenue_4q": null,
            "common_shares": 4307617,
            "book_valuer_per_share": 44.17,
            "book_valuer_per_share_4q_avg": 42.21,
            "equity": 19027662,
            "current_ratio": 625.59,
            "debt_ratio": 14.07,
            "inventory_turnover_ratio": 1.23,
            "account_receivable_turnover_ratio": 2.46,
            "reinvestment_rate": 46.95,
            "research_to_sale_ratio": 0.5,
            "price_fair": 234.06,
            "eps_avg_yearly": 6.69,
            "eps_latest_yearly": 6.68,
            "eps_growth_yearly": 76.28
        },
        "20121": {
            "year_quarter": 20121,
            "year": 2012,
            "quarter": 1,
            "eps": 1.43,
            "eps_growth_year": -31.58,
            "eps_4q": 6.02,
            "eps_4q_growth_year": 38.48,
            "roe": 3.19,
            "roe_4q": 14.24,
            "gross_profit": 1114354,
            "gross_margin": 17.98,
            "gross_margin_4q_avg": 17.03,
            "net_income": 616506,
            "net_income_4q": null,
            "revenue": 6198253,
            "revenue_4q": null,
            "common_shares": 4307617,
            "book_valuer_per_share": 45.58,
            "book_valuer_per_share_4q_avg": 43.09,
            "equity": 19634265,
            "current_ratio": 751.58,
            "debt_ratio": 11.97,
            "inventory_turnover_ratio": 1.23,
            "account_receivable_turnover_ratio": 2.57,
            "reinvestment_rate": 42.59,
            "research_to_sale_ratio": 0.55,
            "price_fair": 237.65,
            "eps_avg_yearly": 6.79,
            "eps_latest_yearly": 5.72,
            "eps_growth_yearly": 54.46
        },
        "20122": {
            "year_quarter": 20122,
            "year": 2012,
            "quarter": 2,
            "eps": 1.67,
            "eps_growth_year": 34.3,
            "eps_4q": 6.47,
            "eps_4q_growth_year": 38.87,
            "roe": 3.83,
            "roe_4q": 15.049999999999999,
            "gross_profit": 1165454,
            "gross_margin": 19.22,
            "gross_margin_4q_avg": 17.79,
            "net_income": 719466,
            "net_income_4q": null,
            "revenue": 6063607,
            "revenue_4q": null,
            "common_shares": 4307617,
            "book_valuer_per_share": 41.74,
            "book_valuer_per_share_4q_avg": 43.46,
            "equity": 17980207,
            "current_ratio": 369.61,
            "debt_ratio": 23.03,
            "inventory_turnover_ratio": 1.22,
            "account_receivable_turnover_ratio": 2.48,
            "reinvestment_rate": 41.45,
            "research_to_sale_ratio": 0.54,
            "price_fair": 238.09,
            "eps_avg_yearly": 6.8,
            "eps_latest_yearly": 6.68,
            "eps_growth_yearly": 43.95
        },
        "20123": {
            "year_quarter": 20123,
            "year": 2012,
            "quarter": 3,
            "eps": 2.16,
            "eps_growth_year": 26.16,
            "eps_4q": 6.93,
            "eps_4q_growth_year": 21.11,
            "roe": 5.06,
            "roe_4q": 15.96,
            "gross_profit": 1472932,
            "gross_margin": 20.55,
            "gross_margin_4q_avg": 19.57,
            "net_income": 931762,
            "net_income_4q": null,
            "revenue": 7166751,
            "revenue_4q": null,
            "common_shares": 4307617,
            "book_valuer_per_share": 43.78,
            "book_valuer_per_share_4q_avg": 43.82,
            "equity": 18859804,
            "current_ratio": 589.63,
            "debt_ratio": 15.01,
            "inventory_turnover_ratio": 1.19,
            "account_receivable_turnover_ratio": 2.61,
            "reinvestment_rate": 37.2,
            "research_to_sale_ratio": 0.54,
            "price_fair": 242.73,
            "eps_avg_yearly": 6.94,
            "eps_latest_yearly": 8.64,
            "eps_growth_yearly": 51.13
        },
        "20124": {
            "year_quarter": 20124,
            "year": 2012,
            "quarter": 4,
            "eps": 1.34,
            "eps_growth_year": -19.68,
            "eps_4q": 6.61,
            "eps_4q_growth_year": -0.72,
            "roe": 3.02,
            "roe_4q": 15.1,
            "gross_profit": 1194242,
            "gross_margin": 17.6,
            "gross_margin_4q_avg": 18.84,
            "net_income": 577648,
            "net_income_4q": null,
            "revenue": 6787350,
            "revenue_4q": null,
            "common_shares": 4307617,
            "book_valuer_per_share": 45.01,
            "book_valuer_per_share_4q_avg": 44.03,
            "equity": 19386594,
            "current_ratio": 460.94,
            "debt_ratio": 19.22,
            "inventory_turnover_ratio": 0.97,
            "account_receivable_turnover_ratio": 2.48,
            "reinvestment_rate": 35.29,
            "research_to_sale_ratio": 0.59,
            "price_fair": 240.45,
            "eps_avg_yearly": 6.87,
            "eps_latest_yearly": 5.36,
            "eps_growth_yearly": 42.1
        },
        "20131": {
            "year_quarter": 20131,
            "year": 2013,
            "quarter": 1,
            "eps": 2.02,
            "eps_growth_year": 41.26,
            "eps_4q": 7.19,
            "eps_4q_growth_year": 19.4,
            "roe": 4.38,
            "roe_4q": 16.29,
            "gross_profit": 1304016,
            "gross_margin": 18.49,
            "gross_margin_4q_avg": 18.97,
            "net_income": 869645,
            "net_income_4q": null,
            "revenue": 7051129,
            "revenue_4q": null,
            "common_shares": 4307617,
            "book_valuer_per_share": 47.26,
            "book_valuer_per_share_4q_avg": 44.45,
            "equity": 20357168,
            "current_ratio": 519.12,
            "debt_ratio": 17.34,
            "inventory_turnover_ratio": 0.92,
            "account_receivable_turnover_ratio": 2.62,
            "reinvestment_rate": 5.14,
            "research_to_sale_ratio": 0.61,
            "price_fair": 238,
            "eps_avg_yearly": 6.8,
            "eps_latest_yearly": 8.08,
            "eps_growth_yearly": 43.85
        },
        "20132": {
            "year_quarter": 20132,
            "year": 2013,
            "quarter": 2,
            "eps": 2.33,
            "eps_growth_year": 39.5,
            "eps_4q": 7.85,
            "eps_4q_growth_year": 21.44,
            "roe": 5.17,
            "roe_4q": 17.63,
            "gross_profit": 1378725,
            "gross_margin": 23.1,
            "gross_margin_4q_avg": 19.94,
            "net_income": 1003332,
            "net_income_4q": null,
            "revenue": 5967805,
            "revenue_4q": null,
            "common_shares": 4307617,
            "book_valuer_per_share": 42.84,
            "book_valuer_per_share_4q_avg": 44.72,
            "equity": 18453565,
            "current_ratio": 345.72,
            "debt_ratio": 25.49,
            "inventory_turnover_ratio": 0.72,
            "account_receivable_turnover_ratio": 2.09,
            "reinvestment_rate": 4.76,
            "research_to_sale_ratio": 0.73,
            "price_fair": 238.18,
            "eps_avg_yearly": 6.81,
            "eps_latest_yearly": 9.32,
            "eps_growth_yearly": 47.58
        },
        "20133": {
            "year_quarter": 20133,
            "year": 2013,
            "quarter": 3,
            "eps": 1.44,
            "eps_growth_year": -33.43,
            "eps_4q": 7.13,
            "eps_4q_growth_year": 2.79,
            "roe": 3.31,
            "roe_4q": 15.879999999999999,
            "gross_profit": 1079350,
            "gross_margin": 16.89,
            "gross_margin_4q_avg": 19.02,
            "net_income": 619740,
            "net_income_4q": null,
            "revenue": 6389192,
            "revenue_4q": null,
            "common_shares": 4307617,
            "book_valuer_per_share": 44.17,
            "book_valuer_per_share_4q_avg": 44.82,
            "equity": 19026869,
            "current_ratio": 775.61,
            "debt_ratio": 12.26,
            "inventory_turnover_ratio": 0.89,
            "account_receivable_turnover_ratio": 2.28,
            "reinvestment_rate": 2.79,
            "research_to_sale_ratio": 0.56,
            "price_fair": 226.8,
            "eps_avg_yearly": 6.48,
            "eps_latest_yearly": 5.76,
            "eps_growth_yearly": 33.38
        },
        "20134": {
            "year_quarter": 20134,
            "year": 2013,
            "quarter": 4,
            "eps": 1.64,
            "eps_growth_year": 22.26,
            "eps_4q": 7.43,
            "eps_4q_growth_year": 12.43,
            "roe": 3.64,
            "roe_4q": 16.5,
            "gross_profit": 1159156,
            "gross_margin": 17.26,
            "gross_margin_4q_avg": 18.94,
            "net_income": 706240,
            "net_income_4q": null,
            "revenue": 6714264,
            "revenue_4q": null,
            "common_shares": 4307617,
            "book_valuer_per_share": 46.02,
            "book_valuer_per_share_4q_avg": 45.07,
            "equity": 19824209,
            "current_ratio": 499.22,
            "debt_ratio": 18.25,
            "inventory_turnover_ratio": 1.06,
            "account_receivable_turnover_ratio": 2.48,
            "reinvestment_rate": -28.75,
            "research_to_sale_ratio": 0.52,
            "price_fair": 211.93,
            "eps_avg_yearly": 6.06,
            "eps_latest_yearly": 6.56,
            "eps_growth_yearly": 31.37
        },
        "20141": {
            "year_quarter": 20141,
            "year": 2014,
            "quarter": 1,
            "eps": 2.09,
            "eps_growth_year": 3.47,
            "eps_4q": 7.5,
            "eps_4q_growth_year": 4.25,
            "roe": 4.44,
            "roe_4q": 16.560000000000002,
            "gross_profit": 1326759,
            "gross_margin": 19.53,
            "gross_margin_4q_avg": 19.2,
            "net_income": 900811,
            "net_income_4q": null,
            "revenue": 6794611,
            "revenue_4q": null,
            "common_shares": 4307617,
            "book_valuer_per_share": 48.22,
            "book_valuer_per_share_4q_avg": 45.31,
            "equity": 20773447,
            "current_ratio": 574.26,
            "debt_ratio": 16.13,
            "inventory_turnover_ratio": 0.99,
            "account_receivable_turnover_ratio": 2.48,
            "reinvestment_rate": -30.73,
            "research_to_sale_ratio": 0.68,
            "price_fair": 219.63,
            "eps_avg_yearly": 6.28,
            "eps_latest_yearly": 8.36,
            "eps_growth_yearly": 54.18
        },
        "20142": {
            "year_quarter": 20142,
            "year": 2014,
            "quarter": 2,
            "eps": 1.95,
            "eps_growth_year": -16.31,
            "eps_4q": 7.12,
            "eps_4q_growth_year": -9.33,
            "roe": 4.26,
            "roe_4q": 15.65,
            "gross_profit": 1447549,
            "gross_margin": 21.75,
            "gross_margin_4q_avg": 18.86,
            "net_income": 839975,
            "net_income_4q": null,
            "revenue": 6656660,
            "revenue_4q": null,
            "common_shares": 4307617,
            "book_valuer_per_share": 43.33,
            "book_valuer_per_share_4q_avg": 45.44,
            "equity": 18666845,
            "current_ratio": 309.72,
            "debt_ratio": 28.58,
            "inventory_turnover_ratio": 0.85,
            "account_receivable_turnover_ratio": 2.35,
            "reinvestment_rate": -31.8,
            "research_to_sale_ratio": 0.64,
            "price_fair": 228.46,
            "eps_avg_yearly": 6.53,
            "eps_latest_yearly": 7.8,
            "eps_growth_yearly": 58.08
        },
        "20143": {
            "year_quarter": 20143,
            "year": 2014,
            "quarter": 3,
            "eps": 2.24,
            "eps_growth_year": 55.56,
            "eps_4q": 7.92,
            "eps_4q_growth_year": 11.17,
            "roe": 5.05,
            "roe_4q": 17.39,
            "gross_profit": 1451493,
            "gross_margin": 21.37,
            "gross_margin_4q_avg": 19.98,
            "net_income": 966262,
            "net_income_4q": null,
            "revenue": 6791191,
            "revenue_4q": null,
            "common_shares": 4307617,
            "book_valuer_per_share": 45.54,
            "book_valuer_per_share_4q_avg": 45.78,
            "equity": 19614840,
            "current_ratio": 547.7,
            "debt_ratio": 16.82,
            "inventory_turnover_ratio": 0.85,
            "account_receivable_turnover_ratio": 2.42,
            "reinvestment_rate": -31.08,
            "research_to_sale_ratio": 0.66,
            "price_fair": 242.38,
            "eps_avg_yearly": 6.93,
            "eps_latest_yearly": 8.96,
            "eps_growth_yearly": 69.51
        },
        "20144": {
            "year_quarter": 20144,
            "year": 2014,
            "quarter": 4,
            "eps": 2.39,
            "eps_growth_year": 45.58,
            "eps_4q": 8.67,
            "eps_4q_growth_year": 16.76,
            "roe": 5.1,
            "roe_4q": 18.849999999999998,
            "gross_profit": 1315064,
            "gross_margin": 18.85,
            "gross_margin_4q_avg": 20.38,
            "net_income": 1028157,
            "net_income_4q": null,
            "revenue": 6977033,
            "revenue_4q": null,
            "common_shares": 4307617,
            "book_valuer_per_share": 48.1,
            "book_valuer_per_share_4q_avg": 46.3,
            "equity": 20718605,
            "current_ratio": 435.78,
            "debt_ratio": 21.2,
            "inventory_turnover_ratio": 0.9,
            "account_receivable_turnover_ratio": 2.46,
            "reinvestment_rate": -30.21,
            "research_to_sale_ratio": 0.58,
            "price_fair": 257.34,
            "eps_avg_yearly": 7.35,
            "eps_latest_yearly": 9.56,
            "eps_growth_yearly": 70.03
        },
        "20151": {
            "year_quarter": 20151,
            "year": 2015,
            "quarter": 1,
            "eps": 1.94,
            "eps_growth_year": -7.18,
            "eps_4q": 8.52,
            "eps_4q_growth_year": 13.63,
            "roe": 3.96,
            "roe_4q": 18.369999999999997,
            "gross_profit": 1304734,
            "gross_margin": 21.28,
            "gross_margin_4q_avg": 20.81,
            "net_income": 835851,
            "net_income_4q": null,
            "revenue": 6131745,
            "revenue_4q": null,
            "common_shares": 4307617,
            "book_valuer_per_share": 49.89,
            "book_valuer_per_share_4q_avg": 46.72,
            "equity": 21489350,
            "current_ratio": 695.76,
            "debt_ratio": 13.98,
            "inventory_turnover_ratio": 0.77,
            "account_receivable_turnover_ratio": 2.12,
            "reinvestment_rate": -30.77,
            "research_to_sale_ratio": 0.55,
            "price_fair": 171.81,
            "eps_avg_yearly": 7.32,
            "eps_latest_yearly": 7.76,
            "eps_growth_yearly": 13.49
        },
        "20152": {
            "year_quarter": 20152,
            "year": 2015,
            "quarter": 2,
            "eps": 1.14,
            "eps_growth_year": -41.54,
            "eps_4q": 7.71,
            "eps_4q_growth_year": 8.3,
            "roe": 2.45,
            "roe_4q": 16.56,
            "gross_profit": 1099782,
            "gross_margin": 18.25,
            "gross_margin_4q_avg": 19.94,
            "net_income": 490994,
            "net_income_4q": null,
            "revenue": 6024924,
            "revenue_4q": null,
            "common_shares": 4307617,
            "book_valuer_per_share": 43.06,
            "book_valuer_per_share_4q_avg": 46.65,
            "equity": 18549312,
            "current_ratio": 305.22,
            "debt_ratio": 29.38,
            "inventory_turnover_ratio": 0.75,
            "account_receivable_turnover_ratio": 2.14,
            "reinvestment_rate": -31.38,
            "research_to_sale_ratio": 0.51,
            "price_fair": 170.19,
            "eps_avg_yearly": 7.29,
            "eps_latest_yearly": 4.56,
            "eps_growth_yearly": 13.35
        },
        "20153": {
            "year_quarter": 20153,
            "year": 2015,
            "quarter": 3,
            "eps": 2.52,
            "eps_growth_year": 12.5,
            "eps_4q": 7.99,
            "eps_4q_growth_year": 0.82,
            "roe": 5.67,
            "roe_4q": 17.18,
            "gross_profit": 1062031,
            "gross_margin": 17.45,
            "gross_margin_4q_avg": 18.96,
            "net_income": 1086170,
            "net_income_4q": null,
            "revenue": 6087629,
            "revenue_4q": null,
            "common_shares": 4307617,
            "book_valuer_per_share": 45.86,
            "book_valuer_per_share_4q_avg": 46.73,
            "equity": 19754485,
            "current_ratio": 670.43,
            "debt_ratio": 14.27,
            "inventory_turnover_ratio": 0.79,
            "account_receivable_turnover_ratio": 2.09,
            "reinvestment_rate": -32.83,
            "research_to_sale_ratio": 0.59,
            "price_fair": 262.24,
            "eps_avg_yearly": 7.49,
            "eps_latest_yearly": 10.08,
            "eps_growth_yearly": 34.13
        },
        "20154": {
            "year_quarter": 20154,
            "year": 2015,
            "quarter": 4,
            "eps": 1.88,
            "eps_growth_year": -21.33,
            "eps_4q": 7.48,
            "eps_4q_growth_year": -13.74,
            "roe": 4.02,
            "roe_4q": 16.1,
            "gross_profit": 1235004,
            "gross_margin": 18.52,
            "gross_margin_4q_avg": 18.88,
            "net_income": 808887,
            "net_income_4q": null,
            "revenue": 6668989,
            "revenue_4q": null,
            "common_shares": 4307617,
            "book_valuer_per_share": 47.59,
            "book_valuer_per_share_4q_avg": 46.6,
            "equity": 20502081,
            "current_ratio": 619.15,
            "debt_ratio": 14.8,
            "inventory_turnover_ratio": 1.06,
            "account_receivable_turnover_ratio": 2.16,
            "reinvestment_rate": -33.58,
            "research_to_sale_ratio": 0.5,
            "price_fair": 264.08,
            "eps_avg_yearly": 7.55,
            "eps_latest_yearly": 7.52,
            "eps_growth_yearly": 28.37
        },
        "20161": {
            "year_quarter": 20161,
            "year": 2016,
            "quarter": 1,
            "eps": 1.45,
            "eps_growth_year": -25.26,
            "eps_4q": 6.99,
            "eps_4q_growth_year": -18,
            "roe": 2.99,
            "roe_4q": 15.129999999999999,
            "gross_profit": 1255393,
            "gross_margin": 22.23,
            "gross_margin_4q_avg": 19.11,
            "net_income": 623398,
            "net_income_4q": null,
            "revenue": 5648007,
            "revenue_4q": null,
            "common_shares": 4307617,
            "book_valuer_per_share": 49.06,
            "book_valuer_per_share_4q_avg": 46.39,
            "equity": 21131966,
            "current_ratio": 622.17,
            "debt_ratio": 14.59,
            "inventory_turnover_ratio": 0.9,
            "account_receivable_turnover_ratio": 1.96,
            "reinvestment_rate": -31.91,
            "research_to_sale_ratio": 0.69,
            "price_fair": 264.25,
            "eps_avg_yearly": 7.55,
            "eps_latest_yearly": 5.8,
            "eps_growth_yearly": 26.24
        },
        "20162": {
            "year_quarter": 20162,
            "year": 2016,
            "quarter": 2,
            "eps": 1.77,
            "eps_growth_year": 55.26,
            "eps_4q": 7.62,
            "eps_4q_growth_year": -1.18,
            "roe": 3.81,
            "roe_4q": 16.490000000000002,
            "gross_profit": 1127617,
            "gross_margin": 21.15,
            "gross_margin_4q_avg": 19.84,
            "net_income": 763771,
            "net_income_4q": null,
            "revenue": 5332177,
            "revenue_4q": null,
            "common_shares": 4307617,
            "book_valuer_per_share": 44,
            "book_valuer_per_share_4q_avg": 46.63,
            "equity": 18951671,
            "current_ratio": 378.17,
            "debt_ratio": 23.26,
            "inventory_turnover_ratio": 0.82,
            "account_receivable_turnover_ratio": 2.05,
            "reinvestment_rate": -31.99,
            "research_to_sale_ratio": 0.68,
            "price_fair": 265.13,
            "eps_avg_yearly": 7.58,
            "eps_latest_yearly": 7.08,
            "eps_growth_yearly": 27.56
        },
        "20163": {
            "year_quarter": 20163,
            "year": 2016,
            "quarter": 3,
            "eps": 1.1,
            "eps_growth_year": -56.35,
            "eps_4q": 6.2,
            "eps_4q_growth_year": -22.38,
            "roe": 2.48,
            "roe_4q": 13.3,
            "gross_profit": 1155706,
            "gross_margin": 21.3,
            "gross_margin_4q_avg": 20.8,
            "net_income": 474897,
            "net_income_4q": null,
            "revenue": 5424919,
            "revenue_4q": null,
            "common_shares": 4307617,
            "book_valuer_per_share": 44.97,
            "book_valuer_per_share_4q_avg": 46.41,
            "equity": 19373165,
            "current_ratio": 951.57,
            "debt_ratio": 9.67,
            "inventory_turnover_ratio": 0.84,
            "account_receivable_turnover_ratio": 2.07,
            "reinvestment_rate": -32.78,
            "research_to_sale_ratio": 0.67,
            "price_fair": 151.8,
            "eps_avg_yearly": 7.31,
            "eps_latest_yearly": 4.4,
            "eps_growth_yearly": 10.77
        },
        "20164": {
            "year_quarter": 20164,
            "year": 2016,
            "quarter": 4,
            "eps": 2.37,
            "eps_growth_year": 26.17,
            "eps_4q": 6.69,
            "eps_4q_growth_year": -10.53,
            "roe": 5.14,
            "roe_4q": 14.42,
            "gross_profit": 1412977,
            "gross_margin": 24.79,
            "gross_margin_4q_avg": 22.37,
            "net_income": 1020571,
            "net_income_4q": null,
            "revenue": 5699812,
            "revenue_4q": null,
            "common_shares": 4307617,
            "book_valuer_per_share": 47.19,
            "book_valuer_per_share_4q_avg": 46.31,
            "equity": 20326934,
            "current_ratio": 824.69,
            "debt_ratio": 11.2,
            "inventory_turnover_ratio": 0.83,
            "account_receivable_turnover_ratio": 2.09,
            "reinvestment_rate": -32.29,
            "research_to_sale_ratio": 0.69,
            "price_fair": 264.86,
            "eps_avg_yearly": 7.57,
            "eps_latest_yearly": 9.48,
            "eps_growth_yearly": 49.12
        },
        "20171": {
            "year_quarter": 20171,
            "year": 2017,
            "quarter": 1,
            "eps": 1.33,
            "eps_growth_year": -8.28,
            "eps_4q": 6.58,
            "eps_4q_growth_year": -5.85,
            "roe": 2.79,
            "roe_4q": 14.22,
            "gross_profit": 1613375,
            "gross_margin": 28.36,
            "gross_margin_4q_avg": 23.9,
            "net_income": 574047,
            "net_income_4q": null,
            "revenue": 5689768,
            "revenue_4q": null,
            "common_shares": 4307617,
            "book_valuer_per_share": 48.36,
            "book_valuer_per_share_4q_avg": 46.13,
            "equity": 20832748,
            "current_ratio": 775.02,
            "debt_ratio": 11.66,
            "inventory_turnover_ratio": 0.81,
            "account_receivable_turnover_ratio": 2.01,
            "reinvestment_rate": -6.59,
            "research_to_sale_ratio": 0.81,
            "price_fair": 258.83,
            "eps_avg_yearly": 7.4,
            "eps_latest_yearly": 5.32,
            "eps_growth_yearly": 25.46
        },
        "20172": {
            "year_quarter": 20172,
            "year": 2017,
            "quarter": 2,
            "eps": 1.8,
            "eps_growth_year": 1.69,
            "eps_4q": 6.6,
            "eps_4q_growth_year": -13.32,
            "roe": 3.89,
            "roe_4q": 14.3,
            "gross_profit": 1310211,
            "gross_margin": 26.22,
            "gross_margin_4q_avg": 25.17,
            "net_income": 775610,
            "net_income_4q": null,
            "revenue": 4996479,
            "revenue_4q": null,
            "common_shares": 4307617,
            "book_valuer_per_share": 44.3,
            "book_valuer_per_share_4q_avg": 46.21,
            "equity": 19081477,
            "current_ratio": 410.32,
            "debt_ratio": 21.36,
            "inventory_turnover_ratio": 0.74,
            "account_receivable_turnover_ratio": 1.88,
            "reinvestment_rate": -6.6,
            "research_to_sale_ratio": 0.88,
            "price_fair": 254.19,
            "eps_avg_yearly": 7.26,
            "eps_latest_yearly": 7.2,
            "eps_growth_yearly": 30.46
        },
        "20173": {
            "year_quarter": 20173,
            "year": 2017,
            "quarter": 3,
            "eps": 1.65,
            "eps_growth_year": 50,
            "eps_4q": 7.15,
            "eps_4q_growth_year": 15.34,
            "roe": 3.65,
            "roe_4q": 15.469999999999999,
            "gross_profit": 1368803,
            "gross_margin": 25.07,
            "gross_margin_4q_avg": 26.11,
            "net_income": 710431,
            "net_income_4q": null,
            "revenue": 5460980,
            "revenue_4q": null,
            "common_shares": 4307617,
            "book_valuer_per_share": 46.12,
            "book_valuer_per_share_4q_avg": 46.49,
            "equity": 19864603,
            "current_ratio": 786.75,
            "debt_ratio": 11.49,
            "inventory_turnover_ratio": 0.76,
            "account_receivable_turnover_ratio": 1.97,
            "reinvestment_rate": -6.9,
            "research_to_sale_ratio": 0.81,
            "price_fair": 256.03,
            "eps_avg_yearly": 7.32,
            "eps_latest_yearly": 6.6,
            "eps_growth_yearly": 37.93
        },
        "20174": {
            "year_quarter": 20174,
            "year": 2017,
            "quarter": 4,
            "eps": 1.38,
            "eps_growth_year": -41.64,
            "eps_4q": 6.17,
            "eps_4q_growth_year": -7.87,
            "roe": 2.95,
            "roe_4q": 13.280000000000001,
            "gross_profit": 1234455,
            "gross_margin": 25.62,
            "gross_margin_4q_avg": 26.32,
            "net_income": 595629,
            "net_income_4q": null,
            "revenue": 4817626,
            "revenue_4q": null,
            "common_shares": 4307617,
            "book_valuer_per_share": 47.59,
            "book_valuer_per_share_4q_avg": 46.59,
            "equity": 20498295,
            "current_ratio": 928.56,
            "debt_ratio": 9.98,
            "inventory_turnover_ratio": 0.66,
            "account_receivable_turnover_ratio": 1.75,
            "reinvestment_rate": -6.94,
            "research_to_sale_ratio": 0.72,
            "price_fair": 253.75,
            "eps_avg_yearly": 7.25,
            "eps_latest_yearly": 5.52,
            "eps_growth_yearly": 30.36
        },
        "20181": {
            "year_quarter": 20181,
            "year": 2018,
            "quarter": 1,
            "eps": 1.11,
            "eps_growth_year": -16.54,
            "eps_4q": 5.94,
            "eps_4q_growth_year": -9.63,
            "roe": 2.31,
            "roe_4q": 12.8,
            "gross_profit": 1067108,
            "gross_margin": 22.23,
            "gross_margin_4q_avg": 24.79,
            "net_income": 478792,
            "net_income_4q": null,
            "revenue": 4799564,
            "revenue_4q": null,
            "common_shares": 4307617,
            "book_valuer_per_share": 48.76,
            "book_valuer_per_share_4q_avg": 46.69,
            "equity": 21004745,
            "current_ratio": 888.96,
            "debt_ratio": 10.55,
            "inventory_turnover_ratio": 0.7,
            "account_receivable_turnover_ratio": 1.86,
            "reinvestment_rate": -7.18,
            "research_to_sale_ratio": 0.97,
            "price_fair": 200.43,
            "eps_avg_yearly": 7.01,
            "eps_latest_yearly": 4.44,
            "eps_growth_yearly": 18.61
        },
        "20182": {
            "year_quarter": 20182,
            "year": 2018,
            "quarter": 2,
            "eps": 1.68,
            "eps_growth_year": -6.67,
            "eps_4q": 5.82,
            "eps_4q_growth_year": -11.82,
            "roe": 3.61,
            "roe_4q": 12.520000000000001,
            "gross_profit": 866047,
            "gross_margin": 19.63,
            "gross_margin_4q_avg": 23.14,
            "net_income": 723866,
            "net_income_4q": null,
            "revenue": 4411721,
            "revenue_4q": null,
            "common_shares": 4307617,
            "book_valuer_per_share": 44.43,
            "book_valuer_per_share_4q_avg": 46.73,
            "equity": 19139651,
            "current_ratio": 401.31,
            "debt_ratio": 19.73,
            "inventory_turnover_ratio": 0.68,
            "account_receivable_turnover_ratio": 1.64,
            "reinvestment_rate": -7.08,
            "research_to_sale_ratio": 0.96,
            "price_fair": 242.81,
            "eps_avg_yearly": 6.94,
            "eps_latest_yearly": 6.72,
            "eps_growth_yearly": 33.13
        },
        "20183": {
            "year_quarter": 20183,
            "year": 2018,
            "quarter": 3,
            "eps": 1.13,
            "eps_growth_year": -31.52,
            "eps_4q": 5.31,
            "eps_4q_growth_year": -25.76,
            "roe": 2.52,
            "roe_4q": 11.39,
            "gross_profit": 862448,
            "gross_margin": 19.46,
            "gross_margin_4q_avg": 21.74,
            "net_income": 488649,
            "net_income_4q": null,
            "revenue": 4431313,
            "revenue_4q": null,
            "common_shares": 4307617,
            "book_valuer_per_share": 45.45,
            "book_valuer_per_share_4q_avg": 46.56,
            "equity": 19580230,
            "current_ratio": 1153.82,
            "debt_ratio": 7.37,
            "inventory_turnover_ratio": 0.78,
            "account_receivable_turnover_ratio": 1.71,
            "reinvestment_rate": -8.24,
            "research_to_sale_ratio": 0.89,
            "price_fair": 207.95,
            "eps_avg_yearly": 6.66,
            "eps_latest_yearly": 4.52,
            "eps_growth_yearly": 21.22
        },
        "20184": {
            "year_quarter": 20184,
            "year": 2018,
            "quarter": 4,
            "eps": 0.91,
            "eps_growth_year": -34.41,
            "eps_4q": 4.83,
            "eps_4q_growth_year": -21.6,
            "roe": 1.98,
            "roe_4q": 10.42,
            "gross_profit": 734647,
            "gross_margin": 18.49,
            "gross_margin_4q_avg": 19.95,
            "net_income": 390688,
            "net_income_4q": null,
            "revenue": 3973367,
            "revenue_4q": null,
            "common_shares": 4307617,
            "book_valuer_per_share": 46.38,
            "book_valuer_per_share_4q_avg": 46.26,
            "equity": 19980302,
            "current_ratio": 977.14,
            "debt_ratio": 8.62,
            "inventory_turnover_ratio": 0.88,
            "account_receivable_turnover_ratio": 1.71,
            "reinvestment_rate": -9.42,
            "research_to_sale_ratio": 0.76,
            "price_fair": 155.25,
            "eps_avg_yearly": 6.29,
            "eps_latest_yearly": 3.64,
            "eps_growth_yearly": 14.68
        },
        "20191": {
            "year_quarter": 20191,
            "year": 2019,
            "quarter": 1,
            "eps": 0.85,
            "eps_growth_year": -23.42,
            "eps_4q": 4.58,
            "eps_4q_growth_year": -23.03,
            "roe": 1.82,
            "roe_4q": 9.93,
            "gross_profit": 702450,
            "gross_margin": 19.09,
            "gross_margin_4q_avg": 19.17,
            "net_income": 367669,
            "net_income_4q": null,
            "revenue": 3679919,
            "revenue_4q": null,
            "common_shares": 4307617,
            "book_valuer_per_share": 47.31,
            "book_valuer_per_share_4q_avg": 45.89,
            "equity": 20378440,
            "current_ratio": 1052.79,
            "debt_ratio": 8.32,
            "inventory_turnover_ratio": 1.13,
            "account_receivable_turnover_ratio": 1.81,
            "reinvestment_rate": -9.4,
            "research_to_sale_ratio": 1.12,
            "price_fair": 166.93,
            "eps_avg_yearly": 6.02,
            "eps_latest_yearly": 3.4,
            "eps_growth_yearly": 17.74
        },
        "20192": {
            "year_quarter": 20192,
            "year": 2019,
            "quarter": 2,
            "eps": 1,
            "eps_growth_year": -40.48,
            "eps_4q": 3.89,
            "eps_4q_growth_year": -33.16,
            "roe": 2.2,
            "roe_4q": 8.52,
            "gross_profit": 693232,
            "gross_margin": 21.91,
            "gross_margin_4q_avg": 19.74,
            "net_income": 429876,
            "net_income_4q": null,
            "revenue": 3163909,
            "revenue_4q": null,
            "common_shares": 4307617,
            "book_valuer_per_share": 43.3,
            "book_valuer_per_share_4q_avg": 45.61,
            "equity": 18652235,
            "current_ratio": 453.07,
            "debt_ratio": 17.81,
            "inventory_turnover_ratio": 1.27,
            "account_receivable_turnover_ratio": 1.72,
            "reinvestment_rate": -8.88,
            "research_to_sale_ratio": 1.04,
            "price_fair": 209.39,
            "eps_avg_yearly": 5.98,
            "eps_latest_yearly": 4,
            "eps_growth_yearly": 32.46
        },
        "20193": {
            "year_quarter": 20193,
            "year": 2019,
            "quarter": 3,
            "eps": 1.24,
            "eps_growth_year": 9.73,
            "eps_4q": 4,
            "eps_4q_growth_year": -24.63,
            "roe": 2.83,
            "roe_4q": 8.83,
            "gross_profit": 889175,
            "gross_margin": 26.41,
            "gross_margin_4q_avg": 21.48,
            "net_income": 535506,
            "net_income_4q": null,
            "revenue": 3366277,
            "revenue_4q": null,
            "common_shares": 4307617,
            "book_valuer_per_share": 44.41,
            "book_valuer_per_share_4q_avg": 45.35,
            "equity": 19130422,
            "current_ratio": 864.24,
            "debt_ratio": 10.01,
            "inventory_turnover_ratio": 1.39,
            "account_receivable_turnover_ratio": 1.96,
            "reinvestment_rate": -10.23,
            "research_to_sale_ratio": 1.02,
            "price_fair": 103.05,
            "eps_avg_yearly": 5.66,
            "eps_latest_yearly": 4.96,
            "eps_growth_yearly": 8.2
        },
        "20194": {
            "year_quarter": 20194,
            "year": 2019,
            "quarter": 4,
            "eps": 0.92,
            "eps_growth_year": 1.7,
            "eps_4q": 4.03,
            "eps_4q_growth_year": -16.66,
            "roe": 2.05,
            "roe_4q": 8.9,
            "gross_profit": 802674,
            "gross_margin": 24.43,
            "gross_margin_4q_avg": 22.96,
            "net_income": 395916,
            "net_income_4q": null,
            "revenue": 3286081,
            "revenue_4q": null,
            "common_shares": 4307617,
            "book_valuer_per_share": 45.21,
            "book_valuer_per_share_4q_avg": 45.06,
            "equity": 19406848,
            "current_ratio": 1026.37,
            "debt_ratio": 8.46,
            "inventory_turnover_ratio": 1.29,
            "account_receivable_turnover_ratio": 2.07,
            "reinvestment_rate": -10.28,
            "research_to_sale_ratio": 1.04,
            "price_fair": 98.13,
            "eps_avg_yearly": 5.42,
            "eps_latest_yearly": 3.68,
            "eps_growth_yearly": 8.1
        },
        "20201": {
            "year_quarter": 20201,
            "year": 2020,
            "quarter": 1,
            "eps": 1.08,
            "eps_growth_year": 27.06,
            "eps_4q": 4.25,
            "eps_4q_growth_year": -7.01,
            "roe": 2.49,
            "roe_4q": 9.57,
            "gross_profit": 823366,
            "gross_margin": 25.57,
            "gross_margin_4q_avg": 24.58,
            "net_income": 464120,
            "net_income_4q": null,
            "revenue": 3220410,
            "revenue_4q": null,
            "common_shares": 4290617,
            "book_valuer_per_share": 41.74,
            "book_valuer_per_share_4q_avg": 43.67,
            "equity": 17907423,
            "current_ratio": 405.48,
            "debt_ratio": 19.09,
            "inventory_turnover_ratio": 1.04,
            "account_receivable_turnover_ratio": 2.14,
            "reinvestment_rate": -4.87,
            "research_to_sale_ratio": 1.28,
            "price_fair": 150.1,
            "eps_avg_yearly": 5.33,
            "eps_latest_yearly": 4.32,
            "eps_growth_yearly": 18.16
        },
        "20202": {
            "year_quarter": 20202,
            "year": 2020,
            "quarter": 2,
            "eps": 0.62,
            "eps_growth_year": -38,
            "eps_4q": 3.87,
            "eps_4q_growth_year": -0.61,
            "roe": 1.47,
            "roe_4q": 8.84,
            "gross_profit": 587725,
            "gross_margin": 23.64,
            "gross_margin_4q_avg": 25.01,
            "net_income": 264607,
            "net_income_4q": null,
            "revenue": 2485718,
            "revenue_4q": null,
            "common_shares": 4290617,
            "book_valuer_per_share": 42.32,
            "book_valuer_per_share_4q_avg": 43.42,
            "equity": 18156931,
            "current_ratio": 446.7,
            "debt_ratio": 17.21,
            "inventory_turnover_ratio": 0.68,
            "account_receivable_turnover_ratio": 1.74,
            "reinvestment_rate": -4.76,
            "research_to_sale_ratio": 1.33,
            "price_fair": 60.49,
            "eps_avg_yearly": 5.04,
            "eps_latest_yearly": 2.48,
            "eps_growth_yearly": 2
        },
        "20203": {
            "year_quarter": 20203,
            "year": 2020,
            "quarter": 3,
            "eps": 0.48,
            "eps_growth_year": -61.29,
            "eps_4q": 3.1,
            "eps_4q_growth_year": -22.6,
            "roe": 1.12,
            "roe_4q": 7.13,
            "gross_profit": 507670,
            "gross_margin": 18.36,
            "gross_margin_4q_avg": 23,
            "net_income": 204271,
            "net_income_4q": null,
            "revenue": 2764892,
            "revenue_4q": null,
            "common_shares": 4290617,
            "book_valuer_per_share": 42.84,
            "book_valuer_per_share_4q_avg": 43.03,
            "equity": 18378862,
            "current_ratio": 918.74,
            "debt_ratio": 8.72,
            "inventory_turnover_ratio": 0.72,
            "account_receivable_turnover_ratio": 2.09,
            "reinvestment_rate": -3.98,
            "research_to_sale_ratio": 1.02,
            "price_fair": 77.29,
            "eps_avg_yearly": 4.89,
            "eps_latest_yearly": 1.92,
            "eps_growth_yearly": 5.81
        },
        "20204": {
            "year_quarter": 20204,
            "year": 2020,
            "quarter": 4,
            "eps": 0.62,
            "eps_growth_year": -33.1,
            "eps_4q": 2.79,
            "eps_4q_growth_year": -30.7,
            "roe": 1.43,
            "roe_4q": 6.51,
            "gross_profit": 551335,
            "gross_margin": 18.53,
            "gross_margin_4q_avg": 21.53,
            "net_income": 264737,
            "net_income_4q": null,
            "revenue": 2975676,
            "revenue_4q": null,
            "common_shares": 4290617,
            "book_valuer_per_share": 43.52,
            "book_valuer_per_share_4q_avg": 42.61,
            "equity": 18672026,
            "current_ratio": 795.28,
            "debt_ratio": 9.96,
            "inventory_turnover_ratio": 0.76,
            "account_receivable_turnover_ratio": 2.15,
            "reinvestment_rate": -1.04,
            "research_to_sale_ratio": 1.04,
            "price_fair": 13.35,
            "eps_avg_yearly": 4.45,
            "eps_latest_yearly": 2.48,
            "eps_growth_yearly": -15.76
        },
        "20211": {
            "year_quarter": 20211,
            "year": 2021,
            "quarter": 1,
            "eps": 1.3,
            "eps_growth_year": 20.37,
            "eps_4q": 3.01,
            "eps_4q_growth_year": -29.17,
            "roe": 3.06,
            "roe_4q": 7.08,
            "gross_profit": 852848,
            "gross_margin": 24.38,
            "gross_margin_4q_avg": 21.23,
            "net_income": 559386,
            "net_income_4q": null,
            "revenue": 3498620,
            "revenue_4q": null,
            "common_shares": 4290617,
            "book_valuer_per_share": 41.68,
            "book_valuer_per_share_4q_avg": 42.59,
            "equity": 17882253,
            "current_ratio": 450.54,
            "debt_ratio": 16.62,
            "inventory_turnover_ratio": 0.81,
            "account_receivable_turnover_ratio": 2.22,
            "reinvestment_rate": 0.6,
            "research_to_sale_ratio": 1.2,
            "price_fair": 144.97,
            "eps_avg_yearly": 4.44,
            "eps_latest_yearly": 5.2,
            "eps_growth_yearly": 22.63
        },
        "20212": {
            "year_quarter": 20212,
            "year": 2021,
            "quarter": 2,
            "eps": 1.91,
            "eps_growth_year": 208.06,
            "eps_4q": 4.31,
            "eps_4q_growth_year": 11.36,
            "roe": 4.49,
            "roe_4q": 10.100000000000001,
            "gross_profit": 1316998,
            "gross_margin": 34.71,
            "gross_margin_4q_avg": 24,
            "net_income": 820364,
            "net_income_4q": null,
            "revenue": 3794184,
            "revenue_4q": null,
            "common_shares": 4290617,
            "book_valuer_per_share": 43.56,
            "book_valuer_per_share_4q_avg": 42.9,
            "equity": 18689507,
            "current_ratio": 479.59,
            "debt_ratio": 16.64,
            "inventory_turnover_ratio": 0.65,
            "account_receivable_turnover_ratio": 2.14,
            "reinvestment_rate": -8.97,
            "research_to_sale_ratio": 1.05,
            "price_fair": 156.45,
            "eps_avg_yearly": 4.47,
            "eps_latest_yearly": 7.64,
            "eps_growth_yearly": 25.53
        },
        "20213": {
            "year_quarter": 20213,
            "year": 2021,
            "quarter": 3,
            "eps": 1.55,
            "eps_growth_year": 222.92,
            "eps_4q": 5.38,
            "eps_4q_growth_year": 73.84,
            "roe": 3.5,
            "roe_4q": 12.48,
            "gross_profit": 1108525,
            "gross_margin": 31.46,
            "gross_margin_4q_avg": 27.27,
            "net_income": 665661,
            "net_income_4q": null,
            "revenue": 3523741,
            "revenue_4q": null,
            "common_shares": 4290617,
            "book_valuer_per_share": 45.07,
            "book_valuer_per_share_4q_avg": 43.46,
            "equity": 19338633,
            "current_ratio": 774.56,
            "debt_ratio": 10.53,
            "inventory_turnover_ratio": 0.51,
            "account_receivable_turnover_ratio": 2.05,
            "reinvestment_rate": -7.63,
            "research_to_sale_ratio": 0.99,
            "price_fair": 146.24,
            "eps_avg_yearly": 4.45,
            "eps_latest_yearly": 6.2,
            "eps_growth_yearly": 22.9
        },
        "20214": {
            "year_quarter": 20214,
            "year": 2021,
            "quarter": 4,
            "eps": 1.14,
            "eps_growth_year": 84.29,
            "eps_4q": 5.9,
            "eps_4q_growth_year": 111.51,
            "roe": 2.49,
            "roe_4q": 13.540000000000001,
            "gross_profit": 897315,
            "gross_margin": 25.65,
            "gross_margin_4q_avg": 29.05,
            "net_income": 487883,
            "net_income_4q": null,
            "revenue": 3498270,
            "revenue_4q": null,
            "common_shares": 4290617,
            "book_valuer_per_share": 46.23,
            "book_valuer_per_share_4q_avg": 44.14,
            "equity": 19834835,
            "current_ratio": 698.43,
            "debt_ratio": 11.6,
            "inventory_turnover_ratio": 0.47,
            "account_receivable_turnover_ratio": 2.16,
            "reinvestment_rate": -9.9,
            "research_to_sale_ratio": 0.99,
            "price_fair": 133.21,
            "eps_avg_yearly": 4.39,
            "eps_latest_yearly": 4.56,
            "eps_growth_yearly": 20.38
        },
        "20221": {
            "year_quarter": 20221,
            "year": 2022,
            "quarter": 1,
            "eps": 1.82,
            "eps_growth_year": 40,
            "eps_4q": 6.42,
            "eps_4q_growth_year": 112.94,
            "roe": 4.11,
            "roe_4q": 14.590000000000002,
            "gross_profit": 860503,
            "gross_margin": 24.94,
            "gross_margin_4q_avg": 29.19,
            "net_income": 779444,
            "net_income_4q": null,
            "revenue": 3449636,
            "revenue_4q": null,
            "common_shares": 4290617,
            "book_valuer_per_share": 42.13,
            "book_valuer_per_share_4q_avg": 44.25,
            "equity": 18074324,
            "current_ratio": 350.99,
            "debt_ratio": 23.32,
            "inventory_turnover_ratio": 0.46,
            "account_receivable_turnover_ratio": 2.08,
            "reinvestment_rate": -13.85,
            "research_to_sale_ratio": 1.29,
            "price_fair": 159.69,
            "eps_avg_yearly": 4.56,
            "eps_latest_yearly": 7.28,
            "eps_growth_yearly": 40.18
        },
        "20222": {
            "year_quarter": 20222,
            "year": 2022,
            "quarter": 2,
            "eps": 2.67,
            "eps_growth_year": 39.79,
            "eps_4q": 7.17,
            "eps_4q_growth_year": 66.5,
            "roe": 6.17,
            "roe_4q": 16.270000000000003,
            "gross_profit": 874275,
            "gross_margin": 29.08,
            "gross_margin_4q_avg": 27.78,
            "net_income": 1145251,
            "net_income_4q": null,
            "revenue": 3006488,
            "revenue_4q": null,
            "common_shares": 4290617,
            "book_valuer_per_share": 44.46,
            "book_valuer_per_share_4q_avg": 44.47,
            "equity": 19077122,
            "current_ratio": 438.11,
            "debt_ratio": 20.01,
            "inventory_turnover_ratio": 0.38,
            "account_receivable_turnover_ratio": 1.84,
            "reinvestment_rate": -13.09,
            "research_to_sale_ratio": 0.98,
            "price_fair": 168.35,
            "eps_avg_yearly": 4.81,
            "eps_latest_yearly": 10.68,
            "eps_growth_yearly": 39.02
        },
        "20223": {
            "year_quarter": 20223,
            "year": 2022,
            "quarter": 3,
            "eps": 1.13,
            "eps_growth_year": -27.1,
            "eps_4q": 6.75,
            "eps_4q_growth_year": 25.37,
            "roe": 2.51,
            "roe_4q": 15.28,
            "gross_profit": 437073,
            "gross_margin": 14.25,
            "gross_margin_4q_avg": 23.48,
            "net_income": 483694,
            "net_income_4q": null,
            "revenue": 3066213,
            "revenue_4q": null,
            "common_shares": 4290617,
            "book_valuer_per_share": 45.29,
            "book_valuer_per_share_4q_avg": 44.53,
            "equity": 19430498,
            "current_ratio": 1150.97,
            "debt_ratio": 9.41,
            "inventory_turnover_ratio": 0.54,
            "account_receivable_turnover_ratio": 2.05,
            "reinvestment_rate": -12.31,
            "research_to_sale_ratio": 1.02,
            "price_fair": 168.35,
            "eps_avg_yearly": 4.81,
            "eps_latest_yearly": 4.52,
            "eps_growth_yearly": 32.78
        },
        "20224": {
            "year_quarter": 20224,
            "year": 2022,
            "quarter": 4,
            "eps": 0.11,
            "eps_growth_year": -90.58,
            "eps_4q": 5.72,
            "eps_4q_growth_year": -3.12,
            "roe": 0.24,
            "roe_4q": 13.030000000000001,
            "gross_profit": 550892,
            "gross_margin": 21.19,
            "gross_margin_4q_avg": 22.37,
            "net_income": 45955,
            "net_income_4q": null,
            "revenue": 2600013,
            "revenue_4q": null,
            "common_shares": 4290617,
            "book_valuer_per_share": 45.57,
            "book_valuer_per_share_4q_avg": 44.36,
            "equity": 19550536,
            "current_ratio": 1139.28,
            "debt_ratio": 9.19,
            "inventory_turnover_ratio": 0.55,
            "account_receivable_turnover_ratio": 1.98,
            "reinvestment_rate": -11.83,
            "research_to_sale_ratio": 1.23,
            "price_fair": 115.64,
            "eps_avg_yearly": 4.61,
            "eps_latest_yearly": 0.44,
            "eps_growth_yearly": 15.09
        },
        "20231": {
            "year_quarter": 20231,
            "year": 2023,
            "quarter": 1,
            "eps": 0.54,
            "eps_growth_year": -70.33,
            "eps_4q": 4.45,
            "eps_4q_growth_year": -30.73,
            "roe": 1.26,
            "roe_4q": 10.18,
            "gross_profit": 552807,
            "gross_margin": 21.19,
            "gross_margin_4q_avg": 21.43,
            "net_income": 232365,
            "net_income_4q": null,
            "revenue": 2608801,
            "revenue_4q": null,
            "common_shares": 4290617,
            "book_valuer_per_share": 40.65,
            "book_valuer_per_share_4q_avg": 43.99,
            "equity": 17440655,
            "current_ratio": 423.1,
            "debt_ratio": 20.4,
            "inventory_turnover_ratio": 0.73,
            "account_receivable_turnover_ratio": 2.06,
            "reinvestment_rate": -12.02,
            "research_to_sale_ratio": 1.41,
            "price_fair": 158.64,
            "eps_avg_yearly": 4.53,
            "eps_latest_yearly": 2.16,
            "eps_growth_yearly": 114.46
        },
        "20232": {
            "year_quarter": 20232,
            "year": 2023,
            "quarter": 2,
            "eps": 0.93,
            "eps_growth_year": -65.17,
            "eps_4q": 2.71,
            "eps_4q_growth_year": -62.27,
            "roe": 2.26,
            "roe_4q": 6.27,
            "gross_profit": 584610,
            "gross_margin": 23.67,
            "gross_margin_4q_avg": 20.08,
            "net_income": 399512,
            "net_income_4q": null,
            "revenue": 2469577,
            "revenue_4q": null,
            "common_shares": 4290617,
            "book_valuer_per_share": 41.65,
            "book_valuer_per_share_4q_avg": 43.29,
            "equity": 17872446,
            "current_ratio": 421.5,
            "debt_ratio": 19.96,
            "inventory_turnover_ratio": 0.75,
            "account_receivable_turnover_ratio": 1.89,
            "reinvestment_rate": -11.86,
            "research_to_sale_ratio": 1.2,
            "price_fair": 158.03,
            "eps_avg_yearly": 4.52,
            "eps_latest_yearly": 3.72,
            "eps_growth_yearly": 128.1
        }
    },
    "months": {
        "2001-06": {
            "month": "2001-06",
            "price": "70.50",
            "revenue": 339297
        },
        "2001-07": {
            "month": "2001-07",
            "price": "46.40",
            "revenue": 371332
        },
        "2001-08": {
            "month": "2001-08",
            "price": "49.31",
            "revenue": 382726
        },
        "2001-09": {
            "month": "2001-09",
            "price": "38.02",
            "revenue": 290274
        },
        "2001-10": {
            "month": "2001-10",
            "price": "28.66",
            "revenue": 352420
        },
        "2001-11": {
            "month": "2001-11",
            "price": "41.46",
            "revenue": 428158
        },
        "2001-12": {
            "month": "2001-12",
            "price": "60.06",
            "revenue": 426011
        },
        "2002-01": {
            "month": "2002-01",
            "price": "75.59",
            "revenue": 599374
        },
        "2002-02": {
            "month": "2002-02",
            "price": "99.83",
            "revenue": 543685
        },
        "2002-03": {
            "month": "2002-03",
            "price": "106.21",
            "revenue": 633010
        },
        "2002-04": {
            "month": "2002-04",
            "price": "97.67",
            "revenue": 478091
        },
        "2002-05": {
            "month": "2002-05",
            "price": "85.02",
            "revenue": 417712
        },
        "2002-06": {
            "month": "2002-06",
            "price": "92.52",
            "revenue": 454134
        },
        "2002-07": {
            "month": "2002-07",
            "price": "105.28",
            "revenue": 516904
        },
        "2002-08": {
            "month": "2002-08",
            "price": "102.11",
            "revenue": 519925
        },
        "2002-09": {
            "month": "2002-09",
            "price": "87.12",
            "revenue": 503674
        },
        "2002-10": {
            "month": "2002-10",
            "price": "76.25",
            "revenue": 618318
        },
        "2002-11": {
            "month": "2002-11",
            "price": "75.60",
            "revenue": 575543
        },
        "2002-12": {
            "month": "2002-12",
            "price": "68.30",
            "revenue": 594055
        },
        "2003-01": {
            "month": "2003-01",
            "price": "64.37",
            "revenue": 662268
        },
        "2003-02": {
            "month": "2003-02",
            "price": "57.12",
            "revenue": 628535
        },
        "2003-03": {
            "month": "2003-03",
            "price": "59.05",
            "revenue": 688437
        },
        "2003-04": {
            "month": "2003-04",
            "price": "62.48",
            "revenue": 662833
        },
        "2003-05": {
            "month": "2003-05",
            "price": "67.64",
            "revenue": 673714
        },
        "2003-06": {
            "month": "2003-06",
            "price": "80.50",
            "revenue": 719954
        },
        "2003-07": {
            "month": "2003-07",
            "price": "87.46",
            "revenue": 857505
        },
        "2003-08": {
            "month": "2003-08",
            "price": "84.57",
            "revenue": 800184
        },
        "2003-09": {
            "month": "2003-09",
            "price": "74.14",
            "revenue": 828326
        },
        "2003-10": {
            "month": "2003-10",
            "price": "75.30",
            "revenue": 1087698
        },
        "2003-11": {
            "month": "2003-11",
            "price": "74.38",
            "revenue": 912917
        },
        "2003-12": {
            "month": "2003-12",
            "price": "71.70",
            "revenue": 993136
        },
        "2004-01": {
            "month": "2004-01",
            "price": "75.97",
            "revenue": 1021155
        },
        "2004-02": {
            "month": "2004-02",
            "price": "82.78",
            "revenue": 1013604
        },
        "2004-03": {
            "month": "2004-03",
            "price": "85.93",
            "revenue": 1178742
        },
        "2004-04": {
            "month": "2004-04",
            "price": "96.18",
            "revenue": 976380
        },
        "2004-05": {
            "month": "2004-05",
            "price": "79.02",
            "revenue": 953614
        },
        "2004-06": {
            "month": "2004-06",
            "price": "73.90",
            "revenue": 1116793
        },
        "2004-07": {
            "month": "2004-07",
            "price": "74.07",
            "revenue": 1343513
        },
        "2004-08": {
            "month": "2004-08",
            "price": "76.45",
            "revenue": 1142709
        },
        "2004-09": {
            "month": "2004-09",
            "price": "72.24",
            "revenue": 1382326
        },
        "2004-10": {
            "month": "2004-10",
            "price": "68.72",
            "revenue": 1455999
        },
        "2004-11": {
            "month": "2004-11",
            "price": "65.02",
            "revenue": 1422022
        },
        "2004-12": {
            "month": "2004-12",
            "price": "65.96",
            "revenue": 1581583
        },
        "2005-01": {
            "month": "2005-01",
            "price": "67.60",
            "revenue": 1541078
        },
        "2005-02": {
            "month": "2005-02",
            "price": "78.62",
            "revenue": 1031916
        },
        "2005-03": {
            "month": "2005-03",
            "price": "87.46",
            "revenue": 1237593
        },
        "2005-04": {
            "month": "2005-04",
            "price": "85.01",
            "revenue": 1230035
        },
        "2005-05": {
            "month": "2005-05",
            "price": "78.78",
            "revenue": 1012684
        },
        "2005-06": {
            "month": "2005-06",
            "price": "80.06",
            "revenue": 1312034
        },
        "2005-07": {
            "month": "2005-07",
            "price": "84.92",
            "revenue": 1407631
        },
        "2005-08": {
            "month": "2005-08",
            "price": "85.00",
            "revenue": 1268899
        },
        "2005-09": {
            "month": "2005-09",
            "price": "69.51",
            "revenue": 1574547
        },
        "2005-10": {
            "month": "2005-10",
            "price": "63.08",
            "revenue": 1505227
        },
        "2005-11": {
            "month": "2005-11",
            "price": "58.86",
            "revenue": 1680184
        },
        "2005-12": {
            "month": "2005-12",
            "price": "64.69",
            "revenue": 1600713
        },
        "2006-01": {
            "month": "2006-01",
            "price": "66.64",
            "revenue": 1638004
        },
        "2006-02": {
            "month": "2006-02",
            "price": "62.70",
            "revenue": 1202443
        },
        "2006-03": {
            "month": "2006-03",
            "price": "56.50",
            "revenue": 1638898
        },
        "2006-04": {
            "month": "2006-04",
            "price": "58.01",
            "revenue": 1645628
        },
        "2006-05": {
            "month": "2006-05",
            "price": "61.14",
            "revenue": 1700008
        },
        "2006-06": {
            "month": "2006-06",
            "price": "60.44",
            "revenue": 2206701
        },
        "2006-07": {
            "month": "2006-07",
            "price": "68.32",
            "revenue": 2108843
        },
        "2006-08": {
            "month": "2006-08",
            "price": "77.64",
            "revenue": 2411791
        },
        "2006-09": {
            "month": "2006-09",
            "price": "90.07",
            "revenue": 3083066
        },
        "2006-10": {
            "month": "2006-10",
            "price": "83.52",
            "revenue": 2800580
        },
        "2006-11": {
            "month": "2006-11",
            "price": "83.18",
            "revenue": 3009726
        },
        "2006-12": {
            "month": "2006-12",
            "price": "85.98",
            "revenue": 2425829
        },
        "2007-01": {
            "month": "2007-01",
            "price": "88.04",
            "revenue": 2868867
        },
        "2007-02": {
            "month": "2007-02",
            "price": "87.43",
            "revenue": 2363348
        },
        "2007-03": {
            "month": "2007-03",
            "price": "111.38",
            "revenue": 4366531
        },
        "2007-04": {
            "month": "2007-04",
            "price": "118.20",
            "revenue": 2876145
        },
        "2007-05": {
            "month": "2007-05",
            "price": "115.18",
            "revenue": 3036797
        },
        "2007-06": {
            "month": "2007-06",
            "price": "130.95",
            "revenue": 3416378
        },
        "2007-07": {
            "month": "2007-07",
            "price": "158.48",
            "revenue": 3760690
        },
        "2007-08": {
            "month": "2007-08",
            "price": "139.74",
            "revenue": 3569746
        },
        "2007-09": {
            "month": "2007-09",
            "price": "121.19",
            "revenue": 2734483
        },
        "2007-10": {
            "month": "2007-10",
            "price": "121.48",
            "revenue": 2854696
        },
        "2007-11": {
            "month": "2007-11",
            "price": "104.90",
            "revenue": 2752981
        },
        "2007-12": {
            "month": "2007-12",
            "price": "101.94",
            "revenue": 2562762
        },
        "2008-01": {
            "month": "2008-01",
            "price": "91.27",
            "revenue": 3026288
        },
        "2008-02": {
            "month": "2008-02",
            "price": "79.23",
            "revenue": 2337073
        },
        "2008-03": {
            "month": "2008-03",
            "price": "85.20",
            "revenue": 2560857
        },
        "2008-04": {
            "month": "2008-04",
            "price": "105.11",
            "revenue": 3269871
        },
        "2008-05": {
            "month": "2008-05",
            "price": "114.51",
            "revenue": 2621582
        },
        "2008-06": {
            "month": "2008-06",
            "price": "98.15",
            "revenue": 2539850
        },
        "2008-07": {
            "month": "2008-07",
            "price": "86.60",
            "revenue": 3154508
        },
        "2008-08": {
            "month": "2008-08",
            "price": "82.74",
            "revenue": 2832934
        },
        "2008-09": {
            "month": "2008-09",
            "price": "69.09",
            "revenue": 2979144
        },
        "2008-10": {
            "month": "2008-10",
            "price": "52.27",
            "revenue": 2964192
        },
        "2008-11": {
            "month": "2008-11",
            "price": "47.05",
            "revenue": 2375380
        },
        "2008-12": {
            "month": "2008-12",
            "price": "53.16",
            "revenue": 2640280
        },
        "2009-01": {
            "month": "2009-01",
            "price": "60.81",
            "revenue": 2759746
        },
        "2009-02": {
            "month": "2009-02",
            "price": "66.78",
            "revenue": 2555080
        },
        "2009-03": {
            "month": "2009-03",
            "price": "71.39",
            "revenue": 2489702
        },
        "2009-04": {
            "month": "2009-04",
            "price": "85.36",
            "revenue": 2858203
        },
        "2009-05": {
            "month": "2009-05",
            "price": "92.77",
            "revenue": 2028360
        },
        "2009-06": {
            "month": "2009-06",
            "price": "81.01",
            "revenue": 2546122
        },
        "2009-07": {
            "month": "2009-07",
            "price": "94.32",
            "revenue": 3045535
        },
        "2009-08": {
            "month": "2009-08",
            "price": "107.70",
            "revenue": 2538134
        },
        "2009-09": {
            "month": "2009-09",
            "price": "113.39",
            "revenue": 3615450
        },
        "2009-10": {
            "month": "2009-10",
            "price": "113.93",
            "revenue": 2974057
        },
        "2009-11": {
            "month": "2009-11",
            "price": "104.24",
            "revenue": 3120936
        },
        "2009-12": {
            "month": "2009-12",
            "price": "109.00",
            "revenue": 2873012
        },
        "2010-01": {
            "month": "2010-01",
            "price": "109.82",
            "revenue": 2930284
        },
        "2010-02": {
            "month": "2010-02",
            "price": "104.89",
            "revenue": 2344302
        },
        "2010-03": {
            "month": "2010-03",
            "price": "111.52",
            "revenue": 2835616
        },
        "2010-04": {
            "month": "2010-04",
            "price": "112.70",
            "revenue": 2250961
        },
        "2010-05": {
            "month": "2010-05",
            "price": "90.65",
            "revenue": 2071467
        },
        "2010-06": {
            "month": "2010-06",
            "price": "87.19",
            "revenue": 2348850
        },
        "2010-07": {
            "month": "2010-07",
            "price": "90.80",
            "revenue": 2669310
        },
        "2010-08": {
            "month": "2010-08",
            "price": "86.60",
            "revenue": 2532367
        },
        "2010-09": {
            "month": "2010-09",
            "price": "79.46",
            "revenue": 2968563
        },
        "2010-10": {
            "month": "2010-10",
            "price": "77.85",
            "revenue": 2646616
        },
        "2010-11": {
            "month": "2010-11",
            "price": "71.88",
            "revenue": 2821061
        },
        "2010-12": {
            "month": "2010-12",
            "price": "76.72",
            "revenue": 3028651
        },
        "2011-01": {
            "month": "2011-01",
            "price": "84.28",
            "revenue": 2774162
        },
        "2011-02": {
            "month": "2011-02",
            "price": "81.89",
            "revenue": 1884552
        },
        "2011-03": {
            "month": "2011-03",
            "price": "78.17",
            "revenue": 2904616
        },
        "2011-04": {
            "month": "2011-04",
            "price": "82.55",
            "revenue": 2380379
        },
        "2011-05": {
            "month": "2011-05",
            "price": "82.27",
            "revenue": 2164282
        },
        "2011-06": {
            "month": "2011-06",
            "price": "82.89",
            "revenue": 2368909
        },
        "2011-07": {
            "month": "2011-07",
            "price": "80.81",
            "revenue": 2517818
        },
        "2011-08": {
            "month": "2011-08",
            "price": "66.93",
            "revenue": 2479126
        },
        "2011-09": {
            "month": "2011-09",
            "price": "63.40",
            "revenue": 2799406
        },
        "2011-10": {
            "month": "2011-10",
            "price": "63.72",
            "revenue": 2378206
        },
        "2011-11": {
            "month": "2011-11",
            "price": "68.01",
            "revenue": 2428492
        },
        "2011-12": {
            "month": "2011-12",
            "price": "75.04",
            "revenue": 2070447
        },
        "2012-01": {
            "month": "2012-01",
            "price": "77.09",
            "revenue": 1854714
        },
        "2012-02": {
            "month": "2012-02",
            "price": "84.54",
            "revenue": 1900422
        },
        "2012-03": {
            "month": "2012-03",
            "price": "82.77",
            "revenue": 2042800
        },
        "2012-04": {
            "month": "2012-04",
            "price": "79.92",
            "revenue": 1934303
        },
        "2012-05": {
            "month": "2012-05",
            "price": "81.90",
            "revenue": 2049888
        },
        "2012-06": {
            "month": "2012-06",
            "price": "80.60",
            "revenue": 2253726
        },
        "2012-07": {
            "month": "2012-07",
            "price": "79.32",
            "revenue": 2261844
        },
        "2012-08": {
            "month": "2012-08",
            "price": "80.98",
            "revenue": 2086968
        },
        "2012-09": {
            "month": "2012-09",
            "price": "78.61",
            "revenue": 2326580
        },
        "2012-10": {
            "month": "2012-10",
            "price": "78.30",
            "revenue": 2449517
        },
        "2012-11": {
            "month": "2012-11",
            "price": "74.59",
            "revenue": 2499145
        },
        "2012-12": {
            "month": "2012-12",
            "price": "80.58",
            "revenue": 1725460
        },
        "2013-01": {
            "month": "2013-01",
            "price": "81.20",
            "revenue": 2313436
        },
        "2013-02": {
            "month": "2013-02",
            "price": "83.88",
            "revenue": 2114208
        },
        "2013-03": {
            "month": "2013-03",
            "price": "93.89",
            "revenue": 2623798
        },
        "2013-04": {
            "month": "2013-04",
            "price": "100.04",
            "revenue": 1728866
        },
        "2013-05": {
            "month": "2013-05",
            "price": "98.70",
            "revenue": 1877138
        },
        "2013-06": {
            "month": "2013-06",
            "price": "95.54",
            "revenue": 2345255
        },
        "2013-07": {
            "month": "2013-07",
            "price": "89.46",
            "revenue": 2018337
        },
        "2013-08": {
            "month": "2013-08",
            "price": "86.27",
            "revenue": 2101207
        },
        "2013-09": {
            "month": "2013-09",
            "price": "91.54",
            "revenue": 2270267
        },
        "2013-10": {
            "month": "2013-10",
            "price": "92.91",
            "revenue": 2164250
        },
        "2013-11": {
            "month": "2013-11",
            "price": "89.84",
            "revenue": 2420961
        },
        "2013-12": {
            "month": "2013-12",
            "price": "85.10",
            "revenue": 2120860
        },
        "2014-01": {
            "month": "2014-01",
            "price": "88.51",
            "revenue": 2441803
        },
        "2014-02": {
            "month": "2014-02",
            "price": "90.76",
            "revenue": 2039008
        },
        "2014-03": {
            "month": "2014-03",
            "price": "93.27",
            "revenue": 2315758
        },
        "2014-04": {
            "month": "2014-04",
            "price": "100.35",
            "revenue": 2174297
        },
        "2014-05": {
            "month": "2014-05",
            "price": "105.20",
            "revenue": 2286714
        },
        "2014-06": {
            "month": "2014-06",
            "price": "108.85",
            "revenue": 2195377
        },
        "2014-07": {
            "month": "2014-07",
            "price": "105.23",
            "revenue": 2543027
        },
        "2014-08": {
            "month": "2014-08",
            "price": "102.48",
            "revenue": 2121199
        },
        "2014-09": {
            "month": "2014-09",
            "price": "98.79",
            "revenue": 2125402
        },
        "2014-10": {
            "month": "2014-10",
            "price": "99.23",
            "revenue": 2497793
        },
        "2014-11": {
            "month": "2014-11",
            "price": "101.76",
            "revenue": 2266940
        },
        "2014-12": {
            "month": "2014-12",
            "price": "99.13",
            "revenue": 2212176
        },
        "2015-01": {
            "month": "2015-01",
            "price": "100.46",
            "revenue": 2109547
        },
        "2015-02": {
            "month": "2015-02",
            "price": "103.04",
            "revenue": 1760299
        },
        "2015-03": {
            "month": "2015-03",
            "price": "108.98",
            "revenue": 2261899
        },
        "2015-04": {
            "month": "2015-04",
            "price": "116.95",
            "revenue": 2102879
        },
        "2015-05": {
            "month": "2015-05",
            "price": "117.45",
            "revenue": 1962425
        },
        "2015-06": {
            "month": "2015-06",
            "price": "116.60",
            "revenue": 1959620
        },
        "2015-07": {
            "month": "2015-07",
            "price": "100.99",
            "revenue": 2090908
        },
        "2015-08": {
            "month": "2015-08",
            "price": "84.97",
            "revenue": 1903069
        },
        "2015-09": {
            "month": "2015-09",
            "price": "85.08",
            "revenue": 2093653
        },
        "2015-10": {
            "month": "2015-10",
            "price": "88.52",
            "revenue": 2197611
        },
        "2015-11": {
            "month": "2015-11",
            "price": "85.82",
            "revenue": 2322283
        },
        "2015-12": {
            "month": "2015-12",
            "price": "85.09",
            "revenue": 2149094
        },
        "2016-01": {
            "month": "2016-01",
            "price": "84.13",
            "revenue": 2128111
        },
        "2016-02": {
            "month": "2016-02",
            "price": "95.57",
            "revenue": 1594880
        },
        "2016-03": {
            "month": "2016-03",
            "price": "100.84",
            "revenue": 1925043
        },
        "2016-04": {
            "month": "2016-04",
            "price": "95.03",
            "revenue": 1750781
        },
        "2016-05": {
            "month": "2016-05",
            "price": "88.74",
            "revenue": 1729785
        },
        "2016-06": {
            "month": "2016-06",
            "price": "95.21",
            "revenue": 1851611
        },
        "2016-07": {
            "month": "2016-07",
            "price": "96.43",
            "revenue": 1769372
        },
        "2016-08": {
            "month": "2016-08",
            "price": "94.37",
            "revenue": 1794431
        },
        "2016-09": {
            "month": "2016-09",
            "price": "91.06",
            "revenue": 1861115
        },
        "2016-10": {
            "month": "2016-10",
            "price": "89.70",
            "revenue": 1985172
        },
        "2016-11": {
            "month": "2016-11",
            "price": "84.04",
            "revenue": 1969930
        },
        "2016-12": {
            "month": "2016-12",
            "price": "85.66",
            "revenue": 1744710
        },
        "2017-01": {
            "month": "2017-01",
            "price": "85.98",
            "revenue": 1967387
        },
        "2017-02": {
            "month": "2017-02",
            "price": "86.97",
            "revenue": 1692635
        },
        "2017-03": {
            "month": "2017-03",
            "price": "94.80",
            "revenue": 2029746
        },
        "2017-04": {
            "month": "2017-04",
            "price": "101.21",
            "revenue": 1663317
        },
        "2017-05": {
            "month": "2017-05",
            "price": "100.87",
            "revenue": 1621007
        },
        "2017-06": {
            "month": "2017-06",
            "price": "102.26",
            "revenue": 1712156
        },
        "2017-07": {
            "month": "2017-07",
            "price": "93.13",
            "revenue": 1778606
        },
        "2017-08": {
            "month": "2017-08",
            "price": "89.68",
            "revenue": 1716813
        },
        "2017-09": {
            "month": "2017-09",
            "price": "88.15",
            "revenue": 1965561
        },
        "2017-10": {
            "month": "2017-10",
            "price": "86.50",
            "revenue": 1739958
        },
        "2017-11": {
            "month": "2017-11",
            "price": "84.32",
            "revenue": 1738766
        },
        "2017-12": {
            "month": "2017-12",
            "price": "82.00",
            "revenue": 1338902
        },
        "2018-01": {
            "month": "2018-01",
            "price": "83.64",
            "revenue": 1714797
        },
        "2018-02": {
            "month": "2018-02",
            "price": "83.21",
            "revenue": 1316123
        },
        "2018-03": {
            "month": "2018-03",
            "price": "85.17",
            "revenue": 1768643
        },
        "2018-04": {
            "month": "2018-04",
            "price": "85.15",
            "revenue": 1450911
        },
        "2018-05": {
            "month": "2018-05",
            "price": "84.10",
            "revenue": 1433766
        },
        "2018-06": {
            "month": "2018-06",
            "price": "86.18",
            "revenue": 1527044
        },
        "2018-07": {
            "month": "2018-07",
            "price": "78.72",
            "revenue": 1554867
        },
        "2018-08": {
            "month": "2018-08",
            "price": "75.83",
            "revenue": 1562009
        },
        "2018-09": {
            "month": "2018-09",
            "price": "71.54",
            "revenue": 1314437
        },
        "2018-10": {
            "month": "2018-10",
            "price": "66.85",
            "revenue": 1523742
        },
        "2018-11": {
            "month": "2018-11",
            "price": "68.55",
            "revenue": 1408067
        },
        "2018-12": {
            "month": "2018-12",
            "price": "66.82",
            "revenue": 1041558
        },
        "2019-01": {
            "month": "2019-01",
            "price": "66.18",
            "revenue": 1371138
        },
        "2019-02": {
            "month": "2019-02",
            "price": "68.00",
            "revenue": 1086761
        },
        "2019-03": {
            "month": "2019-03",
            "price": "69.18",
            "revenue": 1222020
        },
        "2019-04": {
            "month": "2019-04",
            "price": "69.98",
            "revenue": 1071629
        },
        "2019-05": {
            "month": "2019-05",
            "price": "70.00",
            "revenue": 1091070
        },
        "2019-06": {
            "month": "2019-06",
            "price": "71.07",
            "revenue": 1001209
        },
        "2019-07": {
            "month": "2019-07",
            "price": "68.02",
            "revenue": 1233991
        },
        "2019-08": {
            "month": "2019-08",
            "price": "66.03",
            "revenue": 1087491
        },
        "2019-09": {
            "month": "2019-09",
            "price": "65.49",
            "revenue": 1044795
        },
        "2019-10": {
            "month": "2019-10",
            "price": "65.50",
            "revenue": 1153122
        },
        "2019-11": {
            "month": "2019-11",
            "price": "70.72",
            "revenue": 1166340
        },
        "2019-12": {
            "month": "2019-12",
            "price": "76.19",
            "revenue": 966619
        },
        "2020-01": {
            "month": "2020-01",
            "price": "77.49",
            "revenue": 1069559
        },
        "2020-02": {
            "month": "2020-02",
            "price": "79.77",
            "revenue": 1128924
        },
        "2020-03": {
            "month": "2020-03",
            "price": "72.52",
            "revenue": 1021927
        },
        "2020-04": {
            "month": "2020-04",
            "price": "69.08",
            "revenue": 790267
        },
        "2020-05": {
            "month": "2020-05",
            "price": "69.87",
            "revenue": 831925
        },
        "2020-06": {
            "month": "2020-06",
            "price": "71.92",
            "revenue": 863526
        },
        "2020-07": {
            "month": "2020-07",
            "price": "68.08",
            "revenue": 957237
        },
        "2020-08": {
            "month": "2020-08",
            "price": "65.00",
            "revenue": 811792
        },
        "2020-09": {
            "month": "2020-09",
            "price": "64.01",
            "revenue": 995864
        },
        "2020-10": {
            "month": "2020-10",
            "price": "62.69",
            "revenue": 966152
        },
        "2020-11": {
            "month": "2020-11",
            "price": "64.27",
            "revenue": 974783
        },
        "2020-12": {
            "month": "2020-12",
            "price": "65.05",
            "revenue": 1034741
        },
        "2021-01": {
            "month": "2021-01",
            "price": "63.46",
            "revenue": 1181561
        },
        "2021-02": {
            "month": "2021-02",
            "price": "63.81",
            "revenue": 969446
        },
        "2021-03": {
            "month": "2021-03",
            "price": "64.96",
            "revenue": 1347613
        },
        "2021-04": {
            "month": "2021-04",
            "price": "74.52",
            "revenue": 1289337
        },
        "2021-05": {
            "month": "2021-05",
            "price": "71.53",
            "revenue": 1277428
        },
        "2021-06": {
            "month": "2021-06",
            "price": "72.85",
            "revenue": 1227418
        },
        "2021-07": {
            "month": "2021-07",
            "price": "71.59",
            "revenue": 1320580
        },
        "2021-08": {
            "month": "2021-08",
            "price": "70.05",
            "revenue": 1141520
        },
        "2021-09": {
            "month": "2021-09",
            "price": "68.22",
            "revenue": 1061642
        },
        "2021-10": {
            "month": "2021-10",
            "price": "66.99",
            "revenue": 1175961
        },
        "2021-11": {
            "month": "2021-11",
            "price": "69.54",
            "revenue": 1179063
        },
        "2021-12": {
            "month": "2021-12",
            "price": "71.62",
            "revenue": 1143247
        },
        "2022-01": {
            "month": "2022-01",
            "price": "70.96",
            "revenue": 1170657
        },
        "2022-02": {
            "month": "2022-02",
            "price": "71.28",
            "revenue": 1047426
        },
        "2022-03": {
            "month": "2022-03",
            "price": "73.94",
            "revenue": 1231553
        },
        "2022-04": {
            "month": "2022-04",
            "price": "72.50",
            "revenue": 915455
        },
        "2022-05": {
            "month": "2022-05",
            "price": "71.17",
            "revenue": 1031705
        },
        "2022-06": {
            "month": "2022-06",
            "price": "70.91",
            "revenue": 1059329
        },
        "2022-07": {
            "month": "2022-07",
            "price": "60.71",
            "revenue": 1024394
        },
        "2022-08": {
            "month": "2022-08",
            "price": "65.26",
            "revenue": 1003703
        },
        "2022-09": {
            "month": "2022-09",
            "price": "65.21",
            "revenue": 1038116
        },
        "2022-10": {
            "month": "2022-10",
            "price": "65.34",
            "revenue": 903895
        },
        "2022-11": {
            "month": "2022-11",
            "price": "66.02",
            "revenue": 898683
        },
        "2022-12": {
            "month": "2022-12",
            "price": "66.69",
            "revenue": 797434
        },
        "2023-01": {
            "month": "2023-01",
            "price": "67.10",
            "revenue": 765562
        },
        "2023-02": {
            "month": "2023-02",
            "price": "68.76",
            "revenue": 804016
        },
        "2023-03": {
            "month": "2023-03",
            "price": "71.70",
            "revenue": 1039223
        },
        "2023-04": {
            "month": "2023-04",
            "price": "71.95",
            "revenue": 704162
        },
        "2023-05": {
            "month": "2023-05",
            "price": "72.45",
            "revenue": 846259
        },
        "2023-06": {
            "month": "2023-06",
            "price": "77.62",
            "revenue": 919155
        },
        "2023-07": {
            "month": "2023-07",
            "price": "72.90",
            "revenue": 808006
        },
        "2023-08": {
            "month": "2023-08",
            "price": "71.05",
            "revenue": 877679
        },
        "2023-09": {
            "month": "2023-09",
            "price": "73.38",
            "revenue": 1041420
        }
    }
}
