{
    "summary": {
        "stock_name": "凌群",
        "stock_id": "2453",
        "category": "資訊服務",
        "main_business": "電腦系統之出租與銷售、電腦系統整合及電腦軟硬體維護等",
        "website_url": "http://www.syscom.com.tw",
        "ceo": "劉瑞隆",
        "pe_ratio": 28,
        "report_year_from": 2001,
        "report_year_to": 2023,
        "age": 22,
        "eps_negative_percentage": 13,
        "eps_growth_avg": {
            "last_all": 7.69,
            "last_2y": 24.68,
            "last_4y": 28.65,
            "last_8y": 16.75,
            "last_12y": 20.53,
            "last_16y": 23.42,
            "last_20y": 7.69,
            "at_2006_last_3y": -56.45,
            "at_2007_last_3y": -56.45,
            "at_2008_last_3y": -36.11,
            "at_2009_last_3y": 42.15,
            "at_2010_last_3y": 49.4,
            "at_2011_last_3y": 39.17,
            "at_2012_last_3y": 38.86,
            "at_2013_last_3y": 29.05,
            "at_2014_last_3y": 13.61,
            "at_2015_last_3y": 3.5,
            "at_2016_last_3y": -2.76,
            "at_2017_last_3y": 1.87,
            "at_2018_last_3y": -6.35,
            "at_2019_last_3y": 26.64,
            "at_2020_last_3y": 33.96,
            "at_2021_last_3y": 31.76,
            "at_2022_last_3y": 43.51,
            "at_2023_last_3y": 43.51,
            "at_2006_last_all": -70.97,
            "at_2007_last_all": -70.97,
            "at_2008_last_all": -46.28,
            "at_2009_last_all": -25.72,
            "at_2010_last_all": -10.79,
            "at_2011_last_all": -8.03,
            "at_2012_last_all": -3.71,
            "at_2013_last_all": -1.38,
            "at_2014_last_all": -1.03,
            "at_2015_last_all": -3.84,
            "at_2016_last_all": -3.39,
            "at_2017_last_all": -0.38,
            "at_2018_last_all": -2.55,
            "at_2019_last_all": 4.29,
            "at_2020_last_all": 5.94,
            "at_2021_last_all": 7.19,
            "at_2022_last_all": 7.69,
            "at_2023_last_all": 7.69
        },
        "latest_eps": 2.66,
        "latest_price": 74.5,
        "latest_roe": 12.45,
        "latest_gross_margin": 26.76,
        "latest_equity": 2140125,
        "latest_revenue": 1246921,
        "latest_gross_profit": 333669,
        "latest_net_income": 83991,
        "latest_debt_ratio": 48.85,
        "latest_current_ratio": 180.61,
        "latest_account_receivable_turnover_ratio": 1.08,
        "latest_inventory_turnover_ratio": 1.8,
        "latest_reinvestment_rate": -17.99,
        "latest_research_to_sale_ratio": 4.28
    },
    "eps_dividends": {
        "2001": {
            "cash": 1,
            "stock": 2,
            "eps": 1.58
        },
        "2002": {
            "cash": 1,
            "stock": 1,
            "eps": -0.13
        },
        "2003": {
            "cash": 0,
            "stock": 0,
            "eps": 0.31
        },
        "2004": {
            "cash": 0,
            "stock": 0,
            "eps": 0.27
        },
        "2005": {
            "cash": 0,
            "stock": 1,
            "eps": -0.2
        },
        "2006": {
            "cash": 0,
            "stock": 0,
            "eps": -0.57
        },
        "2007": {
            "cash": 0,
            "stock": 0,
            "eps": 0.18
        },
        "2008": {
            "cash": 0,
            "stock": 0,
            "eps": 0.23
        },
        "2009": {
            "cash": 0,
            "stock": 0,
            "eps": 0.36
        },
        "2010": {
            "cash": 0,
            "stock": 0,
            "eps": 0.59
        },
        "2011": {
            "cash": 1,
            "stock": 0,
            "eps": 0.64
        },
        "2012": {
            "cash": 0,
            "stock": 0,
            "eps": 0.81
        },
        "2013": {
            "cash": 1,
            "stock": 0,
            "eps": 0.95
        },
        "2014": {
            "cash": 1,
            "stock": 0,
            "eps": 0.97
        },
        "2015": {
            "cash": 1,
            "stock": 0,
            "eps": 0.66
        },
        "2016": {
            "cash": 1,
            "stock": 0,
            "eps": 0.67
        },
        "2017": {
            "cash": 1,
            "stock": 0,
            "eps": 0.91
        },
        "2018": {
            "cash": 1,
            "stock": 0,
            "eps": 0.63
        },
        "2019": {
            "cash": 1,
            "stock": 0,
            "eps": 1.3
        },
        "2020": {
            "cash": 1,
            "stock": 0,
            "eps": 1.7
        },
        "2021": {
            "cash": 2,
            "stock": 0,
            "eps": 2.16
        },
        "2022": {
            "cash": 2,
            "stock": 0,
            "eps": 2.51
        },
        "2023": {
            "cash": 2,
            "stock": 0,
            "eps": 0.84
        }
    },
    "dividends": {
        "2001-04-24": {
            "cash": 0.5,
            "stock": 1.5
        },
        "2002-05-31": {
            "cash": 1,
            "stock": 0.5
        },
        "2004-02-27": {
            "cash": 0.3,
            "stock": 0
        },
        "2005-03-22": {
            "cash": 0.06,
            "stock": 0.55
        },
        "2010-03-25": {
            "cash": 0.35,
            "stock": 0
        },
        "2011-01-01": {
            "cash": 0.5,
            "stock": 0
        },
        "2013-03-22": {
            "cash": 0.5,
            "stock": 0
        },
        "2014-08-25": {
            "cash": 0.6,
            "stock": 0
        },
        "2015-08-14": {
            "cash": 0.6,
            "stock": 0
        },
        "2016-08-17": {
            "cash": 0.5,
            "stock": 0
        },
        "2017-08-11": {
            "cash": 0.5,
            "stock": 0
        },
        "2018-08-16": {
            "cash": 0.7,
            "stock": 0
        },
        "2019-08-12": {
            "cash": 0.5,
            "stock": 0
        },
        "2020-08-07": {
            "cash": 1,
            "stock": 0
        },
        "2021-09-24": {
            "cash": 1.5,
            "stock": 0
        },
        "2022-08-09": {
            "cash": 1.9,
            "stock": 0
        },
        "2023-03-17": {
            "cash": 2.2,
            "stock": 0
        }
    },
    "prices": {
        "200101": "無",
        "200102": "無",
        "200103": "無",
        "200104": "無",
        "200105": "44.18",
        "200106": "32.80",
        "200107": "23.21",
        "200108": "22.76",
        "200109": "17.81",
        "200110": "14.94",
        "200111": "18.09",
        "200112": "22.72",
        "200201": "24.83",
        "200202": "22.48",
        "200203": "23.34",
        "200204": "23.49",
        "200205": "18.40",
        "200206": "16.99",
        "200207": "14.67",
        "200208": "13.31",
        "200209": "11.60",
        "200210": "11.31",
        "200211": "11.15",
        "200212": "10.48",
        "200301": "11.33",
        "200302": "12.66",
        "200303": "10.98",
        "200304": "10.81",
        "200305": "10.61",
        "200306": "12.12",
        "200307": "15.78",
        "200308": "14.53",
        "200309": "12.84",
        "200310": "13.17",
        "200311": "14.30",
        "200312": "14.66",
        "200401": "15.15",
        "200402": "15.68",
        "200403": "14.34",
        "200404": "13.10",
        "200405": "11.19",
        "200406": "11.37",
        "200407": "10.59",
        "200408": "10.18",
        "200409": "10.55",
        "200410": "10.21",
        "200411": "10.10",
        "200412": "10.03",
        "200501": "10.18",
        "200502": "10.41",
        "200503": "10.81",
        "200504": "10.24",
        "200505": "9.77",
        "200506": "10.24",
        "200507": "10.97",
        "200508": "9.80",
        "200509": "9.28",
        "200510": "8.73",
        "200511": "8.16",
        "200512": "8.53",
        "200601": "8.48",
        "200602": "7.96",
        "200603": "7.47",
        "200604": "7.60",
        "200605": "7.89",
        "200606": "7.63",
        "200607": "6.81",
        "200608": "6.71",
        "200609": "6.60",
        "200610": "7.26",
        "200611": "7.44",
        "200612": "8.29",
        "200701": "10.38",
        "200702": "10.64",
        "200703": "11.41",
        "200704": "11.42",
        "200705": "10.70",
        "200706": "13.68",
        "200707": "18.31",
        "200708": "15.55",
        "200709": "14.56",
        "200710": "15.68",
        "200711": "11.88",
        "200712": "9.61",
        "200801": "8.61",
        "200802": "8.59",
        "200803": "9.59",
        "200804": "10.46",
        "200805": "12.76",
        "200806": "9.83",
        "200807": "8.52",
        "200808": "8.70",
        "200809": "7.86",
        "200810": "7.06",
        "200811": "6.68",
        "200812": "6.32",
        "200901": "6.34",
        "200902": "6.58",
        "200903": "7.57",
        "200904": "9.18",
        "200905": "8.75",
        "200906": "8.50",
        "200907": "8.66",
        "200908": "9.05",
        "200909": "9.05",
        "200910": "10.16",
        "200911": "11.33",
        "200912": "16.24",
        "201001": "15.89",
        "201002": "14.79",
        "201003": "16.93",
        "201004": "17.97",
        "201005": "15.45",
        "201006": "15.75",
        "201007": "17.25",
        "201008": "15.81",
        "201009": "15.26",
        "201010": "14.79",
        "201011": "13.62",
        "201012": "14.39",
        "201101": "14.16",
        "201102": "13.26",
        "201103": "12.09",
        "201104": "11.93",
        "201105": "11.25",
        "201106": "12.75",
        "201107": "12.72",
        "201108": "10.26",
        "201109": "10.34",
        "201110": "11.16",
        "201111": "10.74",
        "201112": "9.73",
        "201201": "10.03",
        "201202": "13.08",
        "201203": "12.23",
        "201204": "10.82",
        "201205": "10.48",
        "201206": "9.91",
        "201207": "9.77",
        "201208": "11.07",
        "201209": "12.04",
        "201210": "11.35",
        "201211": "10.39",
        "201212": "11.45",
        "201301": "11.70",
        "201302": "11.47",
        "201303": "11.43",
        "201304": "11.66",
        "201305": "11.66",
        "201306": "11.36",
        "201307": "11.08",
        "201308": "12.56",
        "201309": "13.24",
        "201310": "13.82",
        "201311": "14.59",
        "201312": "16.22",
        "201401": "17.79",
        "201402": "16.94",
        "201403": "18.49",
        "201404": "17.17",
        "201405": "15.88",
        "201406": "16.30",
        "201407": "15.40",
        "201408": "14.41",
        "201409": "15.65",
        "201410": "14.82",
        "201411": "13.64",
        "201412": "13.31",
        "201501": "15.43",
        "201502": "14.82",
        "201503": "15.37",
        "201504": "14.52",
        "201505": "13.58",
        "201506": "12.19",
        "201507": "11.32",
        "201508": "9.90",
        "201509": "10.32",
        "201510": "11.44",
        "201511": "11.30",
        "201512": "10.79",
        "201601": "10.08",
        "201602": "10.25",
        "201603": "11.34",
        "201604": "11.23",
        "201605": "10.71",
        "201606": "10.76",
        "201607": "11.33",
        "201608": "11.34",
        "201609": "11.40",
        "201610": "11.14",
        "201611": "10.47",
        "201612": "10.59",
        "201701": "10.79",
        "201702": "11.49",
        "201703": "12.28",
        "201704": "12.45",
        "201705": "12.82",
        "201706": "12.39",
        "201707": "12.48",
        "201708": "12.96",
        "201709": "13.40",
        "201710": "13.60",
        "201711": "13.80",
        "201712": "13.79",
        "201801": "14.99",
        "201802": "13.90",
        "201803": "14.64",
        "201804": "14.35",
        "201805": "14.07",
        "201806": "14.24",
        "201807": "13.35",
        "201808": "13.32",
        "201809": "12.49",
        "201810": "11.40",
        "201811": "11.35",
        "201812": "11.25",
        "201901": "11.73",
        "201902": "13.46",
        "201903": "13.62",
        "201904": "13.73",
        "201905": "14.07",
        "201906": "14.74",
        "201907": "16.80",
        "201908": "17.40",
        "201909": "16.54",
        "201910": "16.58",
        "201911": "16.81",
        "201912": "16.86",
        "202001": "17.05",
        "202002": "16.28",
        "202003": "13.90",
        "202004": "15.83",
        "202005": "16.55",
        "202006": "17.82",
        "202007": "17.81",
        "202008": "17.58",
        "202009": "17.32",
        "202010": "16.84",
        "202011": "16.73",
        "202012": "17.76",
        "202101": "17.34",
        "202102": "17.19",
        "202103": "19.88",
        "202104": "26.36",
        "202105": "25.39",
        "202106": "25.14",
        "202107": "25.27",
        "202108": "24.38",
        "202109": "22.14",
        "202110": "22.56",
        "202111": "25.13",
        "202112": "27.86",
        "202201": "28.31",
        "202202": "25.52",
        "202203": "26.13",
        "202204": "28.98",
        "202205": "27.18",
        "202206": "26.61",
        "202207": "25.42",
        "202208": "26.69",
        "202209": "24.87",
        "202210": "23.85",
        "202211": "24.71",
        "202212": "25.30",
        "202301": "25.77",
        "202302": "36.25",
        "202303": "61.24",
        "202304": "70.74",
        "202305": "68.28"
    },
    "quarters": {
        "20011": {
            "year_quarter": 20011,
            "year": 2001,
            "quarter": 1,
            "eps": 0.12,
            "eps_growth_year": -58.62,
            "eps_4q": 1.81,
            "eps_4q_growth_year": null,
            "roe": 0.67,
            "roe_4q": 0.67,
            "gross_profit": 154556,
            "gross_margin": 26.56,
            "gross_margin_4q_avg": 26.56,
            "net_income": 10261,
            "revenue": 581933,
            "common_shares": 756000,
            "book_valuer_per_share": 20.29,
            "book_valuer_per_share_4q_avg": 20.29,
            "equity": 1534280,
            "current_ratio": 242.22,
            "debt_ratio": 31.86,
            "inventory_turnover_ratio": 1.09,
            "account_receivable_turnover_ratio": null,
            "reinvestment_rate": null,
            "research_to_sale_ratio": null,
            "price_fair": 0,
            "eps_avg_yearly": 0,
            "eps_latest_yearly": 0,
            "eps_growth_yearly": 0
        },
        "20012": {
            "year_quarter": 20012,
            "year": 2001,
            "quarter": 2,
            "eps": 0,
            "eps_growth_year": -100,
            "eps_4q": 1.28,
            "eps_4q_growth_year": null,
            "roe": 0.02,
            "roe_4q": 0.6900000000000001,
            "gross_profit": 139651,
            "gross_margin": 18.08,
            "gross_margin_4q_avg": 22.32,
            "net_income": 227,
            "revenue": 772511,
            "common_shares": 884520,
            "book_valuer_per_share": 16.97,
            "book_valuer_per_share_4q_avg": 18.63,
            "equity": 1501011,
            "current_ratio": 180.65,
            "debt_ratio": 45.22,
            "inventory_turnover_ratio": 1.82,
            "account_receivable_turnover_ratio": null,
            "reinvestment_rate": null,
            "research_to_sale_ratio": null,
            "price_fair": 0,
            "eps_avg_yearly": 0,
            "eps_latest_yearly": 0,
            "eps_growth_yearly": 0
        },
        "20013": {
            "year_quarter": 20013,
            "year": 2001,
            "quarter": 3,
            "eps": 0.67,
            "eps_growth_year": 415.38,
            "eps_4q": 1.84,
            "eps_4q_growth_year": null,
            "roe": 3.86,
            "roe_4q": 4.55,
            "gross_profit": 141328,
            "gross_margin": 37.48,
            "gross_margin_4q_avg": 27.37,
            "net_income": 59071,
            "revenue": 377043,
            "common_shares": 884520,
            "book_valuer_per_share": 17.66,
            "book_valuer_per_share_4q_avg": 18.31,
            "equity": 1561919,
            "current_ratio": 224.68,
            "debt_ratio": 36.73,
            "inventory_turnover_ratio": 0.58,
            "account_receivable_turnover_ratio": null,
            "reinvestment_rate": null,
            "research_to_sale_ratio": null,
            "price_fair": 0,
            "eps_avg_yearly": 0,
            "eps_latest_yearly": 0,
            "eps_growth_yearly": 0
        },
        "20014": {
            "year_quarter": 20014,
            "year": 2001,
            "quarter": 4,
            "eps": 0.79,
            "eps_growth_year": -35.77,
            "eps_4q": 1.58,
            "eps_4q_growth_year": -28.47,
            "roe": 4.38,
            "roe_4q": 8.93,
            "gross_profit": 188738,
            "gross_margin": 20.74,
            "gross_margin_4q_avg": 25.72,
            "net_income": 69951,
            "revenue": 910239,
            "common_shares": 884520,
            "book_valuer_per_share": 18.46,
            "book_valuer_per_share_4q_avg": 18.35,
            "equity": 1632464,
            "current_ratio": 228.48,
            "debt_ratio": 36.8,
            "inventory_turnover_ratio": 1.46,
            "account_receivable_turnover_ratio": null,
            "reinvestment_rate": null,
            "research_to_sale_ratio": null,
            "price_fair": 0,
            "eps_avg_yearly": 0,
            "eps_latest_yearly": 0,
            "eps_growth_yearly": 0
        },
        "20021": {
            "year_quarter": 20021,
            "year": 2002,
            "quarter": 1,
            "eps": -0.07,
            "eps_growth_year": -158.33,
            "eps_4q": 1.43,
            "eps_4q_growth_year": -21.15,
            "roe": -0.37,
            "roe_4q": 7.889999999999999,
            "gross_profit": 83142,
            "gross_margin": 21.75,
            "gross_margin_4q_avg": 24.51,
            "net_income": -6050,
            "revenue": 382277,
            "common_shares": 884520,
            "book_valuer_per_share": 18.39,
            "book_valuer_per_share_4q_avg": 17.87,
            "equity": 1626615,
            "current_ratio": 304.13,
            "debt_ratio": 27.31,
            "inventory_turnover_ratio": 0.6,
            "account_receivable_turnover_ratio": null,
            "reinvestment_rate": null,
            "research_to_sale_ratio": null,
            "price_fair": 0,
            "eps_avg_yearly": 0,
            "eps_latest_yearly": 0,
            "eps_growth_yearly": 0
        },
        "20022": {
            "year_quarter": 20022,
            "year": 2002,
            "quarter": 2,
            "eps": -0.08,
            "eps_growth_year": null,
            "eps_4q": 1.31,
            "eps_4q_growth_year": 2.29,
            "roe": -0.44,
            "roe_4q": 7.43,
            "gross_profit": 81268,
            "gross_margin": 23.02,
            "gross_margin_4q_avg": 25.75,
            "net_income": -7007,
            "revenue": 353108,
            "common_shares": 884520,
            "book_valuer_per_share": 17.25,
            "book_valuer_per_share_4q_avg": 17.94,
            "equity": 1526146,
            "current_ratio": 299.41,
            "debt_ratio": 27.21,
            "inventory_turnover_ratio": 0.6,
            "account_receivable_turnover_ratio": null,
            "reinvestment_rate": null,
            "research_to_sale_ratio": null,
            "price_fair": 0,
            "eps_avg_yearly": 0,
            "eps_latest_yearly": 0,
            "eps_growth_yearly": 0
        },
        "20023": {
            "year_quarter": 20023,
            "year": 2002,
            "quarter": 3,
            "eps": -0.12,
            "eps_growth_year": -117.91,
            "eps_4q": 0.48,
            "eps_4q_growth_year": -74.02,
            "roe": -0.77,
            "roe_4q": 2.8,
            "gross_profit": 97808,
            "gross_margin": 16.19,
            "gross_margin_4q_avg": 20.43,
            "net_income": -11761,
            "revenue": 604203,
            "common_shares": 942014,
            "book_valuer_per_share": 16.12,
            "book_valuer_per_share_4q_avg": 17.56,
            "equity": 1518323,
            "current_ratio": 337.43,
            "debt_ratio": 23.93,
            "inventory_turnover_ratio": 1.37,
            "account_receivable_turnover_ratio": null,
            "reinvestment_rate": null,
            "research_to_sale_ratio": null,
            "price_fair": 0,
            "eps_avg_yearly": 0,
            "eps_latest_yearly": 0,
            "eps_growth_yearly": 0
        },
        "20024": {
            "year_quarter": 20024,
            "year": 2002,
            "quarter": 4,
            "eps": 0.14,
            "eps_growth_year": -82.28,
            "eps_4q": -0.13,
            "eps_4q_growth_year": -108.16,
            "roe": 0.85,
            "roe_4q": -0.73,
            "gross_profit": 111293,
            "gross_margin": 21.08,
            "gross_margin_4q_avg": 20.51,
            "net_income": 12939,
            "revenue": 527865,
            "common_shares": 942014,
            "book_valuer_per_share": 16.29,
            "book_valuer_per_share_4q_avg": 17.01,
            "equity": 1539935,
            "current_ratio": 316.23,
            "debt_ratio": 25.79,
            "inventory_turnover_ratio": 1.34,
            "account_receivable_turnover_ratio": null,
            "reinvestment_rate": null,
            "research_to_sale_ratio": null,
            "price_fair": 0,
            "eps_avg_yearly": 0,
            "eps_latest_yearly": 0,
            "eps_growth_yearly": 0
        },
        "20031": {
            "year_quarter": 20031,
            "year": 2003,
            "quarter": 1,
            "eps": -0.05,
            "eps_growth_year": null,
            "eps_4q": -0.12,
            "eps_4q_growth_year": -108.08,
            "roe": -0.29,
            "roe_4q": -0.6499999999999999,
            "gross_profit": 91267,
            "gross_margin": 28.37,
            "gross_margin_4q_avg": 22.17,
            "net_income": -4468,
            "revenue": 321731,
            "common_shares": 942014,
            "book_valuer_per_share": 16.24,
            "book_valuer_per_share_4q_avg": 16.48,
            "equity": 1530073,
            "current_ratio": 444.96,
            "debt_ratio": 19.69,
            "inventory_turnover_ratio": 0.77,
            "account_receivable_turnover_ratio": null,
            "reinvestment_rate": null,
            "research_to_sale_ratio": null,
            "price_fair": 0,
            "eps_avg_yearly": 0,
            "eps_latest_yearly": 0,
            "eps_growth_yearly": 0
        },
        "20032": {
            "year_quarter": 20032,
            "year": 2003,
            "quarter": 2,
            "eps": -0.03,
            "eps_growth_year": null,
            "eps_4q": -0.06,
            "eps_4q_growth_year": -104.8,
            "roe": -0.17,
            "roe_4q": -0.38,
            "gross_profit": 86769,
            "gross_margin": 14.83,
            "gross_margin_4q_avg": 20.12,
            "net_income": -2643,
            "revenue": 585159,
            "common_shares": 942014,
            "book_valuer_per_share": 16.21,
            "book_valuer_per_share_4q_avg": 16.22,
            "equity": 1527027,
            "current_ratio": 247.46,
            "debt_ratio": 31.11,
            "inventory_turnover_ratio": 1.28,
            "account_receivable_turnover_ratio": null,
            "reinvestment_rate": null,
            "research_to_sale_ratio": null,
            "price_fair": 0,
            "eps_avg_yearly": 0,
            "eps_latest_yearly": 0,
            "eps_growth_yearly": 0
        },
        "20033": {
            "year_quarter": 20033,
            "year": 2003,
            "quarter": 3,
            "eps": 0.27,
            "eps_growth_year": null,
            "eps_4q": 0.33,
            "eps_4q_growth_year": -30.74,
            "roe": 1.66,
            "roe_4q": 2.05,
            "gross_profit": 137826,
            "gross_margin": 19.08,
            "gross_margin_4q_avg": 20.84,
            "net_income": 25457,
            "revenue": 722235,
            "common_shares": 942014,
            "book_valuer_per_share": 16.43,
            "book_valuer_per_share_4q_avg": 16.29,
            "equity": 1548184,
            "current_ratio": 270.51,
            "debt_ratio": 27.6,
            "inventory_turnover_ratio": 1.44,
            "account_receivable_turnover_ratio": null,
            "reinvestment_rate": null,
            "research_to_sale_ratio": null,
            "price_fair": 0,
            "eps_avg_yearly": 0,
            "eps_latest_yearly": 0,
            "eps_growth_yearly": 0
        },
        "20034": {
            "year_quarter": 20034,
            "year": 2003,
            "quarter": 4,
            "eps": 0.12,
            "eps_growth_year": -14.29,
            "eps_4q": 0.32,
            "eps_4q_growth_year": null,
            "roe": 0.7,
            "roe_4q": 1.9,
            "gross_profit": 145409,
            "gross_margin": 20.75,
            "gross_margin_4q_avg": 20.76,
            "net_income": 10940,
            "revenue": 700625,
            "common_shares": 942014,
            "book_valuer_per_share": 16.57,
            "book_valuer_per_share_4q_avg": 16.36,
            "equity": 1566973,
            "current_ratio": 242.7,
            "debt_ratio": 31.29,
            "inventory_turnover_ratio": 1.94,
            "account_receivable_turnover_ratio": null,
            "reinvestment_rate": -19.39,
            "research_to_sale_ratio": null,
            "price_fair": 1.44,
            "eps_avg_yearly": 0.48,
            "eps_latest_yearly": 0.48,
            "eps_growth_yearly": -222.22
        },
        "20041": {
            "year_quarter": 20041,
            "year": 2004,
            "quarter": 1,
            "eps": -0.14,
            "eps_growth_year": null,
            "eps_4q": 0.23,
            "eps_4q_growth_year": null,
            "roe": -0.83,
            "roe_4q": 1.3599999999999999,
            "gross_profit": 70765,
            "gross_margin": 20.98,
            "gross_margin_4q_avg": 18.91,
            "net_income": -12879,
            "revenue": 337244,
            "common_shares": 942014,
            "book_valuer_per_share": 16.39,
            "book_valuer_per_share_4q_avg": 16.4,
            "equity": 1543712,
            "current_ratio": 420.75,
            "debt_ratio": 20.1,
            "inventory_turnover_ratio": 1.12,
            "account_receivable_turnover_ratio": null,
            "reinvestment_rate": -16.75,
            "research_to_sale_ratio": null,
            "price_fair": 1.44,
            "eps_avg_yearly": 0.48,
            "eps_latest_yearly": 0.48,
            "eps_growth_yearly": -222.22
        },
        "20042": {
            "year_quarter": 20042,
            "year": 2004,
            "quarter": 2,
            "eps": 0.29,
            "eps_growth_year": null,
            "eps_4q": 0.54,
            "eps_4q_growth_year": null,
            "roe": 1.74,
            "roe_4q": 3.2699999999999996,
            "gross_profit": 144535,
            "gross_margin": 25.26,
            "gross_margin_4q_avg": 21.52,
            "net_income": 26859,
            "revenue": 572134,
            "common_shares": 942014,
            "book_valuer_per_share": 16.4,
            "book_valuer_per_share_4q_avg": 16.45,
            "equity": 1545294,
            "current_ratio": 358.98,
            "debt_ratio": 22.47,
            "inventory_turnover_ratio": 1.73,
            "account_receivable_turnover_ratio": null,
            "reinvestment_rate": -16.91,
            "research_to_sale_ratio": null,
            "price_fair": 1.44,
            "eps_avg_yearly": 0.48,
            "eps_latest_yearly": 0.48,
            "eps_growth_yearly": -222.22
        },
        "20043": {
            "year_quarter": 20043,
            "year": 2004,
            "quarter": 3,
            "eps": 0.06,
            "eps_growth_year": -77.78,
            "eps_4q": 0.32,
            "eps_4q_growth_year": -4.29,
            "roe": 0.37,
            "roe_4q": 1.9799999999999998,
            "gross_profit": 106065,
            "gross_margin": 21.54,
            "gross_margin_4q_avg": 22.13,
            "net_income": 5805,
            "revenue": 492519,
            "common_shares": 942014,
            "book_valuer_per_share": 16.47,
            "book_valuer_per_share_4q_avg": 16.46,
            "equity": 1551444,
            "current_ratio": 349.91,
            "debt_ratio": 23.46,
            "inventory_turnover_ratio": 1.47,
            "account_receivable_turnover_ratio": null,
            "reinvestment_rate": -17.57,
            "research_to_sale_ratio": null,
            "price_fair": 1.08,
            "eps_avg_yearly": 0.36,
            "eps_latest_yearly": 0.24,
            "eps_growth_yearly": -269.73
        },
        "20044": {
            "year_quarter": 20044,
            "year": 2004,
            "quarter": 4,
            "eps": 0.06,
            "eps_growth_year": -50,
            "eps_4q": 0.27,
            "eps_4q_growth_year": -16.93,
            "roe": 0.37,
            "roe_4q": 1.65,
            "gross_profit": 131757,
            "gross_margin": 15.63,
            "gross_margin_4q_avg": 20.85,
            "net_income": 5739,
            "revenue": 842965,
            "common_shares": 942014,
            "book_valuer_per_share": 16.41,
            "book_valuer_per_share_4q_avg": 16.42,
            "equity": 1555025,
            "current_ratio": 234.12,
            "debt_ratio": 31.48,
            "inventory_turnover_ratio": 2.81,
            "account_receivable_turnover_ratio": null,
            "reinvestment_rate": -19.96,
            "research_to_sale_ratio": null,
            "price_fair": 0.96,
            "eps_avg_yearly": 0.32,
            "eps_latest_yearly": 0.24,
            "eps_growth_yearly": -179.82
        },
        "20051": {
            "year_quarter": 20051,
            "year": 2005,
            "quarter": 1,
            "eps": -0.15,
            "eps_growth_year": null,
            "eps_4q": 0.27,
            "eps_4q_growth_year": 19.71,
            "roe": -0.89,
            "roe_4q": 1.5899999999999999,
            "gross_profit": 77146,
            "gross_margin": 22.96,
            "gross_margin_4q_avg": 21.35,
            "net_income": -13662,
            "revenue": 336041,
            "common_shares": 942014,
            "book_valuer_per_share": 16.18,
            "book_valuer_per_share_4q_avg": 16.37,
            "equity": 1524120,
            "current_ratio": 267.63,
            "debt_ratio": 26.85,
            "inventory_turnover_ratio": 0.94,
            "account_receivable_turnover_ratio": null,
            "reinvestment_rate": -20.68,
            "research_to_sale_ratio": null,
            "price_fair": 0.96,
            "eps_avg_yearly": 0.32,
            "eps_latest_yearly": 0.24,
            "eps_growth_yearly": -179.82
        },
        "20052": {
            "year_quarter": 20052,
            "year": 2005,
            "quarter": 2,
            "eps": -0.18,
            "eps_growth_year": -162.07,
            "eps_4q": -0.2,
            "eps_4q_growth_year": -137.19,
            "roe": -1.12,
            "roe_4q": -1.27,
            "gross_profit": 103309,
            "gross_margin": 20.1,
            "gross_margin_4q_avg": 20.06,
            "net_income": -16940,
            "revenue": 513945,
            "common_shares": 942014,
            "book_valuer_per_share": 15.89,
            "book_valuer_per_share_4q_avg": 16.24,
            "equity": 1497139,
            "current_ratio": 266.07,
            "debt_ratio": 27.18,
            "inventory_turnover_ratio": 1.35,
            "account_receivable_turnover_ratio": null,
            "reinvestment_rate": -13.4,
            "research_to_sale_ratio": null,
            "price_fair": 0.96,
            "eps_avg_yearly": 0.32,
            "eps_latest_yearly": 0.24,
            "eps_growth_yearly": -179.82
        },
        "20053": {
            "year_quarter": 20053,
            "year": 2005,
            "quarter": 3,
            "eps": -0.08,
            "eps_growth_year": -233.33,
            "eps_4q": -0.33,
            "eps_4q_growth_year": -204.18,
            "roe": -0.55,
            "roe_4q": -2.19,
            "gross_profit": 94289,
            "gross_margin": 20.46,
            "gross_margin_4q_avg": 19.79,
            "net_income": -8223,
            "revenue": 460902,
            "common_shares": 1000000,
            "book_valuer_per_share": 14.95,
            "book_valuer_per_share_4q_avg": 15.86,
            "equity": 1494858,
            "current_ratio": 356.1,
            "debt_ratio": 21.65,
            "inventory_turnover_ratio": 1.32,
            "account_receivable_turnover_ratio": null,
            "reinvestment_rate": -18.18,
            "research_to_sale_ratio": null,
            "price_fair": 0.96,
            "eps_avg_yearly": 0.32,
            "eps_latest_yearly": 0.24,
            "eps_growth_yearly": -179.82
        },
        "20054": {
            "year_quarter": 20054,
            "year": 2005,
            "quarter": 4,
            "eps": 0.21,
            "eps_growth_year": 250,
            "eps_4q": -0.17,
            "eps_4q_growth_year": -164.81,
            "roe": 1.41,
            "roe_4q": -1.1500000000000004,
            "gross_profit": 138615,
            "gross_margin": 21.63,
            "gross_margin_4q_avg": 21.29,
            "net_income": 21291,
            "revenue": 640992,
            "common_shares": 1000000,
            "book_valuer_per_share": 15.11,
            "book_valuer_per_share_4q_avg": 15.53,
            "equity": 1520855,
            "current_ratio": 228.27,
            "debt_ratio": 34.68,
            "inventory_turnover_ratio": 1.6,
            "account_receivable_turnover_ratio": null,
            "reinvestment_rate": 219.77,
            "research_to_sale_ratio": null,
            "price_fair": 0.96,
            "eps_avg_yearly": 0.32,
            "eps_latest_yearly": 0.24,
            "eps_growth_yearly": -179.82
        },
        "20061": {
            "year_quarter": 20061,
            "year": 2006,
            "quarter": 1,
            "eps": -0.27,
            "eps_growth_year": null,
            "eps_4q": -0.31,
            "eps_4q_growth_year": -213.44,
            "roe": -1.83,
            "roe_4q": -2.0900000000000003,
            "gross_profit": 76623,
            "gross_margin": 24.92,
            "gross_margin_4q_avg": 21.78,
            "net_income": -27413,
            "revenue": 307443,
            "common_shares": 1000000,
            "book_valuer_per_share": 14.82,
            "book_valuer_per_share_4q_avg": 15.19,
            "equity": 1482097,
            "current_ratio": 413.74,
            "debt_ratio": 19.34,
            "inventory_turnover_ratio": 0.77,
            "account_receivable_turnover_ratio": null,
            "reinvestment_rate": 457.96,
            "research_to_sale_ratio": null,
            "price_fair": 0.96,
            "eps_avg_yearly": 0.32,
            "eps_latest_yearly": 0.24,
            "eps_growth_yearly": -179.82
        },
        "20062": {
            "year_quarter": 20062,
            "year": 2006,
            "quarter": 2,
            "eps": -0.38,
            "eps_growth_year": null,
            "eps_4q": -0.52,
            "eps_4q_growth_year": null,
            "roe": -2.59,
            "roe_4q": -3.5599999999999996,
            "gross_profit": 68487,
            "gross_margin": 25.23,
            "gross_margin_4q_avg": 23.06,
            "net_income": -37801,
            "revenue": 271407,
            "common_shares": 1000000,
            "book_valuer_per_share": 14.41,
            "book_valuer_per_share_4q_avg": 14.82,
            "equity": 1440702,
            "current_ratio": 427.94,
            "debt_ratio": 18.9,
            "inventory_turnover_ratio": 0.71,
            "account_receivable_turnover_ratio": null,
            "reinvestment_rate": null,
            "research_to_sale_ratio": null,
            "price_fair": 0.96,
            "eps_avg_yearly": 0.32,
            "eps_latest_yearly": 0.24,
            "eps_growth_yearly": -179.82
        },
        "20063": {
            "year_quarter": 20063,
            "year": 2006,
            "quarter": 3,
            "eps": -0.16,
            "eps_growth_year": null,
            "eps_4q": -0.6,
            "eps_4q_growth_year": null,
            "roe": -1.1,
            "roe_4q": -4.109999999999999,
            "gross_profit": 87011,
            "gross_margin": 18.48,
            "gross_margin_4q_avg": 22.57,
            "net_income": -15813,
            "revenue": 470806,
            "common_shares": 1000000,
            "book_valuer_per_share": 14.43,
            "book_valuer_per_share_4q_avg": 14.69,
            "equity": 1442730,
            "current_ratio": 396.39,
            "debt_ratio": 19.76,
            "inventory_turnover_ratio": 1.45,
            "account_receivable_turnover_ratio": null,
            "reinvestment_rate": null,
            "research_to_sale_ratio": null,
            "price_fair": 0.96,
            "eps_avg_yearly": 0.32,
            "eps_latest_yearly": 0.24,
            "eps_growth_yearly": -179.82
        },
        "20064": {
            "year_quarter": 20064,
            "year": 2006,
            "quarter": 4,
            "eps": 0.24,
            "eps_growth_year": 14.29,
            "eps_4q": -0.55,
            "eps_4q_growth_year": null,
            "roe": 1.67,
            "roe_4q": -3.85,
            "gross_profit": 154527,
            "gross_margin": 26.05,
            "gross_margin_4q_avg": 23.67,
            "net_income": 24479,
            "revenue": 593143,
            "common_shares": 1000000,
            "book_valuer_per_share": 14.68,
            "book_valuer_per_share_4q_avg": 14.59,
            "equity": 1480998,
            "current_ratio": 218.86,
            "debt_ratio": 35.31,
            "inventory_turnover_ratio": 1.54,
            "account_receivable_turnover_ratio": null,
            "reinvestment_rate": null,
            "research_to_sale_ratio": null,
            "price_fair": 0.96,
            "eps_avg_yearly": 0.32,
            "eps_latest_yearly": 0.24,
            "eps_growth_yearly": -179.82
        },
        "20071": {
            "year_quarter": 20071,
            "year": 2007,
            "quarter": 1,
            "eps": -0.4,
            "eps_growth_year": null,
            "eps_4q": -0.7,
            "eps_4q_growth_year": null,
            "roe": -2.71,
            "roe_4q": -4.73,
            "gross_profit": 71734,
            "gross_margin": 25.22,
            "gross_margin_4q_avg": 23.75,
            "net_income": -39504,
            "revenue": 284452,
            "common_shares": 1000000,
            "book_valuer_per_share": 14.39,
            "book_valuer_per_share_4q_avg": 14.48,
            "equity": 1439102,
            "current_ratio": 483.09,
            "debt_ratio": 17.07,
            "inventory_turnover_ratio": 0.77,
            "account_receivable_turnover_ratio": null,
            "reinvestment_rate": null,
            "research_to_sale_ratio": null,
            "price_fair": 0.96,
            "eps_avg_yearly": 0.32,
            "eps_latest_yearly": 0.24,
            "eps_growth_yearly": -179.82
        },
        "20072": {
            "year_quarter": 20072,
            "year": 2007,
            "quarter": 2,
            "eps": 0.48,
            "eps_growth_year": null,
            "eps_4q": 0.17,
            "eps_4q_growth_year": null,
            "roe": 3.27,
            "roe_4q": 1.13,
            "gross_profit": 136483,
            "gross_margin": 20.42,
            "gross_margin_4q_avg": 22.54,
            "net_income": 47841,
            "revenue": 668340,
            "common_shares": 1000000,
            "book_valuer_per_share": 14.86,
            "book_valuer_per_share_4q_avg": 14.59,
            "equity": 1486147,
            "current_ratio": 299.7,
            "debt_ratio": 24.37,
            "inventory_turnover_ratio": 1.74,
            "account_receivable_turnover_ratio": null,
            "reinvestment_rate": null,
            "research_to_sale_ratio": null,
            "price_fair": 0.96,
            "eps_avg_yearly": 0.32,
            "eps_latest_yearly": 0.24,
            "eps_growth_yearly": -179.82
        },
        "20073": {
            "year_quarter": 20073,
            "year": 2007,
            "quarter": 3,
            "eps": -0.03,
            "eps_growth_year": null,
            "eps_4q": 0.3,
            "eps_4q_growth_year": null,
            "roe": -0.2,
            "roe_4q": 2.03,
            "gross_profit": 101079,
            "gross_margin": 23.59,
            "gross_margin_4q_avg": 23.82,
            "net_income": -2969,
            "revenue": 428545,
            "common_shares": 1000000,
            "book_valuer_per_share": 14.82,
            "book_valuer_per_share_4q_avg": 14.69,
            "equity": 1482314,
            "current_ratio": 254.92,
            "debt_ratio": 28.6,
            "inventory_turnover_ratio": 0.96,
            "account_receivable_turnover_ratio": null,
            "reinvestment_rate": null,
            "research_to_sale_ratio": null,
            "price_fair": 0.96,
            "eps_avg_yearly": 0.32,
            "eps_latest_yearly": 0.24,
            "eps_growth_yearly": -179.82
        },
        "20074": {
            "year_quarter": 20074,
            "year": 2007,
            "quarter": 4,
            "eps": 0.13,
            "eps_growth_year": -45.83,
            "eps_4q": 0.19,
            "eps_4q_growth_year": null,
            "roe": 0.84,
            "roe_4q": 1.2000000000000002,
            "gross_profit": 120703,
            "gross_margin": 23.67,
            "gross_margin_4q_avg": 23.23,
            "net_income": 12503,
            "revenue": 509919,
            "common_shares": 1000000,
            "book_valuer_per_share": 14.9,
            "book_valuer_per_share_4q_avg": 14.74,
            "equity": 1502530,
            "current_ratio": 237.91,
            "debt_ratio": 34.24,
            "inventory_turnover_ratio": 1.25,
            "account_receivable_turnover_ratio": null,
            "reinvestment_rate": null,
            "research_to_sale_ratio": null,
            "price_fair": 0.72,
            "eps_avg_yearly": 0.24,
            "eps_latest_yearly": 0.24,
            "eps_growth_yearly": -158.62
        },
        "20081": {
            "year_quarter": 20081,
            "year": 2008,
            "quarter": 1,
            "eps": -0.27,
            "eps_growth_year": null,
            "eps_4q": 0.28,
            "eps_4q_growth_year": null,
            "roe": -2,
            "roe_4q": 1.91,
            "gross_profit": 116230,
            "gross_margin": 18.73,
            "gross_margin_4q_avg": 21.6,
            "net_income": -29648,
            "revenue": 620441,
            "common_shares": 1000000,
            "book_valuer_per_share": 14.55,
            "book_valuer_per_share_4q_avg": 14.78,
            "equity": 1464681,
            "current_ratio": 285.73,
            "debt_ratio": 28.88,
            "inventory_turnover_ratio": 1.32,
            "account_receivable_turnover_ratio": null,
            "reinvestment_rate": null,
            "research_to_sale_ratio": null,
            "price_fair": 0.72,
            "eps_avg_yearly": 0.24,
            "eps_latest_yearly": 0.24,
            "eps_growth_yearly": -158.62
        },
        "20082": {
            "year_quarter": 20082,
            "year": 2008,
            "quarter": 2,
            "eps": -0.14,
            "eps_growth_year": -129.17,
            "eps_4q": -0.32,
            "eps_4q_growth_year": -286.17,
            "roe": -1.05,
            "roe_4q": -2.41,
            "gross_profit": 133553,
            "gross_margin": 23.33,
            "gross_margin_4q_avg": 22.33,
            "net_income": -15306,
            "revenue": 572529,
            "common_shares": 1000000,
            "book_valuer_per_share": 14.37,
            "book_valuer_per_share_4q_avg": 14.66,
            "equity": 1448241,
            "current_ratio": 245.95,
            "debt_ratio": 32.72,
            "inventory_turnover_ratio": 1.08,
            "account_receivable_turnover_ratio": null,
            "reinvestment_rate": null,
            "research_to_sale_ratio": null,
            "price_fair": 0.72,
            "eps_avg_yearly": 0.24,
            "eps_latest_yearly": 0.24,
            "eps_growth_yearly": -158.62
        },
        "20083": {
            "year_quarter": 20083,
            "year": 2008,
            "quarter": 3,
            "eps": 0.44,
            "eps_growth_year": null,
            "eps_4q": 0.15,
            "eps_4q_growth_year": -49.43,
            "roe": 3.09,
            "roe_4q": 0.88,
            "gross_profit": 152779,
            "gross_margin": 20.74,
            "gross_margin_4q_avg": 21.62,
            "net_income": 45658,
            "revenue": 736718,
            "common_shares": 1000000,
            "book_valuer_per_share": 14.92,
            "book_valuer_per_share_4q_avg": 14.69,
            "equity": 1504540,
            "current_ratio": 223.04,
            "debt_ratio": 36.66,
            "inventory_turnover_ratio": 1.41,
            "account_receivable_turnover_ratio": null,
            "reinvestment_rate": null,
            "research_to_sale_ratio": null,
            "price_fair": 2.4,
            "eps_avg_yearly": 0.24,
            "eps_latest_yearly": 0.24,
            "eps_growth_yearly": 0
        },
        "20084": {
            "year_quarter": 20084,
            "year": 2008,
            "quarter": 4,
            "eps": 0.2,
            "eps_growth_year": 53.85,
            "eps_4q": 0.21,
            "eps_4q_growth_year": 10.94,
            "roe": 1.48,
            "roe_4q": 1.5200000000000005,
            "gross_profit": 186256,
            "gross_margin": 20.58,
            "gross_margin_4q_avg": 20.85,
            "net_income": 22472,
            "revenue": 905088,
            "common_shares": 1000000,
            "book_valuer_per_share": 15.18,
            "book_valuer_per_share_4q_avg": 14.76,
            "equity": 1533242,
            "current_ratio": 203.72,
            "debt_ratio": 39.89,
            "inventory_turnover_ratio": 1.52,
            "account_receivable_turnover_ratio": 2.46,
            "reinvestment_rate": null,
            "research_to_sale_ratio": null,
            "price_fair": 2.4,
            "eps_avg_yearly": 0.8,
            "eps_latest_yearly": 0.8,
            "eps_growth_yearly": -218.18
        },
        "20091": {
            "year_quarter": 20091,
            "year": 2009,
            "quarter": 1,
            "eps": -0.22,
            "eps_growth_year": null,
            "eps_4q": 0.28,
            "eps_4q_growth_year": 1.83,
            "roe": -1.54,
            "roe_4q": 1.9799999999999998,
            "gross_profit": 127332,
            "gross_margin": 20.42,
            "gross_margin_4q_avg": 21.27,
            "net_income": -23402,
            "revenue": 623425,
            "common_shares": 1000000,
            "book_valuer_per_share": 15.02,
            "book_valuer_per_share_4q_avg": 14.87,
            "equity": 1515660,
            "current_ratio": 261.1,
            "debt_ratio": 30.63,
            "inventory_turnover_ratio": 1.04,
            "account_receivable_turnover_ratio": 1.03,
            "reinvestment_rate": null,
            "research_to_sale_ratio": null,
            "price_fair": 2.4,
            "eps_avg_yearly": 0.8,
            "eps_latest_yearly": 0.8,
            "eps_growth_yearly": -218.18
        },
        "20092": {
            "year_quarter": 20092,
            "year": 2009,
            "quarter": 2,
            "eps": -0.13,
            "eps_growth_year": null,
            "eps_4q": 0.29,
            "eps_4q_growth_year": null,
            "roe": -0.84,
            "roe_4q": 2.19,
            "gross_profit": 131513,
            "gross_margin": 21.17,
            "gross_margin_4q_avg": 20.73,
            "net_income": -12677,
            "revenue": 621243,
            "common_shares": 1000000,
            "book_valuer_per_share": 14.84,
            "book_valuer_per_share_4q_avg": 14.99,
            "equity": 1498222,
            "current_ratio": 255.64,
            "debt_ratio": 31.25,
            "inventory_turnover_ratio": 1.22,
            "account_receivable_turnover_ratio": 1.29,
            "reinvestment_rate": null,
            "research_to_sale_ratio": null,
            "price_fair": 2.4,
            "eps_avg_yearly": 0.8,
            "eps_latest_yearly": 0.8,
            "eps_growth_yearly": -218.18
        },
        "20093": {
            "year_quarter": 20093,
            "year": 2009,
            "quarter": 3,
            "eps": 0.46,
            "eps_growth_year": 4.55,
            "eps_4q": 0.32,
            "eps_4q_growth_year": 110.36,
            "roe": 2.95,
            "roe_4q": 2.0500000000000003,
            "gross_profit": 196505,
            "gross_margin": 22.61,
            "gross_margin_4q_avg": 21.2,
            "net_income": 44847,
            "revenue": 868955,
            "common_shares": 1000000,
            "book_valuer_per_share": 15.27,
            "book_valuer_per_share_4q_avg": 15.08,
            "equity": 1539772,
            "current_ratio": 212.37,
            "debt_ratio": 38.26,
            "inventory_turnover_ratio": 1.49,
            "account_receivable_turnover_ratio": 1.43,
            "reinvestment_rate": 290.12,
            "research_to_sale_ratio": null,
            "price_fair": 2.4,
            "eps_avg_yearly": 0.8,
            "eps_latest_yearly": 0.8,
            "eps_growth_yearly": -218.18
        },
        "20094": {
            "year_quarter": 20094,
            "year": 2009,
            "quarter": 4,
            "eps": 0.25,
            "eps_growth_year": 25,
            "eps_4q": 0.36,
            "eps_4q_growth_year": 76.39,
            "roe": 2.03,
            "roe_4q": 2.6000000000000005,
            "gross_profit": 238545,
            "gross_margin": 22.98,
            "gross_margin_4q_avg": 21.8,
            "net_income": 31582,
            "revenue": 1038170,
            "common_shares": 1000000,
            "book_valuer_per_share": 15.49,
            "book_valuer_per_share_4q_avg": 15.16,
            "equity": 1567131,
            "current_ratio": 195.32,
            "debt_ratio": 42.42,
            "inventory_turnover_ratio": 1.48,
            "account_receivable_turnover_ratio": 2.6,
            "reinvestment_rate": 319.96,
            "research_to_sale_ratio": null,
            "price_fair": 2.7,
            "eps_avg_yearly": 0.9,
            "eps_latest_yearly": 1,
            "eps_growth_yearly": -200.4
        },
        "20101": {
            "year_quarter": 20101,
            "year": 2010,
            "quarter": 1,
            "eps": 0.06,
            "eps_growth_year": null,
            "eps_4q": 0.65,
            "eps_4q_growth_year": 131.9,
            "roe": 0.35,
            "roe_4q": 4.49,
            "gross_profit": 145109,
            "gross_margin": 18.49,
            "gross_margin_4q_avg": 21.31,
            "net_income": 5507,
            "revenue": 784824,
            "common_shares": 1000000,
            "book_valuer_per_share": 15.53,
            "book_valuer_per_share_4q_avg": 15.28,
            "equity": 1571032,
            "current_ratio": 268.58,
            "debt_ratio": 31.44,
            "inventory_turnover_ratio": 1.23,
            "account_receivable_turnover_ratio": 1.27,
            "reinvestment_rate": 223.81,
            "research_to_sale_ratio": 4.42,
            "price_fair": 2.04,
            "eps_avg_yearly": 0.68,
            "eps_latest_yearly": 0.24,
            "eps_growth_yearly": -234.93
        },
        "20102": {
            "year_quarter": 20102,
            "year": 2010,
            "quarter": 2,
            "eps": 0.29,
            "eps_growth_year": null,
            "eps_4q": 1.07,
            "eps_4q_growth_year": 263.34,
            "roe": 1.88,
            "roe_4q": 7.21,
            "gross_profit": 194216,
            "gross_margin": 20.07,
            "gross_margin_4q_avg": 21.04,
            "net_income": 29461,
            "revenue": 967575,
            "common_shares": 1000000,
            "book_valuer_per_share": 15.51,
            "book_valuer_per_share_4q_avg": 15.45,
            "equity": 1568898,
            "current_ratio": 245.49,
            "debt_ratio": 33.62,
            "inventory_turnover_ratio": 1.83,
            "account_receivable_turnover_ratio": 1.49,
            "reinvestment_rate": 102.85,
            "research_to_sale_ratio": 4.25,
            "price_fair": 28,
            "eps_avg_yearly": 0.8,
            "eps_latest_yearly": 1.16,
            "eps_growth_yearly": 207.14
        },
        "20103": {
            "year_quarter": 20103,
            "year": 2010,
            "quarter": 3,
            "eps": 0.15,
            "eps_growth_year": -68.24,
            "eps_4q": 0.76,
            "eps_4q_growth_year": 138.22,
            "roe": 0.93,
            "roe_4q": 5.1899999999999995,
            "gross_profit": 185751,
            "gross_margin": 19.89,
            "gross_margin_4q_avg": 20.36,
            "net_income": 14710,
            "revenue": 933951,
            "common_shares": 1000000,
            "book_valuer_per_share": 15.62,
            "book_valuer_per_share_4q_avg": 15.54,
            "equity": 1580053,
            "current_ratio": 241.89,
            "debt_ratio": 34.81,
            "inventory_turnover_ratio": 1.8,
            "account_receivable_turnover_ratio": 1.18,
            "reinvestment_rate": 93.05,
            "research_to_sale_ratio": 4.38,
            "price_fair": 26.6,
            "eps_avg_yearly": 0.76,
            "eps_latest_yearly": 0.6,
            "eps_growth_yearly": 127.09
        },
        "20104": {
            "year_quarter": 20104,
            "year": 2010,
            "quarter": 4,
            "eps": 0.09,
            "eps_growth_year": -65.79,
            "eps_4q": 0.59,
            "eps_4q_growth_year": 61.62,
            "roe": 0.66,
            "roe_4q": 3.82,
            "gross_profit": 229081,
            "gross_margin": 19.6,
            "gross_margin_4q_avg": 19.51,
            "net_income": 10350,
            "revenue": 1169051,
            "common_shares": 1000000,
            "book_valuer_per_share": 15.54,
            "book_valuer_per_share_4q_avg": 15.55,
            "equity": 1573682,
            "current_ratio": 218.59,
            "debt_ratio": 38.28,
            "inventory_turnover_ratio": 2.22,
            "account_receivable_turnover_ratio": 1.37,
            "reinvestment_rate": 60.69,
            "research_to_sale_ratio": 3.13,
            "price_fair": 24.27,
            "eps_avg_yearly": 0.69,
            "eps_latest_yearly": 0.36,
            "eps_growth_yearly": 79.24
        },
        "20111": {
            "year_quarter": 20111,
            "year": 2011,
            "quarter": 1,
            "eps": 0.01,
            "eps_growth_year": -83.33,
            "eps_4q": 0.54,
            "eps_4q_growth_year": -17.52,
            "roe": -0,
            "roe_4q": 3.4699999999999998,
            "gross_profit": 154561,
            "gross_margin": 17.23,
            "gross_margin_4q_avg": 19.2,
            "net_income": -50,
            "revenue": 897128,
            "common_shares": 1000000,
            "book_valuer_per_share": 15.57,
            "book_valuer_per_share_4q_avg": 15.56,
            "equity": 1575786,
            "current_ratio": 240.72,
            "debt_ratio": 34.64,
            "inventory_turnover_ratio": 1.52,
            "account_receivable_turnover_ratio": 1.15,
            "reinvestment_rate": 76.82,
            "research_to_sale_ratio": 3.9,
            "price_fair": 16.28,
            "eps_avg_yearly": 0.6,
            "eps_latest_yearly": 0.04,
            "eps_growth_yearly": 17.13
        },
        "20112": {
            "year_quarter": 20112,
            "year": 2011,
            "quarter": 2,
            "eps": 0.28,
            "eps_growth_year": -3.66,
            "eps_4q": 0.52,
            "eps_4q_growth_year": -50.93,
            "roe": 1.83,
            "roe_4q": 3.4200000000000004,
            "gross_profit": 209031,
            "gross_margin": 20.3,
            "gross_margin_4q_avg": 19.26,
            "net_income": 29151,
            "revenue": 1029851,
            "common_shares": 1000000,
            "book_valuer_per_share": 15.82,
            "book_valuer_per_share_4q_avg": 15.64,
            "equity": 1601614,
            "current_ratio": 218.71,
            "debt_ratio": 40.76,
            "inventory_turnover_ratio": 1.48,
            "account_receivable_turnover_ratio": 1.32,
            "reinvestment_rate": 3.57,
            "research_to_sale_ratio": 4.16,
            "price_fair": 23.28,
            "eps_avg_yearly": 0.67,
            "eps_latest_yearly": 1.12,
            "eps_growth_yearly": 1364.99
        },
        "20113": {
            "year_quarter": 20113,
            "year": 2011,
            "quarter": 3,
            "eps": 0.12,
            "eps_growth_year": -16.02,
            "eps_4q": 0.5,
            "eps_4q_growth_year": -33.69,
            "roe": 0.76,
            "roe_4q": 3.25,
            "gross_profit": 178813,
            "gross_margin": 19.52,
            "gross_margin_4q_avg": 19.16,
            "net_income": 12244,
            "revenue": 916014,
            "common_shares": 1000000,
            "book_valuer_per_share": 16.1,
            "book_valuer_per_share_4q_avg": 15.76,
            "equity": 1629775,
            "current_ratio": 225.89,
            "debt_ratio": 39.84,
            "inventory_turnover_ratio": 1.38,
            "account_receivable_turnover_ratio": 0.9,
            "reinvestment_rate": 10.23,
            "research_to_sale_ratio": 3.98,
            "price_fair": 22.56,
            "eps_avg_yearly": 0.64,
            "eps_latest_yearly": 0.48,
            "eps_growth_yearly": 1187.92
        },
        "20114": {
            "year_quarter": 20114,
            "year": 2011,
            "quarter": 4,
            "eps": 0.23,
            "eps_growth_year": 164.01,
            "eps_4q": 0.64,
            "eps_4q_growth_year": 9.21,
            "roe": 1.42,
            "roe_4q": 4.01,
            "gross_profit": 294155,
            "gross_margin": 21.5,
            "gross_margin_4q_avg": 19.64,
            "net_income": 23340,
            "revenue": 1368206,
            "common_shares": 1000000,
            "book_valuer_per_share": 16.35,
            "book_valuer_per_share_4q_avg": 15.96,
            "equity": 1655404,
            "current_ratio": 204.73,
            "debt_ratio": 44.05,
            "inventory_turnover_ratio": 1.72,
            "account_receivable_turnover_ratio": 1.32,
            "reinvestment_rate": -24.02,
            "research_to_sale_ratio": 2.37,
            "price_fair": 23.52,
            "eps_avg_yearly": 0.67,
            "eps_latest_yearly": 0.92,
            "eps_growth_yearly": 1105.8
        },
        "20121": {
            "year_quarter": 20121,
            "year": 2012,
            "quarter": 1,
            "eps": 0.06,
            "eps_growth_year": 500,
            "eps_4q": 0.69,
            "eps_4q_growth_year": 29.64,
            "roe": 0.31,
            "roe_4q": 4.32,
            "gross_profit": 192552,
            "gross_margin": 18.38,
            "gross_margin_4q_avg": 19.93,
            "net_income": 5056,
            "revenue": 1047844,
            "common_shares": 1000000,
            "book_valuer_per_share": 16.35,
            "book_valuer_per_share_4q_avg": 16.16,
            "equity": 1653781,
            "current_ratio": 233.86,
            "debt_ratio": 38.8,
            "inventory_turnover_ratio": 1.12,
            "account_receivable_turnover_ratio": 1.25,
            "reinvestment_rate": -22.58,
            "research_to_sale_ratio": 3.45,
            "price_fair": 22.15,
            "eps_avg_yearly": 0.63,
            "eps_latest_yearly": 0.24,
            "eps_growth_yearly": 978.39
        },
        "20122": {
            "year_quarter": 20122,
            "year": 2012,
            "quarter": 2,
            "eps": 0.37,
            "eps_growth_year": 29.76,
            "eps_4q": 0.78,
            "eps_4q_growth_year": 48.33,
            "roe": 2.24,
            "roe_4q": 4.73,
            "gross_profit": 240666,
            "gross_margin": 15.93,
            "gross_margin_4q_avg": 18.83,
            "net_income": 36834,
            "revenue": 1510737,
            "common_shares": 1000000,
            "book_valuer_per_share": 16.23,
            "book_valuer_per_share_4q_avg": 16.26,
            "equity": 1642220,
            "current_ratio": 202.7,
            "debt_ratio": 43.39,
            "inventory_turnover_ratio": 1.77,
            "account_receivable_turnover_ratio": 1.63,
            "reinvestment_rate": -16.73,
            "research_to_sale_ratio": 2.16,
            "price_fair": 24.62,
            "eps_avg_yearly": 0.7,
            "eps_latest_yearly": 1.48,
            "eps_growth_yearly": 1069.08
        },
        "20123": {
            "year_quarter": 20123,
            "year": 2012,
            "quarter": 3,
            "eps": 0.17,
            "eps_growth_year": 38.83,
            "eps_4q": 0.83,
            "eps_4q_growth_year": 64.75,
            "roe": 0.98,
            "roe_4q": 4.95,
            "gross_profit": 238231,
            "gross_margin": 19.26,
            "gross_margin_4q_avg": 18.77,
            "net_income": 16177,
            "revenue": 1237063,
            "common_shares": 1000000,
            "book_valuer_per_share": 16.35,
            "book_valuer_per_share_4q_avg": 16.32,
            "equity": 1652807,
            "current_ratio": 226.26,
            "debt_ratio": 40.07,
            "inventory_turnover_ratio": 1.51,
            "account_receivable_turnover_ratio": 1.25,
            "reinvestment_rate": -9.7,
            "research_to_sale_ratio": 2.6,
            "price_fair": 24.55,
            "eps_avg_yearly": 0.7,
            "eps_latest_yearly": 0.68,
            "eps_growth_yearly": 970.21
        },
        "20124": {
            "year_quarter": 20124,
            "year": 2012,
            "quarter": 4,
            "eps": 0.21,
            "eps_growth_year": -7.79,
            "eps_4q": 0.81,
            "eps_4q_growth_year": 26,
            "roe": 1.46,
            "roe_4q": 4.989999999999999,
            "gross_profit": 281460,
            "gross_margin": 18.52,
            "gross_margin_4q_avg": 18.02,
            "net_income": 24370,
            "revenue": 1520156,
            "common_shares": 1000000,
            "book_valuer_per_share": 16.53,
            "book_valuer_per_share_4q_avg": 16.37,
            "equity": 1674519,
            "current_ratio": 193.42,
            "debt_ratio": 46.45,
            "inventory_turnover_ratio": 2,
            "account_receivable_turnover_ratio": 1.47,
            "reinvestment_rate": 9,
            "research_to_sale_ratio": 4.95,
            "price_fair": 24.66,
            "eps_avg_yearly": 0.7,
            "eps_latest_yearly": 0.84,
            "eps_growth_yearly": 994.24
        },
        "20131": {
            "year_quarter": 20131,
            "year": 2013,
            "quarter": 1,
            "eps": 0.13,
            "eps_growth_year": 116.67,
            "eps_4q": 0.87,
            "eps_4q_growth_year": 25.71,
            "roe": 0.59,
            "roe_4q": 5.27,
            "gross_profit": 182787,
            "gross_margin": 18.71,
            "gross_margin_4q_avg": 18.11,
            "net_income": 9832,
            "revenue": 976777,
            "common_shares": 1000000,
            "book_valuer_per_share": 16.51,
            "book_valuer_per_share_4q_avg": 16.41,
            "equity": 1669993,
            "current_ratio": 234.6,
            "debt_ratio": 37.25,
            "inventory_turnover_ratio": 1.44,
            "account_receivable_turnover_ratio": 1.07,
            "reinvestment_rate": 44.43,
            "research_to_sale_ratio": 3.78,
            "price_fair": 24.2,
            "eps_avg_yearly": 0.69,
            "eps_latest_yearly": 0.52,
            "eps_growth_yearly": 912.34
        },
        "20132": {
            "year_quarter": 20132,
            "year": 2013,
            "quarter": 2,
            "eps": 0.49,
            "eps_growth_year": 33.56,
            "eps_4q": 1,
            "eps_4q_growth_year": 28.24,
            "roe": 2.92,
            "roe_4q": 5.949999999999999,
            "gross_profit": 276731,
            "gross_margin": 22.56,
            "gross_margin_4q_avg": 19.76,
            "net_income": 48851,
            "revenue": 1226494,
            "common_shares": 1000000,
            "book_valuer_per_share": 16.55,
            "book_valuer_per_share_4q_avg": 16.49,
            "equity": 1673615,
            "current_ratio": 186.76,
            "debt_ratio": 45.54,
            "inventory_turnover_ratio": 1.5,
            "account_receivable_turnover_ratio": 1.57,
            "reinvestment_rate": 46.62,
            "research_to_sale_ratio": 4.97,
            "price_fair": 27.16,
            "eps_avg_yearly": 0.78,
            "eps_latest_yearly": 1.96,
            "eps_growth_yearly": 925.36
        },
        "20133": {
            "year_quarter": 20133,
            "year": 2013,
            "quarter": 3,
            "eps": 0.14,
            "eps_growth_year": -17.82,
            "eps_4q": 0.97,
            "eps_4q_growth_year": 17.02,
            "roe": 0.97,
            "roe_4q": 5.9399999999999995,
            "gross_profit": 224515,
            "gross_margin": 20.83,
            "gross_margin_4q_avg": 20.16,
            "net_income": 16233,
            "revenue": 1077984,
            "common_shares": 1000000,
            "book_valuer_per_share": 16.67,
            "book_valuer_per_share_4q_avg": 16.57,
            "equity": 1687713,
            "current_ratio": 213.44,
            "debt_ratio": 39.93,
            "inventory_turnover_ratio": 1.18,
            "account_receivable_turnover_ratio": 1.35,
            "reinvestment_rate": 49.3,
            "research_to_sale_ratio": 3.27,
            "price_fair": 26.69,
            "eps_avg_yearly": 0.76,
            "eps_latest_yearly": 0.56,
            "eps_growth_yearly": 849.67
        },
        "20134": {
            "year_quarter": 20134,
            "year": 2013,
            "quarter": 4,
            "eps": 0.19,
            "eps_growth_year": -9.03,
            "eps_4q": 0.95,
            "eps_4q_growth_year": 17.24,
            "roe": 1.19,
            "roe_4q": 5.67,
            "gross_profit": 312167,
            "gross_margin": 19.67,
            "gross_margin_4q_avg": 20.44,
            "net_income": 20267,
            "revenue": 1587196,
            "common_shares": 1000000,
            "book_valuer_per_share": 16.9,
            "book_valuer_per_share_4q_avg": 16.66,
            "equity": 1714787,
            "current_ratio": 176.58,
            "debt_ratio": 48.71,
            "inventory_turnover_ratio": 2.31,
            "account_receivable_turnover_ratio": 1.51,
            "reinvestment_rate": 28.39,
            "research_to_sale_ratio": 3.24,
            "price_fair": 26.16,
            "eps_avg_yearly": 0.75,
            "eps_latest_yearly": 0.76,
            "eps_growth_yearly": 870.01
        },
        "20141": {
            "year_quarter": 20141,
            "year": 2014,
            "quarter": 1,
            "eps": 0.12,
            "eps_growth_year": -7.69,
            "eps_4q": 0.94,
            "eps_4q_growth_year": 7.37,
            "roe": 0.52,
            "roe_4q": 5.6,
            "gross_profit": 195840,
            "gross_margin": 21.74,
            "gross_margin_4q_avg": 21.2,
            "net_income": 8898,
            "revenue": 900799,
            "common_shares": 1000000,
            "book_valuer_per_share": 17.06,
            "book_valuer_per_share_4q_avg": 16.8,
            "equity": 1728328,
            "current_ratio": 230.96,
            "debt_ratio": 37.52,
            "inventory_turnover_ratio": 1.87,
            "account_receivable_turnover_ratio": 0.85,
            "reinvestment_rate": 23.52,
            "research_to_sale_ratio": 5.85,
            "price_fair": 26.69,
            "eps_avg_yearly": 0.76,
            "eps_latest_yearly": 0.48,
            "eps_growth_yearly": 879.8
        },
        "20142": {
            "year_quarter": 20142,
            "year": 2014,
            "quarter": 2,
            "eps": 0.53,
            "eps_growth_year": 8.16,
            "eps_4q": 0.98,
            "eps_4q_growth_year": -1.93,
            "roe": 3.17,
            "roe_4q": 5.85,
            "gross_profit": 280633,
            "gross_margin": 22.04,
            "gross_margin_4q_avg": 21.07,
            "net_income": 54688,
            "revenue": 1273088,
            "common_shares": 1000000,
            "book_valuer_per_share": 16.95,
            "book_valuer_per_share_4q_avg": 16.9,
            "equity": 1718304,
            "current_ratio": 196.38,
            "debt_ratio": 43.49,
            "inventory_turnover_ratio": 2.63,
            "account_receivable_turnover_ratio": 1.43,
            "reinvestment_rate": 28.49,
            "research_to_sale_ratio": 3.58,
            "price_fair": 28.79,
            "eps_avg_yearly": 0.82,
            "eps_latest_yearly": 2.12,
            "eps_growth_yearly": 869.38
        },
        "20143": {
            "year_quarter": 20143,
            "year": 2014,
            "quarter": 3,
            "eps": 0.14,
            "eps_growth_year": 0,
            "eps_4q": 0.98,
            "eps_4q_growth_year": 1.73,
            "roe": 1.05,
            "roe_4q": 5.93,
            "gross_profit": 232093,
            "gross_margin": 22.86,
            "gross_margin_4q_avg": 21.58,
            "net_income": 18183,
            "revenue": 1015472,
            "common_shares": 1000000,
            "book_valuer_per_share": 17.13,
            "book_valuer_per_share_4q_avg": 17.01,
            "equity": 1740305,
            "current_ratio": 217.81,
            "debt_ratio": 39.55,
            "inventory_turnover_ratio": 2.45,
            "account_receivable_turnover_ratio": 0.92,
            "reinvestment_rate": 21.52,
            "research_to_sale_ratio": 5.85,
            "price_fair": 28.7,
            "eps_avg_yearly": 0.82,
            "eps_latest_yearly": 0.56,
            "eps_growth_yearly": 863.05
        },
        "20144": {
            "year_quarter": 20144,
            "year": 2014,
            "quarter": 4,
            "eps": 0.18,
            "eps_growth_year": -6.25,
            "eps_4q": 0.97,
            "eps_4q_growth_year": 2.5,
            "roe": 0.94,
            "roe_4q": 5.68,
            "gross_profit": 309919,
            "gross_margin": 21.52,
            "gross_margin_4q_avg": 22.04,
            "net_income": 16467,
            "revenue": 1439944,
            "common_shares": 1000000,
            "book_valuer_per_share": 17.32,
            "book_valuer_per_share_4q_avg": 17.12,
            "equity": 1758163,
            "current_ratio": 171.87,
            "debt_ratio": 49.44,
            "inventory_turnover_ratio": 3.48,
            "account_receivable_turnover_ratio": 1.16,
            "reinvestment_rate": 42.68,
            "research_to_sale_ratio": 4.45,
            "price_fair": 29.49,
            "eps_avg_yearly": 0.84,
            "eps_latest_yearly": 0.72,
            "eps_growth_yearly": 880.2
        },
        "20151": {
            "year_quarter": 20151,
            "year": 2015,
            "quarter": 1,
            "eps": 0.05,
            "eps_growth_year": -58.33,
            "eps_4q": 0.9,
            "eps_4q_growth_year": -3.5,
            "roe": 0.21,
            "roe_4q": 5.37,
            "gross_profit": 202617,
            "gross_margin": 26.89,
            "gross_margin_4q_avg": 23.33,
            "net_income": 3627,
            "revenue": 753583,
            "common_shares": 1000000,
            "book_valuer_per_share": 17.34,
            "book_valuer_per_share_4q_avg": 17.19,
            "equity": 1758729,
            "current_ratio": 220.83,
            "debt_ratio": 38.46,
            "inventory_turnover_ratio": 1.5,
            "account_receivable_turnover_ratio": 0.65,
            "reinvestment_rate": 37.68,
            "research_to_sale_ratio": 5.62,
            "price_fair": 29.84,
            "eps_avg_yearly": 0.85,
            "eps_latest_yearly": 0.2,
            "eps_growth_yearly": 884.36
        },
        "20152": {
            "year_quarter": 20152,
            "year": 2015,
            "quarter": 2,
            "eps": 0.18,
            "eps_growth_year": -66.04,
            "eps_4q": 0.55,
            "eps_4q_growth_year": -44.1,
            "roe": 0.94,
            "roe_4q": 3.1399999999999997,
            "gross_profit": 200481,
            "gross_margin": 25.46,
            "gross_margin_4q_avg": 24.18,
            "net_income": 16379,
            "revenue": 787466,
            "common_shares": 1000000,
            "book_valuer_per_share": 16.88,
            "book_valuer_per_share_4q_avg": 17.17,
            "equity": 1711366,
            "current_ratio": 217.99,
            "debt_ratio": 38.72,
            "inventory_turnover_ratio": 1.66,
            "account_receivable_turnover_ratio": 0.98,
            "reinvestment_rate": 76.4,
            "research_to_sale_ratio": 6.89,
            "price_fair": 28.96,
            "eps_avg_yearly": 0.83,
            "eps_latest_yearly": 0.72,
            "eps_growth_yearly": 274.36
        },
        "20153": {
            "year_quarter": 20153,
            "year": 2015,
            "quarter": 3,
            "eps": 0.2,
            "eps_growth_year": 42.86,
            "eps_4q": 0.61,
            "eps_4q_growth_year": -38.38,
            "roe": 1.33,
            "roe_4q": 3.42,
            "gross_profit": 262106,
            "gross_margin": 26.42,
            "gross_margin_4q_avg": 25.07,
            "net_income": 22985,
            "revenue": 991975,
            "common_shares": 1000000,
            "book_valuer_per_share": 17.17,
            "book_valuer_per_share_4q_avg": 17.18,
            "equity": 1743639,
            "current_ratio": 210.2,
            "debt_ratio": 40.09,
            "inventory_turnover_ratio": 2.12,
            "account_receivable_turnover_ratio": 1.14,
            "reinvestment_rate": 74.37,
            "research_to_sale_ratio": 4.56,
            "price_fair": 29.66,
            "eps_avg_yearly": 0.85,
            "eps_latest_yearly": 0.8,
            "eps_growth_yearly": 291.43
        },
        "20154": {
            "year_quarter": 20154,
            "year": 2015,
            "quarter": 4,
            "eps": 0.23,
            "eps_growth_year": 27.07,
            "eps_4q": 0.65,
            "eps_4q_growth_year": -32.68,
            "roe": 1.26,
            "roe_4q": 3.7399999999999998,
            "gross_profit": 283773,
            "gross_margin": 20.7,
            "gross_margin_4q_avg": 24.87,
            "net_income": 21891,
            "revenue": 1370697,
            "common_shares": 1000000,
            "book_valuer_per_share": 17.18,
            "book_valuer_per_share_4q_avg": 17.14,
            "equity": 1743811,
            "current_ratio": 180.29,
            "debt_ratio": 47.4,
            "inventory_turnover_ratio": 3.46,
            "account_receivable_turnover_ratio": 1.27,
            "reinvestment_rate": 78.34,
            "research_to_sale_ratio": 3.51,
            "price_fair": 29.66,
            "eps_avg_yearly": 0.85,
            "eps_latest_yearly": 0.92,
            "eps_growth_yearly": 272.26
        },
        "20161": {
            "year_quarter": 20161,
            "year": 2016,
            "quarter": 1,
            "eps": 0.04,
            "eps_growth_year": -20,
            "eps_4q": 0.64,
            "eps_4q_growth_year": -29.07,
            "roe": 0.04,
            "roe_4q": 3.57,
            "gross_profit": 196416,
            "gross_margin": 24.18,
            "gross_margin_4q_avg": 24.19,
            "net_income": 707,
            "revenue": 812409,
            "common_shares": 1000000,
            "book_valuer_per_share": 17.22,
            "book_valuer_per_share_4q_avg": 17.11,
            "equity": 1744353,
            "current_ratio": 205.63,
            "debt_ratio": 41.39,
            "inventory_turnover_ratio": 2.25,
            "account_receivable_turnover_ratio": 0.84,
            "reinvestment_rate": 77.21,
            "research_to_sale_ratio": 5.87,
            "price_fair": 29.49,
            "eps_avg_yearly": 0.84,
            "eps_latest_yearly": 0.16,
            "eps_growth_yearly": 270.09
        },
        "20162": {
            "year_quarter": 20162,
            "year": 2016,
            "quarter": 2,
            "eps": 0.23,
            "eps_growth_year": 27.78,
            "eps_4q": 0.69,
            "eps_4q_growth_year": 26.24,
            "roe": 1.49,
            "roe_4q": 4.12,
            "gross_profit": 220020,
            "gross_margin": 25.53,
            "gross_margin_4q_avg": 24.21,
            "net_income": 25737,
            "revenue": 861646,
            "common_shares": 1000000,
            "book_valuer_per_share": 16.94,
            "book_valuer_per_share_4q_avg": 17.13,
            "equity": 1718667,
            "current_ratio": 206.26,
            "debt_ratio": 40.59,
            "inventory_turnover_ratio": 2.11,
            "account_receivable_turnover_ratio": 1.1,
            "reinvestment_rate": 82.57,
            "research_to_sale_ratio": 5.61,
            "price_fair": 28.26,
            "eps_avg_yearly": 0.81,
            "eps_latest_yearly": 0.92,
            "eps_growth_yearly": 259.67
        },
        "20163": {
            "year_quarter": 20163,
            "year": 2016,
            "quarter": 3,
            "eps": 0.04,
            "eps_growth_year": -80,
            "eps_4q": 0.53,
            "eps_4q_growth_year": -13.17,
            "roe": 0.28,
            "roe_4q": 3.0700000000000003,
            "gross_profit": 210411,
            "gross_margin": 25.49,
            "gross_margin_4q_avg": 23.98,
            "net_income": 4747,
            "revenue": 825351,
            "common_shares": 1000000,
            "book_valuer_per_share": 16.89,
            "book_valuer_per_share_4q_avg": 17.06,
            "equity": 1714428,
            "current_ratio": 213.84,
            "debt_ratio": 39.51,
            "inventory_turnover_ratio": 1.65,
            "account_receivable_turnover_ratio": 1.02,
            "reinvestment_rate": 80.45,
            "research_to_sale_ratio": 5.78,
            "price_fair": 27.13,
            "eps_avg_yearly": 0.78,
            "eps_latest_yearly": 0.16,
            "eps_growth_yearly": 252.53
        },
        "20164": {
            "year_quarter": 20164,
            "year": 2016,
            "quarter": 4,
            "eps": 0.36,
            "eps_growth_year": 61.33,
            "eps_4q": 0.66,
            "eps_4q_growth_year": 1.61,
            "roe": 1.81,
            "roe_4q": 3.62,
            "gross_profit": 324210,
            "gross_margin": 23.06,
            "gross_margin_4q_avg": 24.57,
            "net_income": 31290,
            "revenue": 1406175,
            "common_shares": 1000000,
            "book_valuer_per_share": 17.19,
            "book_valuer_per_share_4q_avg": 17.06,
            "equity": 1739305,
            "current_ratio": 177.16,
            "debt_ratio": 46.46,
            "inventory_turnover_ratio": 3.16,
            "account_receivable_turnover_ratio": 1.39,
            "reinvestment_rate": 85.58,
            "research_to_sale_ratio": 6.9,
            "price_fair": 28.44,
            "eps_avg_yearly": 0.81,
            "eps_latest_yearly": 1.44,
            "eps_growth_yearly": 446.65
        },
        "20171": {
            "year_quarter": 20171,
            "year": 2017,
            "quarter": 1,
            "eps": 0.19,
            "eps_growth_year": 375,
            "eps_4q": 0.81,
            "eps_4q_growth_year": 26.83,
            "roe": 1.16,
            "roe_4q": 4.74,
            "gross_profit": 224310,
            "gross_margin": 21.18,
            "gross_margin_4q_avg": 23.82,
            "net_income": 20165,
            "revenue": 1059206,
            "common_shares": 1000000,
            "book_valuer_per_share": 17.24,
            "book_valuer_per_share_4q_avg": 17.07,
            "equity": 1750484,
            "current_ratio": 211.87,
            "debt_ratio": 38.44,
            "inventory_turnover_ratio": 2.82,
            "account_receivable_turnover_ratio": 0.99,
            "reinvestment_rate": 44.33,
            "research_to_sale_ratio": 5.82,
            "price_fair": 28.96,
            "eps_avg_yearly": 0.83,
            "eps_latest_yearly": 0.76,
            "eps_growth_yearly": 444.37
        },
        "20172": {
            "year_quarter": 20172,
            "year": 2017,
            "quarter": 2,
            "eps": 0.1,
            "eps_growth_year": -56.52,
            "eps_4q": 0.69,
            "eps_4q_growth_year": -0.12,
            "roe": 0.6,
            "roe_4q": 3.8499999999999996,
            "gross_profit": 229600,
            "gross_margin": 26.12,
            "gross_margin_4q_avg": 23.96,
            "net_income": 10452,
            "revenue": 878940,
            "common_shares": 1000000,
            "book_valuer_per_share": 16.85,
            "book_valuer_per_share_4q_avg": 17.04,
            "equity": 1711321,
            "current_ratio": 192.28,
            "debt_ratio": 42.02,
            "inventory_turnover_ratio": 1.86,
            "account_receivable_turnover_ratio": 0.93,
            "reinvestment_rate": 45.69,
            "research_to_sale_ratio": 6.85,
            "price_fair": 25.55,
            "eps_avg_yearly": 0.73,
            "eps_latest_yearly": 0.4,
            "eps_growth_yearly": 363.29
        },
        "20173": {
            "year_quarter": 20173,
            "year": 2017,
            "quarter": 3,
            "eps": 0.22,
            "eps_growth_year": 450,
            "eps_4q": 0.87,
            "eps_4q_growth_year": 65.24,
            "roe": 1.21,
            "roe_4q": 4.779999999999999,
            "gross_profit": 258610,
            "gross_margin": 23.56,
            "gross_margin_4q_avg": 23.48,
            "net_income": 20901,
            "revenue": 1097674,
            "common_shares": 1000000,
            "book_valuer_per_share": 17.07,
            "book_valuer_per_share_4q_avg": 17.09,
            "equity": 1733493,
            "current_ratio": 160.37,
            "debt_ratio": 50.69,
            "inventory_turnover_ratio": 1.54,
            "account_receivable_turnover_ratio": 0.99,
            "reinvestment_rate": 61.72,
            "research_to_sale_ratio": 4.91,
            "price_fair": 26.25,
            "eps_avg_yearly": 0.75,
            "eps_latest_yearly": 0.88,
            "eps_growth_yearly": 411.15
        },
        "20174": {
            "year_quarter": 20174,
            "year": 2017,
            "quarter": 4,
            "eps": 0.4,
            "eps_growth_year": 11.16,
            "eps_4q": 0.91,
            "eps_4q_growth_year": 36.95,
            "roe": 2.03,
            "roe_4q": 5,
            "gross_profit": 358589,
            "gross_margin": 20.29,
            "gross_margin_4q_avg": 22.79,
            "net_income": 35458,
            "revenue": 1767254,
            "common_shares": 1000000,
            "book_valuer_per_share": 17.39,
            "book_valuer_per_share_4q_avg": 17.14,
            "equity": 1760564,
            "current_ratio": 158.96,
            "debt_ratio": 51.35,
            "inventory_turnover_ratio": 2.69,
            "account_receivable_turnover_ratio": 1.33,
            "reinvestment_rate": 49.84,
            "research_to_sale_ratio": 8.45,
            "price_fair": 28.09,
            "eps_avg_yearly": 0.8,
            "eps_latest_yearly": 1.6,
            "eps_growth_yearly": 422.68
        },
        "20181": {
            "year_quarter": 20181,
            "year": 2018,
            "quarter": 1,
            "eps": 0.11,
            "eps_growth_year": -42.11,
            "eps_4q": 0.83,
            "eps_4q_growth_year": 2.49,
            "roe": 0.46,
            "roe_4q": 4.3,
            "gross_profit": 236019,
            "gross_margin": 23,
            "gross_margin_4q_avg": 23.24,
            "net_income": 8203,
            "revenue": 1026039,
            "common_shares": 1000000,
            "book_valuer_per_share": 17.49,
            "book_valuer_per_share_4q_avg": 17.2,
            "equity": 1772571,
            "current_ratio": 188.86,
            "debt_ratio": 41.6,
            "inventory_turnover_ratio": 2.17,
            "account_receivable_turnover_ratio": 0.95,
            "reinvestment_rate": -14.92,
            "research_to_sale_ratio": 5.4,
            "price_fair": 28,
            "eps_avg_yearly": 0.8,
            "eps_latest_yearly": 0.44,
            "eps_growth_yearly": 413.76
        },
        "20182": {
            "year_quarter": 20182,
            "year": 2018,
            "quarter": 2,
            "eps": 0.12,
            "eps_growth_year": 20,
            "eps_4q": 0.85,
            "eps_4q_growth_year": 23.02,
            "roe": 0.6,
            "roe_4q": 4.3,
            "gross_profit": 267431,
            "gross_margin": 25.71,
            "gross_margin_4q_avg": 23.14,
            "net_income": 10412,
            "revenue": 1040344,
            "common_shares": 1000000,
            "book_valuer_per_share": 16.97,
            "book_valuer_per_share_4q_avg": 17.23,
            "equity": 1718817,
            "current_ratio": 173.94,
            "debt_ratio": 45.97,
            "inventory_turnover_ratio": 1.84,
            "account_receivable_turnover_ratio": 1.36,
            "reinvestment_rate": -29.16,
            "research_to_sale_ratio": 6.23,
            "price_fair": 24.41,
            "eps_avg_yearly": 0.7,
            "eps_latest_yearly": 0.48,
            "eps_growth_yearly": 330.62
        },
        "20183": {
            "year_quarter": 20183,
            "year": 2018,
            "quarter": 3,
            "eps": 0.16,
            "eps_growth_year": -27.27,
            "eps_4q": 0.79,
            "eps_4q_growth_year": -9.03,
            "roe": 0.87,
            "roe_4q": 3.96,
            "gross_profit": 267745,
            "gross_margin": 23.82,
            "gross_margin_4q_avg": 23.21,
            "net_income": 15000,
            "revenue": 1124125,
            "common_shares": 1000000,
            "book_valuer_per_share": 17.1,
            "book_valuer_per_share_4q_avg": 17.24,
            "equity": 1730893,
            "current_ratio": 178.68,
            "debt_ratio": 46.71,
            "inventory_turnover_ratio": 1.85,
            "account_receivable_turnover_ratio": 1.53,
            "reinvestment_rate": -26.2,
            "research_to_sale_ratio": 5.81,
            "price_fair": 24.59,
            "eps_avg_yearly": 0.7,
            "eps_latest_yearly": 0.64,
            "eps_growth_yearly": 357.35
        },
        "20184": {
            "year_quarter": 20184,
            "year": 2018,
            "quarter": 4,
            "eps": 0.24,
            "eps_growth_year": -40.04,
            "eps_4q": 0.63,
            "eps_4q_growth_year": -30.89,
            "roe": 1.53,
            "roe_4q": 3.46,
            "gross_profit": 338936,
            "gross_margin": 22.06,
            "gross_margin_4q_avg": 23.65,
            "net_income": 26616,
            "revenue": 1536222,
            "common_shares": 1000000,
            "book_valuer_per_share": 17.33,
            "book_valuer_per_share_4q_avg": 17.22,
            "equity": 1756385,
            "current_ratio": 177.66,
            "debt_ratio": 47.39,
            "inventory_turnover_ratio": 2.97,
            "account_receivable_turnover_ratio": 1.95,
            "reinvestment_rate": -54.2,
            "research_to_sale_ratio": 7.39,
            "price_fair": 25.11,
            "eps_avg_yearly": 0.72,
            "eps_latest_yearly": 0.96,
            "eps_growth_yearly": 362.71
        },
        "20191": {
            "year_quarter": 20191,
            "year": 2019,
            "quarter": 1,
            "eps": 0.32,
            "eps_growth_year": 190.91,
            "eps_4q": 0.84,
            "eps_4q_growth_year": 0.42,
            "roe": 1.7,
            "roe_4q": 4.699999999999999,
            "gross_profit": 249675,
            "gross_margin": 26.32,
            "gross_margin_4q_avg": 24.48,
            "net_income": 30074,
            "revenue": 948563,
            "common_shares": 1000000,
            "book_valuer_per_share": 17.6,
            "book_valuer_per_share_4q_avg": 17.25,
            "equity": 1782334,
            "current_ratio": 170.57,
            "debt_ratio": 49.91,
            "inventory_turnover_ratio": 1.31,
            "account_receivable_turnover_ratio": 1.24,
            "reinvestment_rate": -48.28,
            "research_to_sale_ratio": 6.62,
            "price_fair": 27.48,
            "eps_avg_yearly": 0.79,
            "eps_latest_yearly": 1.28,
            "eps_growth_yearly": 389.09
        },
        "20192": {
            "year_quarter": 20192,
            "year": 2019,
            "quarter": 2,
            "eps": 0.27,
            "eps_growth_year": 125,
            "eps_4q": 0.98,
            "eps_4q_growth_year": 15.98,
            "roe": 1.43,
            "roe_4q": 5.53,
            "gross_profit": 286469,
            "gross_margin": 18.61,
            "gross_margin_4q_avg": 22.7,
            "net_income": 25244,
            "revenue": 1538991,
            "common_shares": 1000000,
            "book_valuer_per_share": 17.39,
            "book_valuer_per_share_4q_avg": 17.36,
            "equity": 1760077,
            "current_ratio": 153.54,
            "debt_ratio": 55.62,
            "inventory_turnover_ratio": 1.97,
            "account_receivable_turnover_ratio": 2.14,
            "reinvestment_rate": -66.6,
            "research_to_sale_ratio": 3.9,
            "price_fair": 28.26,
            "eps_avg_yearly": 0.81,
            "eps_latest_yearly": 1.08,
            "eps_growth_yearly": 320.19
        },
        "20193": {
            "year_quarter": 20193,
            "year": 2019,
            "quarter": 3,
            "eps": 0.28,
            "eps_growth_year": 75,
            "eps_4q": 1.1,
            "eps_4q_growth_year": 39.23,
            "roe": 1.46,
            "roe_4q": 6.12,
            "gross_profit": 304094,
            "gross_margin": 22.2,
            "gross_margin_4q_avg": 22.3,
            "net_income": 25918,
            "revenue": 1369836,
            "common_shares": 1000000,
            "book_valuer_per_share": 17.64,
            "book_valuer_per_share_4q_avg": 17.49,
            "equity": 1781475,
            "current_ratio": 150.89,
            "debt_ratio": 57.48,
            "inventory_turnover_ratio": 1.79,
            "account_receivable_turnover_ratio": 1.68,
            "reinvestment_rate": -71.98,
            "research_to_sale_ratio": 6.38,
            "price_fair": 28.96,
            "eps_avg_yearly": 0.83,
            "eps_latest_yearly": 1.12,
            "eps_growth_yearly": 318.34
        },
        "20194": {
            "year_quarter": 20194,
            "year": 2019,
            "quarter": 4,
            "eps": 0.43,
            "eps_growth_year": 78.29,
            "eps_4q": 1.29,
            "eps_4q_growth_year": 105.29,
            "roe": 2.43,
            "roe_4q": 7.0200000000000005,
            "gross_profit": 403930,
            "gross_margin": 19.67,
            "gross_margin_4q_avg": 21.7,
            "net_income": 43701,
            "revenue": 2053467,
            "common_shares": 1000000,
            "book_valuer_per_share": 17.98,
            "book_valuer_per_share_4q_avg": 17.65,
            "equity": 1814882,
            "current_ratio": 150.76,
            "debt_ratio": 57.97,
            "inventory_turnover_ratio": 3.05,
            "account_receivable_turnover_ratio": 1.99,
            "reinvestment_rate": -73.24,
            "research_to_sale_ratio": 3.7,
            "price_fair": 30.71,
            "eps_avg_yearly": 0.88,
            "eps_latest_yearly": 1.72,
            "eps_growth_yearly": 327.98
        },
        "20201": {
            "year_quarter": 20201,
            "year": 2020,
            "quarter": 1,
            "eps": 0.25,
            "eps_growth_year": -21.88,
            "eps_4q": 1.22,
            "eps_4q_growth_year": 45.51,
            "roe": 1.24,
            "roe_4q": 6.56,
            "gross_profit": 251473,
            "gross_margin": 24.29,
            "gross_margin_4q_avg": 21.19,
            "net_income": 22516,
            "revenue": 1035476,
            "common_shares": 1000000,
            "book_valuer_per_share": 18.16,
            "book_valuer_per_share_4q_avg": 17.79,
            "equity": 1830790,
            "current_ratio": 177.69,
            "debt_ratio": 48.89,
            "inventory_turnover_ratio": 1.48,
            "account_receivable_turnover_ratio": 1.06,
            "reinvestment_rate": -70.08,
            "research_to_sale_ratio": 6.14,
            "price_fair": 32.55,
            "eps_avg_yearly": 0.93,
            "eps_latest_yearly": 1,
            "eps_growth_yearly": 338.17
        },
        "20202": {
            "year_quarter": 20202,
            "year": 2020,
            "quarter": 2,
            "eps": 0.38,
            "eps_growth_year": 40.74,
            "eps_4q": 1.33,
            "eps_4q_growth_year": 35.42,
            "roe": 2.04,
            "roe_4q": 7.170000000000001,
            "gross_profit": 312717,
            "gross_margin": 23.87,
            "gross_margin_4q_avg": 22.51,
            "net_income": 37047,
            "revenue": 1310168,
            "common_shares": 1000000,
            "book_valuer_per_share": 17.95,
            "book_valuer_per_share_4q_avg": 17.93,
            "equity": 1806545,
            "current_ratio": 162.43,
            "debt_ratio": 53.38,
            "inventory_turnover_ratio": 1.5,
            "account_receivable_turnover_ratio": 1.89,
            "reinvestment_rate": -73.88,
            "research_to_sale_ratio": 4.87,
            "price_fair": 33.86,
            "eps_avg_yearly": 0.97,
            "eps_latest_yearly": 1.52,
            "eps_growth_yearly": 232.42
        },
        "20203": {
            "year_quarter": 20203,
            "year": 2020,
            "quarter": 3,
            "eps": 0.34,
            "eps_growth_year": 21.43,
            "eps_4q": 1.4,
            "eps_4q_growth_year": 27.37,
            "roe": 1.76,
            "roe_4q": 7.470000000000001,
            "gross_profit": 330063,
            "gross_margin": 22.39,
            "gross_margin_4q_avg": 22.56,
            "net_income": 31944,
            "revenue": 1474033,
            "common_shares": 1000000,
            "book_valuer_per_share": 18.22,
            "book_valuer_per_share_4q_avg": 18.08,
            "equity": 1830811,
            "current_ratio": 158.84,
            "debt_ratio": 56.27,
            "inventory_turnover_ratio": 1.68,
            "account_receivable_turnover_ratio": 2.04,
            "reinvestment_rate": -67.69,
            "research_to_sale_ratio": 3.67,
            "price_fair": 36.49,
            "eps_avg_yearly": 1.04,
            "eps_latest_yearly": 1.36,
            "eps_growth_yearly": 250.44
        },
        "20204": {
            "year_quarter": 20204,
            "year": 2020,
            "quarter": 4,
            "eps": 0.73,
            "eps_growth_year": 68.54,
            "eps_4q": 1.7,
            "eps_4q_growth_year": 31.6,
            "roe": 4.04,
            "roe_4q": 9.08,
            "gross_profit": 416735,
            "gross_margin": 21.5,
            "gross_margin_4q_avg": 23.01,
            "net_income": 75335,
            "revenue": 1938189,
            "common_shares": 1000000,
            "book_valuer_per_share": 18.83,
            "book_valuer_per_share_4q_avg": 18.29,
            "equity": 1894704,
            "current_ratio": 160.41,
            "debt_ratio": 55.83,
            "inventory_turnover_ratio": 2.49,
            "account_receivable_turnover_ratio": 2.04,
            "reinvestment_rate": -80.41,
            "research_to_sale_ratio": 2.88,
            "price_fair": 39.73,
            "eps_avg_yearly": 1.14,
            "eps_latest_yearly": 2.92,
            "eps_growth_yearly": 79.11
        },
        "20211": {
            "year_quarter": 20211,
            "year": 2021,
            "quarter": 1,
            "eps": 0.43,
            "eps_growth_year": 72,
            "eps_4q": 1.88,
            "eps_4q_growth_year": 54.51,
            "roe": 2.21,
            "roe_4q": 10.05,
            "gross_profit": 280513,
            "gross_margin": 23.8,
            "gross_margin_4q_avg": 22.89,
            "net_income": 42329,
            "revenue": 1178423,
            "common_shares": 1000000,
            "book_valuer_per_share": 19.25,
            "book_valuer_per_share_4q_avg": 18.56,
            "equity": 1936041,
            "current_ratio": 193.55,
            "debt_ratio": 45.61,
            "inventory_turnover_ratio": 1.58,
            "account_receivable_turnover_ratio": 1.43,
            "reinvestment_rate": -77.54,
            "research_to_sale_ratio": 4.76,
            "price_fair": 41.83,
            "eps_avg_yearly": 1.2,
            "eps_latest_yearly": 1.72,
            "eps_growth_yearly": 80.65
        },
        "20212": {
            "year_quarter": 20212,
            "year": 2021,
            "quarter": 2,
            "eps": 0.4,
            "eps_growth_year": 5.26,
            "eps_4q": 1.9,
            "eps_4q_growth_year": 42.3,
            "roe": 2.01,
            "roe_4q": 10.02,
            "gross_profit": 329484,
            "gross_margin": 25.83,
            "gross_margin_4q_avg": 23.38,
            "net_income": 39296,
            "revenue": 1275399,
            "common_shares": 1000000,
            "book_valuer_per_share": 19.62,
            "book_valuer_per_share_4q_avg": 18.98,
            "equity": 1972626,
            "current_ratio": 185.53,
            "debt_ratio": 47.76,
            "inventory_turnover_ratio": 1.5,
            "account_receivable_turnover_ratio": 2.04,
            "reinvestment_rate": -75.27,
            "research_to_sale_ratio": 4.21,
            "price_fair": 44.45,
            "eps_avg_yearly": 1.27,
            "eps_latest_yearly": 1.6,
            "eps_growth_yearly": 90.74
        },
        "20213": {
            "year_quarter": 20213,
            "year": 2021,
            "quarter": 3,
            "eps": 0.48,
            "eps_growth_year": 41.18,
            "eps_4q": 2.03,
            "eps_4q_growth_year": 45.03,
            "roe": 2.51,
            "roe_4q": 10.77,
            "gross_profit": 376889,
            "gross_margin": 25.77,
            "gross_margin_4q_avg": 24.23,
            "net_income": 48307,
            "revenue": 1462713,
            "common_shares": 1000000,
            "book_valuer_per_share": 18.6,
            "book_valuer_per_share_4q_avg": 19.08,
            "equity": 1870541,
            "current_ratio": 160.94,
            "debt_ratio": 55.25,
            "inventory_turnover_ratio": 1.61,
            "account_receivable_turnover_ratio": 1.63,
            "reinvestment_rate": -80.82,
            "research_to_sale_ratio": 3.65,
            "price_fair": 46.73,
            "eps_avg_yearly": 1.34,
            "eps_latest_yearly": 1.92,
            "eps_growth_yearly": 65.74
        },
        "20214": {
            "year_quarter": 20214,
            "year": 2021,
            "quarter": 4,
            "eps": 0.85,
            "eps_growth_year": 16.91,
            "eps_4q": 2.16,
            "eps_4q_growth_year": 26.99,
            "roe": 4.42,
            "roe_4q": 11.149999999999999,
            "gross_profit": 437377,
            "gross_margin": 22.39,
            "gross_margin_4q_avg": 24.45,
            "net_income": 85045,
            "revenue": 1953060,
            "common_shares": 1000000,
            "book_valuer_per_share": 19.64,
            "book_valuer_per_share_4q_avg": 19.28,
            "equity": 1974757,
            "current_ratio": 163.93,
            "debt_ratio": 53.36,
            "inventory_turnover_ratio": 3.18,
            "account_receivable_turnover_ratio": 1.48,
            "reinvestment_rate": -70.36,
            "research_to_sale_ratio": 2.77,
            "price_fair": 50.66,
            "eps_avg_yearly": 1.45,
            "eps_latest_yearly": 3.4,
            "eps_growth_yearly": 64.56
        },
        "20221": {
            "year_quarter": 20221,
            "year": 2022,
            "quarter": 1,
            "eps": 0.69,
            "eps_growth_year": 60.47,
            "eps_4q": 2.42,
            "eps_4q_growth_year": 28.4,
            "roe": 3.37,
            "roe_4q": 12.31,
            "gross_profit": 298015,
            "gross_margin": 24.49,
            "gross_margin_4q_avg": 24.62,
            "net_income": 67865,
            "revenue": 1216893,
            "common_shares": 1000000,
            "book_valuer_per_share": 20.43,
            "book_valuer_per_share_4q_avg": 19.57,
            "equity": 2052798,
            "current_ratio": 191.16,
            "debt_ratio": 45.98,
            "inventory_turnover_ratio": 2.66,
            "account_receivable_turnover_ratio": 1.12,
            "reinvestment_rate": -28.8,
            "research_to_sale_ratio": 5.38,
            "price_fair": 55.74,
            "eps_avg_yearly": 1.59,
            "eps_latest_yearly": 2.76,
            "eps_growth_yearly": 77.98
        },
        "20222": {
            "year_quarter": 20222,
            "year": 2022,
            "quarter": 2,
            "eps": 0.27,
            "eps_growth_year": -32.5,
            "eps_4q": 2.29,
            "eps_4q_growth_year": 20.78,
            "roe": 1.33,
            "roe_4q": 11.63,
            "gross_profit": 332925,
            "gross_margin": 26.05,
            "gross_margin_4q_avg": 24.68,
            "net_income": 26137,
            "revenue": 1277876,
            "common_shares": 1000000,
            "book_valuer_per_share": 18.82,
            "book_valuer_per_share_4q_avg": 19.37,
            "equity": 1890983,
            "current_ratio": 169.03,
            "debt_ratio": 52.12,
            "inventory_turnover_ratio": 2.2,
            "account_receivable_turnover_ratio": 1.89,
            "reinvestment_rate": -27.6,
            "research_to_sale_ratio": 4.53,
            "price_fair": 57.05,
            "eps_avg_yearly": 1.63,
            "eps_latest_yearly": 1.08,
            "eps_growth_yearly": 60.49
        },
        "20223": {
            "year_quarter": 20223,
            "year": 2022,
            "quarter": 3,
            "eps": 0.58,
            "eps_growth_year": 20.83,
            "eps_4q": 2.39,
            "eps_4q_growth_year": 17.32,
            "roe": 2.94,
            "roe_4q": 12.059999999999999,
            "gross_profit": 390627,
            "gross_margin": 26.17,
            "gross_margin_4q_avg": 24.78,
            "net_income": 56308,
            "revenue": 1492641,
            "common_shares": 1000000,
            "book_valuer_per_share": 19.37,
            "book_valuer_per_share_4q_avg": 19.57,
            "equity": 1944366,
            "current_ratio": 166.49,
            "debt_ratio": 52.99,
            "inventory_turnover_ratio": 2.09,
            "account_receivable_turnover_ratio": 1.69,
            "reinvestment_rate": -24.1,
            "research_to_sale_ratio": 4,
            "price_fair": 60.73,
            "eps_avg_yearly": 1.74,
            "eps_latest_yearly": 2.32,
            "eps_growth_yearly": 80.86
        },
        "20224": {
            "year_quarter": 20224,
            "year": 2022,
            "quarter": 4,
            "eps": 0.97,
            "eps_growth_year": 14.06,
            "eps_4q": 2.51,
            "eps_4q_growth_year": 16.17,
            "roe": 4.73,
            "roe_4q": 12.370000000000001,
            "gross_profit": 496933,
            "gross_margin": 25.31,
            "gross_margin_4q_avg": 25.51,
            "net_income": 94635,
            "revenue": 1963114,
            "common_shares": 1000000,
            "book_valuer_per_share": 20.5,
            "book_valuer_per_share_4q_avg": 19.78,
            "equity": 2054813,
            "current_ratio": 164.81,
            "debt_ratio": 53.67,
            "inventory_turnover_ratio": 2.8,
            "account_receivable_turnover_ratio": 1.57,
            "reinvestment_rate": -20.1,
            "research_to_sale_ratio": 2.39,
            "price_fair": 67.11,
            "eps_avg_yearly": 1.92,
            "eps_latest_yearly": 3.88,
            "eps_growth_yearly": 85.17
        },
        "20231": {
            "year_quarter": 20231,
            "year": 2023,
            "quarter": 1,
            "eps": 0.84,
            "eps_growth_year": 21.74,
            "eps_4q": 2.66,
            "eps_4q_growth_year": 10.19,
            "roe": 4,
            "roe_4q": 13,
            "gross_profit": 333669,
            "gross_margin": 26.76,
            "gross_margin_4q_avg": 26.07,
            "net_income": 83991,
            "revenue": 1246921,
            "common_shares": 1000000,
            "book_valuer_per_share": 21.36,
            "book_valuer_per_share_4q_avg": 20.01,
            "equity": 2140125,
            "current_ratio": 180.61,
            "debt_ratio": 48.85,
            "inventory_turnover_ratio": 1.8,
            "account_receivable_turnover_ratio": 1.08,
            "reinvestment_rate": -17.99,
            "research_to_sale_ratio": 4.28,
            "price_fair": 71.66,
            "eps_avg_yearly": 2.05,
            "eps_latest_yearly": 3.36,
            "eps_growth_yearly": 73.49
        }
    },
    "months": {
        "2001-06": {
            "month": "2001-06",
            "price": "32.80",
            "revenue": 428389
        },
        "2001-07": {
            "month": "2001-07",
            "price": "23.21",
            "revenue": 93034
        },
        "2001-08": {
            "month": "2001-08",
            "price": "22.76",
            "revenue": 130013
        },
        "2001-09": {
            "month": "2001-09",
            "price": "17.81",
            "revenue": 154157
        },
        "2001-10": {
            "month": "2001-10",
            "price": "14.94",
            "revenue": 194394
        },
        "2001-11": {
            "month": "2001-11",
            "price": "18.09",
            "revenue": 415182
        },
        "2001-12": {
            "month": "2001-12",
            "price": "22.72",
            "revenue": 300663
        },
        "2002-01": {
            "month": "2002-01",
            "price": "24.83",
            "revenue": 95107
        },
        "2002-02": {
            "month": "2002-02",
            "price": "22.48",
            "revenue": 176256
        },
        "2002-03": {
            "month": "2002-03",
            "price": "23.34",
            "revenue": 110913
        },
        "2002-04": {
            "month": "2002-04",
            "price": "23.49",
            "revenue": 101335
        },
        "2002-05": {
            "month": "2002-05",
            "price": "18.40",
            "revenue": 101263
        },
        "2002-06": {
            "month": "2002-06",
            "price": "16.99",
            "revenue": 150512
        },
        "2002-07": {
            "month": "2002-07",
            "price": "14.67",
            "revenue": 223563
        },
        "2002-08": {
            "month": "2002-08",
            "price": "13.31",
            "revenue": 185712
        },
        "2002-09": {
            "month": "2002-09",
            "price": "11.60",
            "revenue": 194926
        },
        "2002-10": {
            "month": "2002-10",
            "price": "11.31",
            "revenue": 127451
        },
        "2002-11": {
            "month": "2002-11",
            "price": "11.15",
            "revenue": 170553
        },
        "2002-12": {
            "month": "2002-12",
            "price": "10.48",
            "revenue": 229861
        },
        "2003-01": {
            "month": "2003-01",
            "price": "11.33",
            "revenue": 115413
        },
        "2003-02": {
            "month": "2003-02",
            "price": "12.66",
            "revenue": 56731
        },
        "2003-03": {
            "month": "2003-03",
            "price": "10.98",
            "revenue": 149587
        },
        "2003-04": {
            "month": "2003-04",
            "price": "10.81",
            "revenue": 95468
        },
        "2003-05": {
            "month": "2003-05",
            "price": "10.61",
            "revenue": 241039
        },
        "2003-06": {
            "month": "2003-06",
            "price": "12.12",
            "revenue": 248651
        },
        "2003-07": {
            "month": "2003-07",
            "price": "15.78",
            "revenue": 273133
        },
        "2003-08": {
            "month": "2003-08",
            "price": "14.53",
            "revenue": 273351
        },
        "2003-09": {
            "month": "2003-09",
            "price": "12.84",
            "revenue": 175752
        },
        "2003-10": {
            "month": "2003-10",
            "price": "13.17",
            "revenue": 190640
        },
        "2003-11": {
            "month": "2003-11",
            "price": "14.30",
            "revenue": 207508
        },
        "2003-12": {
            "month": "2003-12",
            "price": "14.66",
            "revenue": 301590
        },
        "2004-01": {
            "month": "2004-01",
            "price": "15.15",
            "revenue": 109057
        },
        "2004-02": {
            "month": "2004-02",
            "price": "15.68",
            "revenue": 82366
        },
        "2004-03": {
            "month": "2004-03",
            "price": "14.34",
            "revenue": 145821
        },
        "2004-04": {
            "month": "2004-04",
            "price": "13.10",
            "revenue": 209337
        },
        "2004-05": {
            "month": "2004-05",
            "price": "11.19",
            "revenue": 179836
        },
        "2004-06": {
            "month": "2004-06",
            "price": "11.37",
            "revenue": 182961
        },
        "2004-07": {
            "month": "2004-07",
            "price": "10.59",
            "revenue": 135996
        },
        "2004-08": {
            "month": "2004-08",
            "price": "10.18",
            "revenue": 161017
        },
        "2004-09": {
            "month": "2004-09",
            "price": "10.55",
            "revenue": 195506
        },
        "2004-10": {
            "month": "2004-10",
            "price": "10.21",
            "revenue": 167223
        },
        "2004-11": {
            "month": "2004-11",
            "price": "10.10",
            "revenue": 304272
        },
        "2004-12": {
            "month": "2004-12",
            "price": "10.03",
            "revenue": 372313
        },
        "2005-01": {
            "month": "2005-01",
            "price": "10.18",
            "revenue": 81453
        },
        "2005-02": {
            "month": "2005-02",
            "price": "10.41",
            "revenue": 93201
        },
        "2005-03": {
            "month": "2005-03",
            "price": "10.81",
            "revenue": 161387
        },
        "2005-04": {
            "month": "2005-04",
            "price": "10.24",
            "revenue": 147133
        },
        "2005-05": {
            "month": "2005-05",
            "price": "9.77",
            "revenue": 107690
        },
        "2005-06": {
            "month": "2005-06",
            "price": "10.24",
            "revenue": 259122
        },
        "2005-07": {
            "month": "2005-07",
            "price": "10.97",
            "revenue": 195425
        },
        "2005-08": {
            "month": "2005-08",
            "price": "9.80",
            "revenue": 69853
        },
        "2005-09": {
            "month": "2005-09",
            "price": "9.28",
            "revenue": 195624
        },
        "2005-10": {
            "month": "2005-10",
            "price": "8.73",
            "revenue": 161204
        },
        "2005-11": {
            "month": "2005-11",
            "price": "8.16",
            "revenue": 120009
        },
        "2005-12": {
            "month": "2005-12",
            "price": "8.53",
            "revenue": 362716
        },
        "2006-01": {
            "month": "2006-01",
            "price": "8.48",
            "revenue": 83151
        },
        "2006-02": {
            "month": "2006-02",
            "price": "7.96",
            "revenue": 82093
        },
        "2006-03": {
            "month": "2006-03",
            "price": "7.47",
            "revenue": 142198
        },
        "2006-04": {
            "month": "2006-04",
            "price": "7.60",
            "revenue": 74164
        },
        "2006-05": {
            "month": "2006-05",
            "price": "7.89",
            "revenue": 118758
        },
        "2006-06": {
            "month": "2006-06",
            "price": "7.63",
            "revenue": 78486
        },
        "2006-07": {
            "month": "2006-07",
            "price": "6.81",
            "revenue": 145698
        },
        "2006-08": {
            "month": "2006-08",
            "price": "6.71",
            "revenue": 184660
        },
        "2006-09": {
            "month": "2006-09",
            "price": "6.60",
            "revenue": 140448
        },
        "2006-10": {
            "month": "2006-10",
            "price": "7.26",
            "revenue": 86530
        },
        "2006-11": {
            "month": "2006-11",
            "price": "7.44",
            "revenue": 122383
        },
        "2006-12": {
            "month": "2006-12",
            "price": "8.29",
            "revenue": 384861
        },
        "2007-01": {
            "month": "2007-01",
            "price": "10.38",
            "revenue": 155477
        },
        "2007-02": {
            "month": "2007-02",
            "price": "10.64",
            "revenue": 41501
        },
        "2007-03": {
            "month": "2007-03",
            "price": "11.41",
            "revenue": 87474
        },
        "2007-04": {
            "month": "2007-04",
            "price": "11.42",
            "revenue": 74818
        },
        "2007-05": {
            "month": "2007-05",
            "price": "10.70",
            "revenue": 176923
        },
        "2007-06": {
            "month": "2007-06",
            "price": "13.68",
            "revenue": 416599
        },
        "2007-07": {
            "month": "2007-07",
            "price": "18.31",
            "revenue": 108645
        },
        "2007-08": {
            "month": "2007-08",
            "price": "15.55",
            "revenue": 138839
        },
        "2007-09": {
            "month": "2007-09",
            "price": "14.56",
            "revenue": 181060
        },
        "2007-10": {
            "month": "2007-10",
            "price": "15.68",
            "revenue": 218299
        },
        "2007-11": {
            "month": "2007-11",
            "price": "11.88",
            "revenue": 140011
        },
        "2007-12": {
            "month": "2007-12",
            "price": "9.61",
            "revenue": 151610
        },
        "2008-01": {
            "month": "2008-01",
            "price": "8.61",
            "revenue": 78618
        },
        "2008-02": {
            "month": "2008-02",
            "price": "8.59",
            "revenue": 91024
        },
        "2008-03": {
            "month": "2008-03",
            "price": "9.59",
            "revenue": 113803
        },
        "2008-04": {
            "month": "2008-04",
            "price": "10.46",
            "revenue": 231688
        },
        "2008-05": {
            "month": "2008-05",
            "price": "12.76",
            "revenue": 111234
        },
        "2008-06": {
            "month": "2008-06",
            "price": "9.83",
            "revenue": 206417
        },
        "2008-07": {
            "month": "2008-07",
            "price": "8.52",
            "revenue": 288740
        },
        "2008-08": {
            "month": "2008-08",
            "price": "8.70",
            "revenue": 174078
        },
        "2008-09": {
            "month": "2008-09",
            "price": "7.86",
            "revenue": 210003
        },
        "2008-10": {
            "month": "2008-10",
            "price": "7.06",
            "revenue": 138016
        },
        "2008-11": {
            "month": "2008-11",
            "price": "6.68",
            "revenue": 194575
        },
        "2008-12": {
            "month": "2008-12",
            "price": "6.32",
            "revenue": 452836
        },
        "2009-01": {
            "month": "2009-01",
            "price": "6.34",
            "revenue": 80734
        },
        "2009-02": {
            "month": "2009-02",
            "price": "6.58",
            "revenue": 177597
        },
        "2009-03": {
            "month": "2009-03",
            "price": "7.57",
            "revenue": 197087
        },
        "2009-04": {
            "month": "2009-04",
            "price": "9.18",
            "revenue": 143006
        },
        "2009-05": {
            "month": "2009-05",
            "price": "8.75",
            "revenue": 102643
        },
        "2009-06": {
            "month": "2009-06",
            "price": "8.50",
            "revenue": 285261
        },
        "2009-07": {
            "month": "2009-07",
            "price": "8.66",
            "revenue": 177044
        },
        "2009-08": {
            "month": "2009-08",
            "price": "9.05",
            "revenue": 202736
        },
        "2009-09": {
            "month": "2009-09",
            "price": "9.05",
            "revenue": 353243
        },
        "2009-10": {
            "month": "2009-10",
            "price": "10.16",
            "revenue": 184962
        },
        "2009-11": {
            "month": "2009-11",
            "price": "11.33",
            "revenue": 281982
        },
        "2009-12": {
            "month": "2009-12",
            "price": "16.24",
            "revenue": 445891
        },
        "2010-01": {
            "month": "2010-01",
            "price": "15.89",
            "revenue": 155034
        },
        "2010-02": {
            "month": "2010-02",
            "price": "14.79",
            "revenue": 191057
        },
        "2010-03": {
            "month": "2010-03",
            "price": "16.93",
            "revenue": 371968
        },
        "2010-04": {
            "month": "2010-04",
            "price": "17.97",
            "revenue": 263693
        },
        "2010-05": {
            "month": "2010-05",
            "price": "15.45",
            "revenue": 253453
        },
        "2010-06": {
            "month": "2010-06",
            "price": "15.75",
            "revenue": 282914
        },
        "2010-07": {
            "month": "2010-07",
            "price": "17.25",
            "revenue": 223720
        },
        "2010-08": {
            "month": "2010-08",
            "price": "15.81",
            "revenue": 185201
        },
        "2010-09": {
            "month": "2010-09",
            "price": "15.26",
            "revenue": 154745
        },
        "2010-10": {
            "month": "2010-10",
            "price": "14.79",
            "revenue": 201329
        },
        "2010-11": {
            "month": "2010-11",
            "price": "13.62",
            "revenue": 230145
        },
        "2010-12": {
            "month": "2010-12",
            "price": "14.39",
            "revenue": 541204
        },
        "2011-01": {
            "month": "2011-01",
            "price": "14.16",
            "revenue": 156836
        },
        "2011-02": {
            "month": "2011-02",
            "price": "13.26",
            "revenue": 196349
        },
        "2011-03": {
            "month": "2011-03",
            "price": "12.09",
            "revenue": 348045
        },
        "2011-04": {
            "month": "2011-04",
            "price": "11.93",
            "revenue": 133829
        },
        "2011-05": {
            "month": "2011-05",
            "price": "11.25",
            "revenue": 311336
        },
        "2011-06": {
            "month": "2011-06",
            "price": "12.75",
            "revenue": 418371
        },
        "2011-07": {
            "month": "2011-07",
            "price": "12.72",
            "revenue": 145523
        },
        "2011-08": {
            "month": "2011-08",
            "price": "10.26",
            "revenue": 255187
        },
        "2011-09": {
            "month": "2011-09",
            "price": "10.34",
            "revenue": 299564
        },
        "2011-10": {
            "month": "2011-10",
            "price": "11.16",
            "revenue": 281587
        },
        "2011-11": {
            "month": "2011-11",
            "price": "10.74",
            "revenue": 315446
        },
        "2011-12": {
            "month": "2011-12",
            "price": "9.73",
            "revenue": 510571
        },
        "2012-01": {
            "month": "2012-01",
            "price": "10.03",
            "revenue": 178099
        },
        "2012-02": {
            "month": "2012-02",
            "price": "13.08",
            "revenue": 163101
        },
        "2012-03": {
            "month": "2012-03",
            "price": "12.23",
            "revenue": 280145
        },
        "2012-04": {
            "month": "2012-04",
            "price": "10.82",
            "revenue": 168222
        },
        "2012-05": {
            "month": "2012-05",
            "price": "10.48",
            "revenue": 247040
        },
        "2012-06": {
            "month": "2012-06",
            "price": "9.91",
            "revenue": 457630
        },
        "2012-07": {
            "month": "2012-07",
            "price": "9.77",
            "revenue": 518866
        },
        "2012-08": {
            "month": "2012-08",
            "price": "11.07",
            "revenue": 256969
        },
        "2012-09": {
            "month": "2012-09",
            "price": "12.04",
            "revenue": 289916
        },
        "2012-10": {
            "month": "2012-10",
            "price": "11.35",
            "revenue": 316156
        },
        "2012-11": {
            "month": "2012-11",
            "price": "10.39",
            "revenue": 395081
        },
        "2012-12": {
            "month": "2012-12",
            "price": "11.45",
            "revenue": 537929
        },
        "2013-01": {
            "month": "2013-01",
            "price": "11.70",
            "revenue": 327861
        },
        "2013-02": {
            "month": "2013-02",
            "price": "11.47",
            "revenue": 158212
        },
        "2013-03": {
            "month": "2013-03",
            "price": "11.43",
            "revenue": 490704
        },
        "2013-04": {
            "month": "2013-04",
            "price": "11.66",
            "revenue": 299227
        },
        "2013-05": {
            "month": "2013-05",
            "price": "11.66",
            "revenue": 498681
        },
        "2013-06": {
            "month": "2013-06",
            "price": "11.36",
            "revenue": 428586
        },
        "2013-07": {
            "month": "2013-07",
            "price": "11.08",
            "revenue": 367092
        },
        "2013-08": {
            "month": "2013-08",
            "price": "12.56",
            "revenue": 269904
        },
        "2013-09": {
            "month": "2013-09",
            "price": "13.24",
            "revenue": 440987
        },
        "2013-10": {
            "month": "2013-10",
            "price": "13.82",
            "revenue": 710785
        },
        "2013-11": {
            "month": "2013-11",
            "price": "14.59",
            "revenue": 444336
        },
        "2013-12": {
            "month": "2013-12",
            "price": "16.22",
            "revenue": 432075
        },
        "2014-01": {
            "month": "2014-01",
            "price": "17.79",
            "revenue": 326739
        },
        "2014-02": {
            "month": "2014-02",
            "price": "16.94",
            "revenue": 326002
        },
        "2014-03": {
            "month": "2014-03",
            "price": "18.49",
            "revenue": 248058
        },
        "2014-04": {
            "month": "2014-04",
            "price": "17.17",
            "revenue": 324785
        },
        "2014-05": {
            "month": "2014-05",
            "price": "15.88",
            "revenue": 511009
        },
        "2014-06": {
            "month": "2014-06",
            "price": "16.30",
            "revenue": 437294
        },
        "2014-07": {
            "month": "2014-07",
            "price": "15.40",
            "revenue": 267841
        },
        "2014-08": {
            "month": "2014-08",
            "price": "14.41",
            "revenue": 360756
        },
        "2014-09": {
            "month": "2014-09",
            "price": "15.65",
            "revenue": 386875
        },
        "2014-10": {
            "month": "2014-10",
            "price": "14.82",
            "revenue": 372080
        },
        "2014-11": {
            "month": "2014-11",
            "price": "13.64",
            "revenue": 352260
        },
        "2014-12": {
            "month": "2014-12",
            "price": "13.31",
            "revenue": 715604
        },
        "2015-01": {
            "month": "2015-01",
            "price": "15.43",
            "revenue": 250752
        },
        "2015-02": {
            "month": "2015-02",
            "price": "14.82",
            "revenue": 223217
        },
        "2015-03": {
            "month": "2015-03",
            "price": "15.37",
            "revenue": 279614
        },
        "2015-04": {
            "month": "2015-04",
            "price": "14.52",
            "revenue": 277908
        },
        "2015-05": {
            "month": "2015-05",
            "price": "13.58",
            "revenue": 247061
        },
        "2015-06": {
            "month": "2015-06",
            "price": "12.19",
            "revenue": 262497
        },
        "2015-07": {
            "month": "2015-07",
            "price": "11.32",
            "revenue": 286668
        },
        "2015-08": {
            "month": "2015-08",
            "price": "9.90",
            "revenue": 272899
        },
        "2015-09": {
            "month": "2015-09",
            "price": "10.32",
            "revenue": 432408
        },
        "2015-10": {
            "month": "2015-10",
            "price": "11.44",
            "revenue": 376700
        },
        "2015-11": {
            "month": "2015-11",
            "price": "11.30",
            "revenue": 436663
        },
        "2015-12": {
            "month": "2015-12",
            "price": "10.79",
            "revenue": 557334
        },
        "2016-01": {
            "month": "2016-01",
            "price": "10.08",
            "revenue": 269965
        },
        "2016-02": {
            "month": "2016-02",
            "price": "10.25",
            "revenue": 202669
        },
        "2016-03": {
            "month": "2016-03",
            "price": "11.34",
            "revenue": 339775
        },
        "2016-04": {
            "month": "2016-04",
            "price": "11.23",
            "revenue": 222594
        },
        "2016-05": {
            "month": "2016-05",
            "price": "10.71",
            "revenue": 399898
        },
        "2016-06": {
            "month": "2016-06",
            "price": "10.76",
            "revenue": 239154
        },
        "2016-07": {
            "month": "2016-07",
            "price": "11.33",
            "revenue": 220360
        },
        "2016-08": {
            "month": "2016-08",
            "price": "11.34",
            "revenue": 293589
        },
        "2016-09": {
            "month": "2016-09",
            "price": "11.40",
            "revenue": 311401
        },
        "2016-10": {
            "month": "2016-10",
            "price": "11.14",
            "revenue": 398255
        },
        "2016-11": {
            "month": "2016-11",
            "price": "10.47",
            "revenue": 378143
        },
        "2016-12": {
            "month": "2016-12",
            "price": "10.59",
            "revenue": 629778
        },
        "2017-01": {
            "month": "2017-01",
            "price": "10.79",
            "revenue": 325327
        },
        "2017-02": {
            "month": "2017-02",
            "price": "11.49",
            "revenue": 323726
        },
        "2017-03": {
            "month": "2017-03",
            "price": "12.28",
            "revenue": 410153
        },
        "2017-04": {
            "month": "2017-04",
            "price": "12.45",
            "revenue": 276638
        },
        "2017-05": {
            "month": "2017-05",
            "price": "12.82",
            "revenue": 248805
        },
        "2017-06": {
            "month": "2017-06",
            "price": "12.39",
            "revenue": 353497
        },
        "2017-07": {
            "month": "2017-07",
            "price": "12.48",
            "revenue": 301627
        },
        "2017-08": {
            "month": "2017-08",
            "price": "12.96",
            "revenue": 373130
        },
        "2017-09": {
            "month": "2017-09",
            "price": "13.40",
            "revenue": 422917
        },
        "2017-10": {
            "month": "2017-10",
            "price": "13.60",
            "revenue": 636557
        },
        "2017-11": {
            "month": "2017-11",
            "price": "13.80",
            "revenue": 474983
        },
        "2017-12": {
            "month": "2017-12",
            "price": "13.79",
            "revenue": 655714
        },
        "2018-01": {
            "month": "2018-01",
            "price": "14.99",
            "revenue": 341932
        },
        "2018-02": {
            "month": "2018-02",
            "price": "13.90",
            "revenue": 328684
        },
        "2018-03": {
            "month": "2018-03",
            "price": "14.64",
            "revenue": 355423
        },
        "2018-04": {
            "month": "2018-04",
            "price": "14.35",
            "revenue": 337616
        },
        "2018-05": {
            "month": "2018-05",
            "price": "14.07",
            "revenue": 298858
        },
        "2018-06": {
            "month": "2018-06",
            "price": "14.24",
            "revenue": 403870
        },
        "2018-07": {
            "month": "2018-07",
            "price": "13.35",
            "revenue": 308447
        },
        "2018-08": {
            "month": "2018-08",
            "price": "13.32",
            "revenue": 383231
        },
        "2018-09": {
            "month": "2018-09",
            "price": "12.49",
            "revenue": 432447
        },
        "2018-10": {
            "month": "2018-10",
            "price": "11.40",
            "revenue": 466579
        },
        "2018-11": {
            "month": "2018-11",
            "price": "11.35",
            "revenue": 463132
        },
        "2018-12": {
            "month": "2018-12",
            "price": "11.25",
            "revenue": 606511
        },
        "2019-01": {
            "month": "2019-01",
            "price": "11.73",
            "revenue": 322102
        },
        "2019-02": {
            "month": "2019-02",
            "price": "13.46",
            "revenue": 309717
        },
        "2019-03": {
            "month": "2019-03",
            "price": "13.62",
            "revenue": 316744
        },
        "2019-04": {
            "month": "2019-04",
            "price": "13.73",
            "revenue": 646292
        },
        "2019-05": {
            "month": "2019-05",
            "price": "14.07",
            "revenue": 358699
        },
        "2019-06": {
            "month": "2019-06",
            "price": "14.74",
            "revenue": 534000
        },
        "2019-07": {
            "month": "2019-07",
            "price": "16.80",
            "revenue": 414209
        },
        "2019-08": {
            "month": "2019-08",
            "price": "17.40",
            "revenue": 442810
        },
        "2019-09": {
            "month": "2019-09",
            "price": "16.54",
            "revenue": 512817
        },
        "2019-10": {
            "month": "2019-10",
            "price": "16.58",
            "revenue": 536028
        },
        "2019-11": {
            "month": "2019-11",
            "price": "16.81",
            "revenue": 600722
        },
        "2019-12": {
            "month": "2019-12",
            "price": "16.86",
            "revenue": 916717
        },
        "2020-01": {
            "month": "2020-01",
            "price": "17.05",
            "revenue": 341884
        },
        "2020-02": {
            "month": "2020-02",
            "price": "16.28",
            "revenue": 313705
        },
        "2020-03": {
            "month": "2020-03",
            "price": "13.90",
            "revenue": 379887
        },
        "2020-04": {
            "month": "2020-04",
            "price": "15.83",
            "revenue": 438122
        },
        "2020-05": {
            "month": "2020-05",
            "price": "16.55",
            "revenue": 423134
        },
        "2020-06": {
            "month": "2020-06",
            "price": "17.82",
            "revenue": 448912
        },
        "2020-07": {
            "month": "2020-07",
            "price": "17.81",
            "revenue": 432225
        },
        "2020-08": {
            "month": "2020-08",
            "price": "17.58",
            "revenue": 430957
        },
        "2020-09": {
            "month": "2020-09",
            "price": "17.32",
            "revenue": 610851
        },
        "2020-10": {
            "month": "2020-10",
            "price": "16.84",
            "revenue": 595762
        },
        "2020-11": {
            "month": "2020-11",
            "price": "16.73",
            "revenue": 633563
        },
        "2020-12": {
            "month": "2020-12",
            "price": "17.76",
            "revenue": 708864
        },
        "2021-01": {
            "month": "2021-01",
            "price": "17.34",
            "revenue": 391667
        },
        "2021-02": {
            "month": "2021-02",
            "price": "17.19",
            "revenue": 364970
        },
        "2021-03": {
            "month": "2021-03",
            "price": "19.88",
            "revenue": 421786
        },
        "2021-04": {
            "month": "2021-04",
            "price": "26.36",
            "revenue": 453411
        },
        "2021-05": {
            "month": "2021-05",
            "price": "25.39",
            "revenue": 343518
        },
        "2021-06": {
            "month": "2021-06",
            "price": "25.14",
            "revenue": 478470
        },
        "2021-07": {
            "month": "2021-07",
            "price": "25.27",
            "revenue": 414326
        },
        "2021-08": {
            "month": "2021-08",
            "price": "24.38",
            "revenue": 436411
        },
        "2021-09": {
            "month": "2021-09",
            "price": "22.14",
            "revenue": 611976
        },
        "2021-10": {
            "month": "2021-10",
            "price": "22.56",
            "revenue": 563364
        },
        "2021-11": {
            "month": "2021-11",
            "price": "25.13",
            "revenue": 678405
        },
        "2021-12": {
            "month": "2021-12",
            "price": "27.86",
            "revenue": 711291
        },
        "2022-01": {
            "month": "2022-01",
            "price": "28.31",
            "revenue": 396334
        },
        "2022-02": {
            "month": "2022-02",
            "price": "25.52",
            "revenue": 376929
        },
        "2022-03": {
            "month": "2022-03",
            "price": "26.13",
            "revenue": 443630
        },
        "2022-04": {
            "month": "2022-04",
            "price": "28.98",
            "revenue": 454849
        },
        "2022-05": {
            "month": "2022-05",
            "price": "27.18",
            "revenue": 329954
        },
        "2022-06": {
            "month": "2022-06",
            "price": "26.61",
            "revenue": 493073
        },
        "2022-07": {
            "month": "2022-07",
            "price": "25.42",
            "revenue": 421165
        },
        "2022-08": {
            "month": "2022-08",
            "price": "26.69",
            "revenue": 446950
        },
        "2022-09": {
            "month": "2022-09",
            "price": "24.87",
            "revenue": 624526
        },
        "2022-10": {
            "month": "2022-10",
            "price": "23.85",
            "revenue": 567300
        },
        "2022-11": {
            "month": "2022-11",
            "price": "24.71",
            "revenue": 679837
        },
        "2022-12": {
            "month": "2022-12",
            "price": "25.30",
            "revenue": 715977
        },
        "2023-01": {
            "month": "2023-01",
            "price": "25.77",
            "revenue": 396404
        },
        "2023-02": {
            "month": "2023-02",
            "price": "36.25",
            "revenue": 380070
        },
        "2023-03": {
            "month": "2023-03",
            "price": "61.24",
            "revenue": 470447
        },
        "2023-04": {
            "month": "2023-04",
            "price": "70.74",
            "revenue": 466309
        }
    }
}
