{
    "summary": {
        "stock_name": "聯發科",
        "stock_id": "2454",
        "category": "半導體",
        "main_business": "多媒體IC 、電腦週邊IC、高階消費性IC、其他特殊應用IC",
        "website_url": "http://www.mediatek.com",
        "ceo": "陳冠州",
        "pe_ratio": 25,
        "report_year_from": 2001,
        "report_year_to": 2023,
        "age": 23,
        "eps_negative_percentage": 0,
        "eps_growth_avg": {
            "last_all": 10.16,
            "last_2y": 23.61,
            "last_4y": 31.74,
            "last_8y": 10.33,
            "last_12y": 11.39,
            "last_16y": 12.31,
            "last_20y": 8.99,
            "at_2006_last_3y": -5.13,
            "at_2007_last_3y": 5.78,
            "at_2008_last_3y": 2.3,
            "at_2009_last_3y": 22.22,
            "at_2010_last_3y": 15.33,
            "at_2011_last_3y": -7.9,
            "at_2012_last_3y": 3.68,
            "at_2013_last_3y": -2.07,
            "at_2014_last_3y": 13.76,
            "at_2015_last_3y": 16.7,
            "at_2016_last_3y": 14.36,
            "at_2017_last_3y": -1.16,
            "at_2018_last_3y": -16.43,
            "at_2019_last_3y": -2.56,
            "at_2020_last_3y": 18.91,
            "at_2021_last_3y": 43.28,
            "at_2022_last_3y": 48.43,
            "at_2023_last_3y": 36.98,
            "at_2024_last_3y": 36.98,
            "at_2006_last_all": 2.82,
            "at_2007_last_all": 8.43,
            "at_2008_last_all": 0.69,
            "at_2009_last_all": 11.55,
            "at_2010_last_all": 8.38,
            "at_2011_last_all": 1.9,
            "at_2012_last_all": 1.78,
            "at_2013_last_all": 7.01,
            "at_2014_last_all": 10.04,
            "at_2015_last_all": 6.13,
            "at_2016_last_all": 5.13,
            "at_2017_last_all": 4.97,
            "at_2018_last_all": 3.81,
            "at_2019_last_all": 4.2,
            "at_2020_last_all": 8.03,
            "at_2021_last_all": 12.63,
            "at_2022_last_all": 12.31,
            "at_2023_last_all": 10.16,
            "at_2024_last_all": 10.16
        },
        "latest_eps": 48.36,
        "latest_price": 1195,
        "latest_roe": 18.89,
        "latest_gross_margin": 48.33,
        "latest_equity": 374205358,
        "latest_revenue": 129562005,
        "latest_gross_profit": 62616388,
        "latest_net_income": 25713115,
        "latest_debt_ratio": 41.07,
        "latest_current_ratio": 125.38,
        "latest_account_receivable_turnover_ratio": 2.23,
        "latest_inventory_turnover_ratio": 1.39,
        "latest_reinvestment_rate": 4.59,
        "latest_research_to_sale_ratio": 23.52
    },
    "eps_dividends": {
        "2000": {
            "cash": 0,
            "stock": 7.5,
            "eps": 0
        },
        "2001": {
            "cash": 1,
            "stock": 4,
            "eps": 24.28
        },
        "2002": {
            "cash": 4,
            "stock": 4,
            "eps": 32.69
        },
        "2003": {
            "cash": 8,
            "stock": 3.5,
            "eps": 30.35
        },
        "2004": {
            "cash": 8.55,
            "stock": 1.81,
            "eps": 20.68
        },
        "2005": {
            "cash": 10,
            "stock": 1,
            "eps": 22.32
        },
        "2006": {
            "cash": 11,
            "stock": 1,
            "eps": 24.68
        },
        "2007": {
            "cash": 15,
            "stock": 0.5,
            "eps": 33.68
        },
        "2008": {
            "cash": 19,
            "stock": 0.1,
            "eps": 18.27
        },
        "2009": {
            "cash": 14,
            "stock": 0.02,
            "eps": 34.27
        },
        "2010": {
            "cash": 26,
            "stock": 0.02,
            "eps": 28.45
        },
        "2011": {
            "cash": 29,
            "stock": 0,
            "eps": 12.39
        },
        "2012": {
            "cash": 0,
            "stock": 0,
            "eps": 12.46
        },
        "2013": {
            "cash": 9,
            "stock": 0,
            "eps": 20.51
        },
        "2014": {
            "cash": 15,
            "stock": 0,
            "eps": 30.01
        },
        "2015": {
            "cash": 22,
            "stock": 0,
            "eps": 16.6
        },
        "2016": {
            "cash": 11,
            "stock": 0,
            "eps": 15.14
        },
        "2017": {
            "cash": 9.5,
            "stock": 0,
            "eps": 15.52
        },
        "2018": {
            "cash": 10,
            "stock": 0,
            "eps": 13.23
        },
        "2019": {
            "cash": 9,
            "stock": 0,
            "eps": 14.66
        },
        "2020": {
            "cash": 10.5,
            "stock": 0,
            "eps": 25.96
        },
        "2021": {
            "cash": 37,
            "stock": 0,
            "eps": 70.46
        },
        "2022": {
            "cash": 73,
            "stock": 0,
            "eps": 74.57
        },
        "2023": {
            "cash": 76,
            "stock": 0,
            "eps": 48.47
        },
        "2024": {
            "cash": 55,
            "stock": 0,
            "eps": 0
        }
    },
    "dividends": {
        "2000-06-09": {
            "cash": 0,
            "stock": 7.5
        },
        "2001-06-08": {
            "cash": 1,
            "stock": 4
        },
        "2002-06-03": {
            "cash": 4,
            "stock": 4
        },
        "2003-04-02": {
            "cash": 8,
            "stock": 3.5
        },
        "2004-03-18": {
            "cash": 8.55,
            "stock": 1.81
        },
        "2005-04-29": {
            "cash": 10,
            "stock": 1
        },
        "2006-05-08": {
            "cash": 11,
            "stock": 1
        },
        "2007-03-21": {
            "cash": 15,
            "stock": 0.5
        },
        "2008-03-20": {
            "cash": 19,
            "stock": 0.1
        },
        "2009-04-07": {
            "cash": 14,
            "stock": 0.02
        },
        "2010-03-18": {
            "cash": 26,
            "stock": 0.02
        },
        "2011-01-01": {
            "cash": 9,
            "stock": 0
        },
        "2011-03-16": {
            "cash": 20,
            "stock": 0
        },
        "2013-05-10": {
            "cash": 9,
            "stock": 0
        },
        "2014-06-12": {
            "cash": 15,
            "stock": 0
        },
        "2015-08-07": {
            "cash": 22,
            "stock": 0
        },
        "2016-08-11": {
            "cash": 11,
            "stock": 0
        },
        "2017-08-03": {
            "cash": 9.5,
            "stock": 0
        },
        "2018-08-02": {
            "cash": 10,
            "stock": 0
        },
        "2019-08-01": {
            "cash": 9,
            "stock": 0
        },
        "2020-07-30": {
            "cash": 10.5,
            "stock": 0
        },
        "2021-07-29": {
            "cash": 37,
            "stock": 0
        },
        "2022-07-21": {
            "cash": 73,
            "stock": 0
        },
        "2023-07-20": {
            "cash": 76,
            "stock": 0
        },
        "2024-01-31": {
            "cash": 24.6,
            "stock": 0
        },
        "2024-02-23": {
            "cash": 30.4,
            "stock": 0
        }
    },
    "prices": {
        "200101": "無",
        "200102": "無",
        "200103": "無",
        "200104": "無",
        "200105": "無",
        "200106": "無",
        "200107": "342.83",
        "200108": "379.61",
        "200109": "254.71",
        "200110": "263.57",
        "200111": "359.18",
        "200112": "506.57",
        "200201": "645.32",
        "200202": "669.50",
        "200203": "724.43",
        "200204": "697.62",
        "200205": "549.82",
        "200206": "456.05",
        "200207": "398.52",
        "200208": "415.09",
        "200209": "323.15",
        "200210": "297.95",
        "200211": "301.76",
        "200212": "292.55",
        "200301": "290.53",
        "200302": "259.25",
        "200303": "268.33",
        "200304": "281.64",
        "200305": "291.10",
        "200306": "335.60",
        "200307": "383.87",
        "200308": "372.67",
        "200309": "372.05",
        "200310": "371.23",
        "200311": "332.10",
        "200312": "317.04",
        "200401": "340.20",
        "200402": "369.60",
        "200403": "352.61",
        "200404": "337.45",
        "200405": "301.95",
        "200406": "274.19",
        "200407": "241.05",
        "200408": "213.20",
        "200409": "236.48",
        "200410": "225.25",
        "200411": "229.05",
        "200412": "211.61",
        "200501": "188.38",
        "200502": "207.38",
        "200503": "228.35",
        "200504": "237.65",
        "200505": "264.55",
        "200506": "278.34",
        "200507": "305.50",
        "200508": "308.80",
        "200509": "305.98",
        "200510": "298.38",
        "200511": "321.98",
        "200512": "359.91",
        "200601": "354.94",
        "200602": "333.18",
        "200603": "352.91",
        "200604": "375.18",
        "200605": "378.24",
        "200606": "318.34",
        "200607": "294.86",
        "200608": "287.04",
        "200609": "320.24",
        "200610": "325.22",
        "200611": "322.98",
        "200612": "335.55",
        "200701": "368.25",
        "200702": "363.12",
        "200703": "355.76",
        "200704": "394.10",
        "200705": "482.89",
        "200706": "512.40",
        "200707": "582.82",
        "200708": "538.37",
        "200709": "581.72",
        "200710": "608.09",
        "200711": "494.43",
        "200712": "407.40",
        "200801": "334.77",
        "200802": "326.64",
        "200803": "378.33",
        "200804": "402.81",
        "200805": "401.14",
        "200806": "346.17",
        "200807": "312.80",
        "200808": "356.45",
        "200809": "340.17",
        "200810": "295.50",
        "200811": "230.42",
        "200812": "214.57",
        "200901": "245.47",
        "200902": "276.60",
        "200903": "307.50",
        "200904": "316.14",
        "200905": "394.44",
        "200906": "386.52",
        "200907": "441.80",
        "200908": "475.82",
        "200909": "509.45",
        "200910": "501.98",
        "200911": "504.79",
        "200912": "529.52",
        "201001": "552.65",
        "201002": "513.50",
        "201003": "533.74",
        "201004": "554.86",
        "201005": "518.45",
        "201006": "504.36",
        "201007": "456.55",
        "201008": "447.09",
        "201009": "464.64",
        "201010": "400.45",
        "201011": "389.41",
        "201012": "420.39",
        "201101": "402.70",
        "201102": "343.89",
        "201103": "339.54",
        "201104": "328.87",
        "201105": "333.33",
        "201106": "311.10",
        "201107": "277.48",
        "201108": "262.50",
        "201109": "306.69",
        "201110": "329.70",
        "201111": "303.39",
        "201112": "268.70",
        "201201": "273.17",
        "201202": "299.45",
        "201203": "303.11",
        "201204": "269.60",
        "201205": "264.30",
        "201206": "265.21",
        "201207": "255.32",
        "201208": "296.91",
        "201209": "326.80",
        "201210": "321.93",
        "201211": "319.30",
        "201212": "327.33",
        "201301": "315.43",
        "201302": "327.31",
        "201303": "342.62",
        "201304": "352.70",
        "201305": "370.18",
        "201306": "350.24",
        "201307": "346.63",
        "201308": "362.02",
        "201309": "368.75",
        "201310": "386.75",
        "201311": "423.50",
        "201312": "429.41",
        "201401": "414.03",
        "201402": "428.35",
        "201403": "453.76",
        "201404": "466.24",
        "201405": "501.26",
        "201406": "505.15",
        "201407": "508.45",
        "201408": "499.10",
        "201409": "491.88",
        "201410": "431.18",
        "201411": "444.52",
        "201412": "452.52",
        "201501": "487.45",
        "201502": "472.77",
        "201503": "447.61",
        "201504": "408.50",
        "201505": "390.25",
        "201506": "414.95",
        "201507": "370.50",
        "201508": "263.71",
        "201509": "258.70",
        "201510": "263.17",
        "201511": "273.57",
        "201512": "259.78",
        "201601": "214.36",
        "201602": "219.00",
        "201603": "244.26",
        "201604": "232.13",
        "201605": "205.50",
        "201606": "227.45",
        "201607": "242.10",
        "201608": "247.20",
        "201609": "245.55",
        "201610": "239.95",
        "201611": "224.52",
        "201612": "222.75",
        "201701": "214.94",
        "201702": "218.14",
        "201703": "222.30",
        "201704": "214.81",
        "201705": "215.88",
        "201706": "254.00",
        "201707": "257.43",
        "201708": "278.11",
        "201709": "283.02",
        "201710": "315.26",
        "201711": "328.52",
        "201712": "293.74",
        "201801": "307.27",
        "201802": "295.38",
        "201803": "322.30",
        "201804": "339.81",
        "201805": "319.70",
        "201806": "315.85",
        "201807": "278.05",
        "201808": "260.11",
        "201809": "245.53",
        "201810": "224.05",
        "201811": "229.00",
        "201812": "231.71",
        "201901": "234.33",
        "201902": "261.88",
        "201903": "275.95",
        "201904": "292.05",
        "201905": "294.25",
        "201906": "310.55",
        "201907": "314.70",
        "201908": "333.83",
        "201909": "377.13",
        "201910": "378.57",
        "201911": "416.95",
        "201912": "437.52",
        "202001": "420.77",
        "202002": "387.00",
        "202003": "340.05",
        "202004": "360.70",
        "202005": "433.85",
        "202006": "517.35",
        "202007": "637.13",
        "202008": "645.62",
        "202009": "602.59",
        "202010": "676.95",
        "202011": "703.29",
        "202012": "714.43",
        "202101": "858.90",
        "202102": "946.15",
        "202103": "906.68",
        "202104": "1009.84",
        "202105": "968.05",
        "202106": "959.29",
        "202107": "929.23",
        "202108": "912.18",
        "202109": "924.05",
        "202110": "898.10",
        "202111": "1001.05",
        "202112": "1096.36",
        "202201": "1104.44",
        "202202": "1115.00",
        "202203": "974.13",
        "202204": "847.79",
        "202205": "840.19",
        "202206": "821.52",
        "202207": "654.05",
        "202208": "684.30",
        "202209": "600.71",
        "202210": "572.90",
        "202211": "681.00",
        "202212": "684.09",
        "202301": "685.38",
        "202302": "730.11",
        "202303": "774.13",
        "202304": "704.00",
        "202305": "696.23",
        "202306": "738.60",
        "202307": "681.57",
        "202308": "691.18",
        "202309": "735.85",
        "202310": "812.60",
        "202311": "908.82",
        "202312": "972.00",
        "202401": "928.59",
        "202402": "1012.00",
        "202403": "1165.95",
        "202404": "無"
    },
    "quarters": {
        "20011": {
            "year_quarter": 20011,
            "year": 2001,
            "quarter": 1,
            "eps": 3.44,
            "eps_growth_year": 21.55,
            "eps_4q": 15.95,
            "eps_4q_growth_year": null,
            "roe": 10.68,
            "roe_4q": 10.68,
            "gross_profit": 1042823,
            "gross_margin": 46.22,
            "gross_margin_4q_avg": 46.22,
            "net_income": 746072,
            "net_income_4q": null,
            "revenue": 2255993,
            "revenue_4q": null,
            "common_shares": 2168666,
            "book_valuer_per_share": 33.94,
            "book_valuer_per_share_4q_avg": 33.94,
            "equity": 7359798,
            "current_ratio": 276.4,
            "debt_ratio": 25,
            "inventory_turnover_ratio": 1.54,
            "account_receivable_turnover_ratio": null,
            "reinvestment_rate": null,
            "research_to_sale_ratio": null,
            "price_fair": 0,
            "eps_avg_yearly": 0,
            "eps_latest_yearly": 0,
            "eps_growth_yearly": 0
        },
        "20012": {
            "year_quarter": 20012,
            "year": 2001,
            "quarter": 2,
            "eps": 6.32,
            "eps_growth_year": 72.21,
            "eps_4q": 18.61,
            "eps_4q_growth_year": null,
            "roe": 17.33,
            "roe_4q": 28.009999999999998,
            "gross_profit": 1455209,
            "gross_margin": 48.78,
            "gross_margin_4q_avg": 47.5,
            "net_income": 1369712,
            "net_income_4q": null,
            "revenue": 2983275,
            "revenue_4q": null,
            "common_shares": 2168666,
            "book_valuer_per_share": 38.97,
            "book_valuer_per_share_4q_avg": 36.46,
            "equity": 8451724,
            "current_ratio": 269.28,
            "debt_ratio": 27.27,
            "inventory_turnover_ratio": 2.45,
            "account_receivable_turnover_ratio": null,
            "reinvestment_rate": null,
            "research_to_sale_ratio": null,
            "price_fair": 0,
            "eps_avg_yearly": 0,
            "eps_latest_yearly": 0,
            "eps_growth_yearly": 0
        },
        "20013": {
            "year_quarter": 20013,
            "year": 2001,
            "quarter": 3,
            "eps": 5.98,
            "eps_growth_year": 2.05,
            "eps_4q": 14.72,
            "eps_4q_growth_year": null,
            "roe": 20.11,
            "roe_4q": 48.12,
            "gross_profit": 2219040,
            "gross_margin": 54.04,
            "gross_margin_4q_avg": 49.68,
            "net_income": 1889289,
            "net_income_4q": null,
            "revenue": 4106513,
            "revenue_4q": null,
            "common_shares": 3160056,
            "book_valuer_per_share": 32.72,
            "book_valuer_per_share_4q_avg": 35.21,
            "equity": 10341013,
            "current_ratio": 285.4,
            "debt_ratio": 27.14,
            "inventory_turnover_ratio": 3.38,
            "account_receivable_turnover_ratio": null,
            "reinvestment_rate": null,
            "research_to_sale_ratio": null,
            "price_fair": 0,
            "eps_avg_yearly": 0,
            "eps_latest_yearly": 0,
            "eps_growth_yearly": 0
        },
        "20014": {
            "year_quarter": 20014,
            "year": 2001,
            "quarter": 4,
            "eps": 8.54,
            "eps_growth_year": 186.58,
            "eps_4q": 21.22,
            "eps_4q_growth_year": 38.2,
            "roe": 23.01,
            "roe_4q": 71.13,
            "gross_profit": 3184531,
            "gross_margin": 52.82,
            "gross_margin_4q_avg": 50.47,
            "net_income": 2697961,
            "net_income_4q": null,
            "revenue": 6029569,
            "revenue_4q": null,
            "common_shares": 3160056,
            "book_valuer_per_share": 41.48,
            "book_valuer_per_share_4q_avg": 36.78,
            "equity": 13109278,
            "current_ratio": 336.2,
            "debt_ratio": 26.6,
            "inventory_turnover_ratio": 5.03,
            "account_receivable_turnover_ratio": null,
            "reinvestment_rate": null,
            "research_to_sale_ratio": null,
            "price_fair": 0,
            "eps_avg_yearly": 0,
            "eps_latest_yearly": 0,
            "eps_growth_yearly": 0
        },
        "20021": {
            "year_quarter": 20021,
            "year": 2002,
            "quarter": 1,
            "eps": 10.48,
            "eps_growth_year": 204.65,
            "eps_4q": 29.5,
            "eps_4q_growth_year": 84.95,
            "roe": 22.26,
            "roe_4q": 82.71,
            "gross_profit": 3735671,
            "gross_margin": 53.68,
            "gross_margin_4q_avg": 52.33,
            "net_income": 3283105,
            "net_income_4q": null,
            "revenue": 6959124,
            "revenue_4q": null,
            "common_shares": 3160056,
            "book_valuer_per_share": 51.87,
            "book_valuer_per_share_4q_avg": 41.26,
            "equity": 16392220,
            "current_ratio": 345.41,
            "debt_ratio": 24.55,
            "inventory_turnover_ratio": 3.75,
            "account_receivable_turnover_ratio": null,
            "reinvestment_rate": null,
            "research_to_sale_ratio": null,
            "price_fair": 1467.2,
            "eps_avg_yearly": 41.92,
            "eps_latest_yearly": 41.92,
            "eps_growth_yearly": 90.87
        },
        "20022": {
            "year_quarter": 20022,
            "year": 2002,
            "quarter": 2,
            "eps": 8.29,
            "eps_growth_year": 31.17,
            "eps_4q": 33.41,
            "eps_4q_growth_year": 79.58,
            "roe": 15.35,
            "roe_4q": 80.73,
            "gross_profit": 3402861,
            "gross_margin": 50.14,
            "gross_margin_4q_avg": 52.67,
            "net_income": 2596861,
            "net_income_4q": null,
            "revenue": 6786823,
            "revenue_4q": null,
            "common_shares": 3160056,
            "book_valuer_per_share": 55.18,
            "book_valuer_per_share_4q_avg": 45.31,
            "equity": 17438029,
            "current_ratio": 286.2,
            "debt_ratio": 30.28,
            "inventory_turnover_ratio": 1.77,
            "account_receivable_turnover_ratio": null,
            "reinvestment_rate": null,
            "research_to_sale_ratio": null,
            "price_fair": 512.02,
            "eps_avg_yearly": 37.54,
            "eps_latest_yearly": 33.16,
            "eps_growth_yearly": 3.64
        },
        "20023": {
            "year_quarter": 20023,
            "year": 2002,
            "quarter": 3,
            "eps": 5.75,
            "eps_growth_year": -3.85,
            "eps_4q": 24.55,
            "eps_4q_growth_year": 66.75,
            "roe": 13.99,
            "roe_4q": 74.61,
            "gross_profit": 3050701,
            "gross_margin": 45.2,
            "gross_margin_4q_avg": 50.46,
            "net_income": 2624040,
            "net_income_4q": null,
            "revenue": 6749953,
            "revenue_4q": null,
            "common_shares": 4604654,
            "book_valuer_per_share": 43.59,
            "book_valuer_per_share_4q_avg": 48.03,
            "equity": 20072908,
            "current_ratio": 297.6,
            "debt_ratio": 24.23,
            "inventory_turnover_ratio": 1.65,
            "account_receivable_turnover_ratio": null,
            "reinvestment_rate": null,
            "research_to_sale_ratio": null,
            "price_fair": 98.08,
            "eps_avg_yearly": 32.69,
            "eps_latest_yearly": 23,
            "eps_growth_yearly": -38.43
        },
        "20024": {
            "year_quarter": 20024,
            "year": 2002,
            "quarter": 4,
            "eps": 8.17,
            "eps_growth_year": -4.33,
            "eps_4q": 26.8,
            "eps_4q_growth_year": 26.31,
            "roe": 16.96,
            "roe_4q": 68.56,
            "gross_profit": 4482997,
            "gross_margin": 49.72,
            "gross_margin_4q_avg": 49.69,
            "net_income": 3729433,
            "net_income_4q": null,
            "revenue": 9017249,
            "revenue_4q": null,
            "common_shares": 4604654,
            "book_valuer_per_share": 51.79,
            "book_valuer_per_share_4q_avg": 50.61,
            "equity": 23901004,
            "current_ratio": 443.76,
            "debt_ratio": 21.54,
            "inventory_turnover_ratio": 2.65,
            "account_receivable_turnover_ratio": null,
            "reinvestment_rate": null,
            "research_to_sale_ratio": null,
            "price_fair": 760.61,
            "eps_avg_yearly": 32.69,
            "eps_latest_yearly": 32.68,
            "eps_growth_yearly": 13.27
        },
        "20031": {
            "year_quarter": 20031,
            "year": 2003,
            "quarter": 1,
            "eps": 8.32,
            "eps_growth_year": -20.61,
            "eps_4q": 27.91,
            "eps_4q_growth_year": -5.38,
            "roe": 14.75,
            "roe_4q": 61.050000000000004,
            "gross_profit": 4381782,
            "gross_margin": 50.97,
            "gross_margin_4q_avg": 49.01,
            "net_income": 3801782,
            "net_income_4q": null,
            "revenue": 8596851,
            "revenue_4q": null,
            "common_shares": 4604654,
            "book_valuer_per_share": 60.05,
            "book_valuer_per_share_4q_avg": 52.65,
            "equity": 27649603,
            "current_ratio": 422.58,
            "debt_ratio": 18.52,
            "inventory_turnover_ratio": 2.5,
            "account_receivable_turnover_ratio": null,
            "reinvestment_rate": null,
            "research_to_sale_ratio": null,
            "price_fair": 724.49,
            "eps_avg_yearly": 32.81,
            "eps_latest_yearly": 33.28,
            "eps_growth_yearly": 12.08
        },
        "20032": {
            "year_quarter": 20032,
            "year": 2003,
            "quarter": 2,
            "eps": 7.22,
            "eps_growth_year": -12.91,
            "eps_4q": 29.47,
            "eps_4q_growth_year": -11.8,
            "roe": 12.12,
            "roe_4q": 57.82,
            "gross_profit": 4133755,
            "gross_margin": 51.87,
            "gross_margin_4q_avg": 49.44,
            "net_income": 3295234,
            "net_income_4q": null,
            "revenue": 7969965,
            "revenue_4q": null,
            "common_shares": 4604654,
            "book_valuer_per_share": 58.04,
            "book_valuer_per_share_4q_avg": 53.37,
            "equity": 26727453,
            "current_ratio": 285.17,
            "debt_ratio": 27.85,
            "inventory_turnover_ratio": 2.12,
            "account_receivable_turnover_ratio": null,
            "reinvestment_rate": null,
            "research_to_sale_ratio": null,
            "price_fair": 361.88,
            "eps_avg_yearly": 32.15,
            "eps_latest_yearly": 28.88,
            "eps_growth_yearly": 1.25
        },
        "20033": {
            "year_quarter": 20033,
            "year": 2003,
            "quarter": 3,
            "eps": 7.12,
            "eps_growth_year": 23.83,
            "eps_4q": 24.13,
            "eps_4q_growth_year": -1.68,
            "roe": 15.68,
            "roe_4q": 59.51,
            "gross_profit": 5437303,
            "gross_margin": 51.35,
            "gross_margin_4q_avg": 50.98,
            "net_income": 4530899,
            "net_income_4q": null,
            "revenue": 10588452,
            "revenue_4q": null,
            "common_shares": 6415473,
            "book_valuer_per_share": 48.43,
            "book_valuer_per_share_4q_avg": 54.58,
            "equity": 31070352,
            "current_ratio": 360.33,
            "debt_ratio": 18.35,
            "inventory_turnover_ratio": 3.05,
            "account_receivable_turnover_ratio": null,
            "reinvestment_rate": null,
            "research_to_sale_ratio": null,
            "price_fair": 316.29,
            "eps_avg_yearly": 31.63,
            "eps_latest_yearly": 28.48,
            "eps_growth_yearly": 0.28
        },
        "20034": {
            "year_quarter": 20034,
            "year": 2003,
            "quarter": 4,
            "eps": 7.69,
            "eps_growth_year": -5.88,
            "eps_4q": 25.96,
            "eps_4q_growth_year": -3.13,
            "roe": 14.58,
            "roe_4q": 57.129999999999995,
            "gross_profit": 5702133,
            "gross_margin": 52.27,
            "gross_margin_4q_avg": 51.62,
            "net_income": 4894174,
            "net_income_4q": null,
            "revenue": 10909151,
            "revenue_4q": null,
            "common_shares": 6415473,
            "book_valuer_per_share": 56.17,
            "book_valuer_per_share_4q_avg": 55.67,
            "equity": 36080784,
            "current_ratio": 681.15,
            "debt_ratio": 14.26,
            "inventory_turnover_ratio": 2.92,
            "account_receivable_turnover_ratio": null,
            "reinvestment_rate": 2.19,
            "research_to_sale_ratio": null,
            "price_fair": 449.2,
            "eps_avg_yearly": 31.52,
            "eps_latest_yearly": 30.76,
            "eps_growth_yearly": 4.25
        },
        "20041": {
            "year_quarter": 20041,
            "year": 2004,
            "quarter": 1,
            "eps": 6.58,
            "eps_growth_year": -20.91,
            "eps_4q": 26.56,
            "eps_4q_growth_year": -4.84,
            "roe": 11.03,
            "roe_4q": 53.41,
            "gross_profit": 4916671,
            "gross_margin": 51.37,
            "gross_margin_4q_avg": 51.72,
            "net_income": 4190138,
            "net_income_4q": null,
            "revenue": 9571477,
            "revenue_4q": null,
            "common_shares": 6415473,
            "book_valuer_per_share": 62.22,
            "book_valuer_per_share_4q_avg": 56.22,
            "equity": 39919152,
            "current_ratio": 606.07,
            "debt_ratio": 11.99,
            "inventory_turnover_ratio": 1.79,
            "account_receivable_turnover_ratio": null,
            "reinvestment_rate": 1.86,
            "research_to_sale_ratio": null,
            "price_fair": 92.83,
            "eps_avg_yearly": 30.94,
            "eps_latest_yearly": 26.32,
            "eps_growth_yearly": -2.64
        },
        "20042": {
            "year_quarter": 20042,
            "year": 2004,
            "quarter": 2,
            "eps": 5.08,
            "eps_growth_year": -29.64,
            "eps_4q": 26.5,
            "eps_4q_growth_year": -10.09,
            "roe": 8.48,
            "roe_4q": 49.769999999999996,
            "gross_profit": 4628591,
            "gross_margin": 47.89,
            "gross_margin_4q_avg": 50.72,
            "net_income": 3229671,
            "net_income_4q": null,
            "revenue": 9665423,
            "revenue_4q": null,
            "common_shares": 6415473,
            "book_valuer_per_share": 56.58,
            "book_valuer_per_share_4q_avg": 55.85,
            "equity": 36297158,
            "current_ratio": 295.03,
            "debt_ratio": 24.17,
            "inventory_turnover_ratio": 1.43,
            "account_receivable_turnover_ratio": null,
            "reinvestment_rate": 1.85,
            "research_to_sale_ratio": null,
            "price_fair": 89.64,
            "eps_avg_yearly": 29.88,
            "eps_latest_yearly": 20.32,
            "eps_growth_yearly": -11.49
        },
        "20043": {
            "year_quarter": 20043,
            "year": 2004,
            "quarter": 3,
            "eps": 5.52,
            "eps_growth_year": -22.47,
            "eps_4q": 21.6,
            "eps_4q_growth_year": -10.5,
            "roe": 10.99,
            "roe_4q": 45.08,
            "gross_profit": 5800357,
            "gross_margin": 51.85,
            "gross_margin_4q_avg": 50.85,
            "net_income": 4227286,
            "net_income_4q": null,
            "revenue": 11186370,
            "revenue_4q": null,
            "common_shares": 7693359,
            "book_valuer_per_share": 52.82,
            "book_valuer_per_share_4q_avg": 56.95,
            "equity": 40635426,
            "current_ratio": 472.58,
            "debt_ratio": 14.88,
            "inventory_turnover_ratio": 1.22,
            "account_receivable_turnover_ratio": null,
            "reinvestment_rate": 2.26,
            "research_to_sale_ratio": null,
            "price_fair": 87.51,
            "eps_avg_yearly": 29.17,
            "eps_latest_yearly": 22.08,
            "eps_growth_yearly": -7.3
        },
        "20044": {
            "year_quarter": 20044,
            "year": 2004,
            "quarter": 4,
            "eps": 3.5,
            "eps_growth_year": -54.49,
            "eps_4q": 18.73,
            "eps_4q_growth_year": -27.84,
            "roe": 6.41,
            "roe_4q": 36.91,
            "gross_profit": 4269829,
            "gross_margin": 44.33,
            "gross_margin_4q_avg": 48.86,
            "net_income": 2675890,
            "net_income_4q": null,
            "revenue": 9631032,
            "revenue_4q": null,
            "common_shares": 7693359,
            "book_valuer_per_share": 55.42,
            "book_valuer_per_share_4q_avg": 56.76,
            "equity": 42793104,
            "current_ratio": 874.59,
            "debt_ratio": 10.49,
            "inventory_turnover_ratio": 1.31,
            "account_receivable_turnover_ratio": null,
            "reinvestment_rate": 3.65,
            "research_to_sale_ratio": null,
            "price_fair": 83.72,
            "eps_avg_yearly": 27.91,
            "eps_latest_yearly": 14,
            "eps_growth_yearly": -18.89
        },
        "20051": {
            "year_quarter": 20051,
            "year": 2005,
            "quarter": 1,
            "eps": 3.72,
            "eps_growth_year": -43.46,
            "eps_4q": 16.99,
            "eps_4q_growth_year": -36.01,
            "roe": 6.44,
            "roe_4q": 32.32000000000001,
            "gross_profit": 4210530,
            "gross_margin": 46.69,
            "gross_margin_4q_avg": 47.69,
            "net_income": 2839987,
            "net_income_4q": null,
            "revenue": 9018799,
            "revenue_4q": null,
            "common_shares": 7693359,
            "book_valuer_per_share": 58.95,
            "book_valuer_per_share_4q_avg": 55.94,
            "equity": 45352798,
            "current_ratio": 669.22,
            "debt_ratio": 10.39,
            "inventory_turnover_ratio": 1.8,
            "account_receivable_turnover_ratio": null,
            "reinvestment_rate": 3.76,
            "research_to_sale_ratio": null,
            "price_fair": 80.71,
            "eps_avg_yearly": 26.9,
            "eps_latest_yearly": 14.88,
            "eps_growth_yearly": -15.5
        },
        "20052": {
            "year_quarter": 20052,
            "year": 2005,
            "quarter": 2,
            "eps": 5.46,
            "eps_growth_year": 7.48,
            "eps_4q": 18.23,
            "eps_4q_growth_year": -31.2,
            "roe": 9.65,
            "roe_4q": 33.49,
            "gross_profit": 5428590,
            "gross_margin": 54.45,
            "gross_margin_4q_avg": 49.33,
            "net_income": 4166127,
            "net_income_4q": null,
            "revenue": 9970304,
            "revenue_4q": null,
            "common_shares": 7693359,
            "book_valuer_per_share": 53.29,
            "book_valuer_per_share_4q_avg": 55.12,
            "equity": 40998852,
            "current_ratio": 272.12,
            "debt_ratio": 25.7,
            "inventory_turnover_ratio": 2.04,
            "account_receivable_turnover_ratio": null,
            "reinvestment_rate": 3.89,
            "research_to_sale_ratio": null,
            "price_fair": 79.63,
            "eps_avg_yearly": 26.54,
            "eps_latest_yearly": 21.84,
            "eps_growth_yearly": -1.03
        },
        "20053": {
            "year_quarter": 20053,
            "year": 2005,
            "quarter": 3,
            "eps": 6.95,
            "eps_growth_year": 25.91,
            "eps_4q": 18.24,
            "eps_4q_growth_year": -15.57,
            "roe": 13.46,
            "roe_4q": 35.96,
            "gross_profit": 7108795,
            "gross_margin": 55.68,
            "gross_margin_4q_avg": 50.29,
            "net_income": 5961616,
            "net_income_4q": null,
            "revenue": 12766715,
            "revenue_4q": null,
            "common_shares": 8640506,
            "book_valuer_per_share": 55.04,
            "book_valuer_per_share_4q_avg": 55.68,
            "equity": 47559292,
            "current_ratio": 446.03,
            "debt_ratio": 14.68,
            "inventory_turnover_ratio": 2.28,
            "account_receivable_turnover_ratio": null,
            "reinvestment_rate": 4.31,
            "research_to_sale_ratio": null,
            "price_fair": 434.47,
            "eps_avg_yearly": 26.63,
            "eps_latest_yearly": 27.8,
            "eps_growth_yearly": 6.32
        },
        "20054": {
            "year_quarter": 20054,
            "year": 2005,
            "quarter": 4,
            "eps": 6.19,
            "eps_growth_year": 76.86,
            "eps_4q": 21.32,
            "eps_4q_growth_year": 13.79,
            "roe": 10.3,
            "roe_4q": 39.85,
            "gross_profit": 8635869,
            "gross_margin": 58.61,
            "gross_margin_4q_avg": 53.86,
            "net_income": 5305903,
            "net_income_4q": null,
            "revenue": 14735391,
            "revenue_4q": null,
            "common_shares": 8640506,
            "book_valuer_per_share": 61.04,
            "book_valuer_per_share_4q_avg": 57.08,
            "equity": 55451961,
            "current_ratio": 494.13,
            "debt_ratio": 18.49,
            "inventory_turnover_ratio": 1.95,
            "account_receivable_turnover_ratio": null,
            "reinvestment_rate": 6.49,
            "research_to_sale_ratio": null,
            "price_fair": 349.62,
            "eps_avg_yearly": 26.51,
            "eps_latest_yearly": 24.76,
            "eps_growth_yearly": 3.19
        },
        "20061": {
            "year_quarter": 20061,
            "year": 2006,
            "quarter": 1,
            "eps": 6.01,
            "eps_growth_year": 61.56,
            "eps_4q": 24.02,
            "eps_4q_growth_year": 41.37,
            "roe": 9.09,
            "roe_4q": 42.5,
            "gross_profit": 6496033,
            "gross_margin": 58.51,
            "gross_margin_4q_avg": 56.81,
            "net_income": 5149588,
            "net_income_4q": null,
            "revenue": 11102791,
            "revenue_4q": null,
            "common_shares": 8640506,
            "book_valuer_per_share": 66.92,
            "book_valuer_per_share_4q_avg": 59.07,
            "equity": 57824909,
            "current_ratio": 780.99,
            "debt_ratio": 10.45,
            "inventory_turnover_ratio": 1.11,
            "account_receivable_turnover_ratio": null,
            "reinvestment_rate": 6.19,
            "research_to_sale_ratio": null,
            "price_fair": 76.18,
            "eps_avg_yearly": 25.39,
            "eps_latest_yearly": 24.04,
            "eps_growth_yearly": -3.22
        },
        "20062": {
            "year_quarter": 20062,
            "year": 2006,
            "quarter": 2,
            "eps": 4.95,
            "eps_growth_year": -9.34,
            "eps_4q": 21.97,
            "eps_4q_growth_year": 20.52,
            "roe": 8.24,
            "roe_4q": 41.09,
            "gross_profit": 7503036,
            "gross_margin": 53.32,
            "gross_margin_4q_avg": 56.53,
            "net_income": 4655061,
            "net_income_4q": null,
            "revenue": 14071399,
            "revenue_4q": null,
            "common_shares": 8640506,
            "book_valuer_per_share": 60.46,
            "book_valuer_per_share_4q_avg": 60.87,
            "equity": 55126947,
            "current_ratio": 317.93,
            "debt_ratio": 26.29,
            "inventory_turnover_ratio": 1.32,
            "account_receivable_turnover_ratio": null,
            "reinvestment_rate": 8.19,
            "research_to_sale_ratio": null,
            "price_fair": 73.67,
            "eps_avg_yearly": 24.56,
            "eps_latest_yearly": 19.8,
            "eps_growth_yearly": -2.4
        },
        "20063": {
            "year_quarter": 20063,
            "year": 2006,
            "quarter": 3,
            "eps": 6.76,
            "eps_growth_year": -2.73,
            "eps_4q": 23.55,
            "eps_4q_growth_year": 29.11,
            "roe": 10.6,
            "roe_4q": 38.230000000000004,
            "gross_profit": 8008758,
            "gross_margin": 62.88,
            "gross_margin_4q_avg": 58.33,
            "net_income": 6085264,
            "net_income_4q": null,
            "revenue": 12735749,
            "revenue_4q": null,
            "common_shares": 9683127,
            "book_valuer_per_share": 61.6,
            "book_valuer_per_share_4q_avg": 62.51,
            "equity": 59649678,
            "current_ratio": 590.66,
            "debt_ratio": 13.61,
            "inventory_turnover_ratio": 1,
            "account_receivable_turnover_ratio": null,
            "reinvestment_rate": 6.04,
            "research_to_sale_ratio": null,
            "price_fair": 605.32,
            "eps_avg_yearly": 24.81,
            "eps_latest_yearly": 27.04,
            "eps_growth_yearly": 14.4
        },
        "20064": {
            "year_quarter": 20064,
            "year": 2006,
            "quarter": 4,
            "eps": 6.96,
            "eps_growth_year": 12.44,
            "eps_4q": 21.63,
            "eps_4q_growth_year": 1.46,
            "roe": 11.43,
            "roe_4q": 39.36,
            "gross_profit": 9870654,
            "gross_margin": 53.39,
            "gross_margin_4q_avg": 57.03,
            "net_income": 7265297,
            "net_income_4q": null,
            "revenue": 18487346,
            "revenue_4q": null,
            "common_shares": 9683127,
            "book_valuer_per_share": 69.74,
            "book_valuer_per_share_4q_avg": 64.68,
            "equity": 67525530,
            "current_ratio": 667.15,
            "debt_ratio": 12.01,
            "inventory_turnover_ratio": 2.26,
            "account_receivable_turnover_ratio": null,
            "reinvestment_rate": 5.74,
            "research_to_sale_ratio": null,
            "price_fair": 358.21,
            "eps_avg_yearly": 24.51,
            "eps_latest_yearly": 27.84,
            "eps_growth_yearly": 4.62
        },
        "20071": {
            "year_quarter": 20071,
            "year": 2007,
            "quarter": 1,
            "eps": 8.15,
            "eps_growth_year": 35.61,
            "eps_4q": 26.29,
            "eps_4q_growth_year": 9.42,
            "roe": 10.99,
            "roe_4q": 41.260000000000005,
            "gross_profit": 8554524,
            "gross_margin": 57.31,
            "gross_margin_4q_avg": 56.73,
            "net_income": 7832851,
            "net_income_4q": null,
            "revenue": 14926791,
            "revenue_4q": null,
            "common_shares": 9683127,
            "book_valuer_per_share": 77.42,
            "book_valuer_per_share_4q_avg": 67.31,
            "equity": 74962569,
            "current_ratio": 641.98,
            "debt_ratio": 12.82,
            "inventory_turnover_ratio": 1.42,
            "account_receivable_turnover_ratio": null,
            "reinvestment_rate": 5.44,
            "research_to_sale_ratio": null,
            "price_fair": 450.93,
            "eps_avg_yearly": 24.47,
            "eps_latest_yearly": 32.6,
            "eps_growth_yearly": 8.43
        },
        "20072": {
            "year_quarter": 20072,
            "year": 2007,
            "quarter": 2,
            "eps": 7.9,
            "eps_growth_year": 59.6,
            "eps_4q": 29.73,
            "eps_4q_growth_year": 35.32,
            "roe": 10.72,
            "roe_4q": 43.74,
            "gross_profit": 10291819,
            "gross_margin": 55.89,
            "gross_margin_4q_avg": 57.37,
            "net_income": 7604172,
            "net_income_4q": null,
            "revenue": 18415356,
            "revenue_4q": null,
            "common_shares": 9683127,
            "book_valuer_per_share": 69.01,
            "book_valuer_per_share_4q_avg": 69.44,
            "equity": 66914892,
            "current_ratio": 277.67,
            "debt_ratio": 29.85,
            "inventory_turnover_ratio": 1.13,
            "account_receivable_turnover_ratio": null,
            "reinvestment_rate": 5.11,
            "research_to_sale_ratio": null,
            "price_fair": 516.6,
            "eps_avg_yearly": 24.64,
            "eps_latest_yearly": 31.6,
            "eps_growth_yearly": 10.97
        },
        "20073": {
            "year_quarter": 20073,
            "year": 2007,
            "quarter": 3,
            "eps": 11.5,
            "eps_growth_year": 70.12,
            "eps_4q": 32.99,
            "eps_4q_growth_year": 40.1,
            "roe": 16.21,
            "roe_4q": 49.35,
            "gross_profit": 15228517,
            "gross_margin": 57.06,
            "gross_margin_4q_avg": 55.91,
            "net_income": 11841578,
            "net_income_4q": null,
            "revenue": 26687724,
            "revenue_4q": null,
            "common_shares": 10408538,
            "book_valuer_per_share": 76.07,
            "book_valuer_per_share_4q_avg": 73.06,
            "equity": 79156209,
            "current_ratio": 520.59,
            "debt_ratio": 15.42,
            "inventory_turnover_ratio": 1.21,
            "account_receivable_turnover_ratio": null,
            "reinvestment_rate": 4.91,
            "research_to_sale_ratio": null,
            "price_fair": 841.6,
            "eps_avg_yearly": 25.73,
            "eps_latest_yearly": 46,
            "eps_growth_yearly": 22.71
        },
        "20074": {
            "year_quarter": 20074,
            "year": 2007,
            "quarter": 4,
            "eps": 6.13,
            "eps_growth_year": -11.93,
            "eps_4q": 33.69,
            "eps_4q_growth_year": 55.77,
            "roe": 7.4,
            "roe_4q": 45.32,
            "gross_profit": 11256021,
            "gross_margin": 54.53,
            "gross_margin_4q_avg": 56.2,
            "net_income": 6111533,
            "net_income_4q": null,
            "revenue": 20641898,
            "revenue_4q": null,
            "common_shares": 10408538,
            "book_valuer_per_share": 82.56,
            "book_valuer_per_share_4q_avg": 76.27,
            "equity": 86069248,
            "current_ratio": 630.16,
            "debt_ratio": 12.94,
            "inventory_turnover_ratio": 0.91,
            "account_receivable_turnover_ratio": null,
            "reinvestment_rate": 5.41,
            "research_to_sale_ratio": null,
            "price_fair": 482.31,
            "eps_avg_yearly": 25.34,
            "eps_latest_yearly": 24.52,
            "eps_growth_yearly": 9.03
        },
        "20081": {
            "year_quarter": 20081,
            "year": 2008,
            "quarter": 1,
            "eps": 3.9,
            "eps_growth_year": -52.15,
            "eps_4q": 28.88,
            "eps_4q_growth_year": 9.85,
            "roe": 4.6,
            "roe_4q": 38.93,
            "gross_profit": 9844603,
            "gross_margin": 50.8,
            "gross_margin_4q_avg": 54.57,
            "net_income": 4023645,
            "net_income_4q": null,
            "revenue": 19377922,
            "revenue_4q": null,
            "common_shares": 10408538,
            "book_valuer_per_share": 85.34,
            "book_valuer_per_share_4q_avg": 78.25,
            "equity": 88950675,
            "current_ratio": 563.44,
            "debt_ratio": 12.96,
            "inventory_turnover_ratio": 0.92,
            "account_receivable_turnover_ratio": null,
            "reinvestment_rate": 5.96,
            "research_to_sale_ratio": null,
            "price_fair": 334.21,
            "eps_avg_yearly": 24.67,
            "eps_latest_yearly": 15.6,
            "eps_growth_yearly": 3.55
        },
        "20082": {
            "year_quarter": 20082,
            "year": 2008,
            "quarter": 2,
            "eps": 4.93,
            "eps_growth_year": -37.59,
            "eps_4q": 26.38,
            "eps_4q_growth_year": -11.26,
            "roe": 6.39,
            "roe_4q": 34.6,
            "gross_profit": 11775248,
            "gross_margin": 52.76,
            "gross_margin_4q_avg": 53.79,
            "net_income": 5099703,
            "net_income_4q": null,
            "revenue": 22318280,
            "revenue_4q": null,
            "common_shares": 10408538,
            "book_valuer_per_share": 67.65,
            "book_valuer_per_share_4q_avg": 77.91,
            "equity": 70551497,
            "current_ratio": 211.22,
            "debt_ratio": 35.28,
            "inventory_turnover_ratio": 0.96,
            "account_receivable_turnover_ratio": null,
            "reinvestment_rate": 5.89,
            "research_to_sale_ratio": null,
            "price_fair": 636.73,
            "eps_avg_yearly": 24.63,
            "eps_latest_yearly": 19.72,
            "eps_growth_yearly": 15.85
        },
        "20083": {
            "year_quarter": 20083,
            "year": 2008,
            "quarter": 3,
            "eps": 6.74,
            "eps_growth_year": -41.39,
            "eps_4q": 21.24,
            "eps_4q_growth_year": -35.61,
            "roe": 9.64,
            "roe_4q": 28.03,
            "gross_profit": 14858246,
            "gross_margin": 52.97,
            "gross_margin_4q_avg": 52.77,
            "net_income": 7178264,
            "net_income_4q": null,
            "revenue": 28052336,
            "revenue_4q": null,
            "common_shares": 10731523,
            "book_valuer_per_share": 72.89,
            "book_valuer_per_share_4q_avg": 77.11,
            "equity": 78361442,
            "current_ratio": 327.75,
            "debt_ratio": 21.47,
            "inventory_turnover_ratio": 1.28,
            "account_receivable_turnover_ratio": null,
            "reinvestment_rate": 5.71,
            "research_to_sale_ratio": null,
            "price_fair": 819.5,
            "eps_avg_yearly": 24.94,
            "eps_latest_yearly": 26.96,
            "eps_growth_yearly": 22.86
        },
        "20084": {
            "year_quarter": 20084,
            "year": 2008,
            "quarter": 4,
            "eps": 2.7,
            "eps_growth_year": -55.95,
            "eps_4q": 18.04,
            "eps_4q_growth_year": -46.47,
            "roe": 3.59,
            "roe_4q": 24.22,
            "gross_profit": 10858222,
            "gross_margin": 52.57,
            "gross_margin_4q_avg": 52.28,
            "net_income": 2872628,
            "net_income_4q": null,
            "revenue": 20653503,
            "revenue_4q": null,
            "common_shares": 10731523,
            "book_valuer_per_share": 76.05,
            "book_valuer_per_share_4q_avg": 75.48,
            "equity": 81758863,
            "current_ratio": 413.33,
            "debt_ratio": 17.48,
            "inventory_turnover_ratio": 1.35,
            "account_receivable_turnover_ratio": 7.61,
            "reinvestment_rate": 4.66,
            "research_to_sale_ratio": null,
            "price_fair": 668.55,
            "eps_avg_yearly": 24.74,
            "eps_latest_yearly": 10.8,
            "eps_growth_yearly": 17.03
        },
        "20091": {
            "year_quarter": 20091,
            "year": 2009,
            "quarter": 1,
            "eps": 6.57,
            "eps_growth_year": 68.46,
            "eps_4q": 20.8,
            "eps_4q_growth_year": -27.96,
            "roe": 8.17,
            "roe_4q": 27.79,
            "gross_profit": 13418350,
            "gross_margin": 56.13,
            "gross_margin_4q_avg": 53.61,
            "net_income": 6999301,
            "net_income_4q": null,
            "revenue": 23906031,
            "revenue_4q": null,
            "common_shares": 10731523,
            "book_valuer_per_share": 83.33,
            "book_valuer_per_share_4q_avg": 74.98,
            "equity": 89583046,
            "current_ratio": 378.42,
            "debt_ratio": 20.23,
            "inventory_turnover_ratio": 2.32,
            "account_receivable_turnover_ratio": 3.79,
            "reinvestment_rate": 4.47,
            "research_to_sale_ratio": null,
            "price_fair": 890.75,
            "eps_avg_yearly": 25.45,
            "eps_latest_yearly": 26.28,
            "eps_growth_yearly": 51.29
        },
        "20092": {
            "year_quarter": 20092,
            "year": 2009,
            "quarter": 2,
            "eps": 8.58,
            "eps_growth_year": 74.04,
            "eps_4q": 24.57,
            "eps_4q_growth_year": -6.88,
            "roe": 10.28,
            "roe_4q": 31.68,
            "gross_profit": 16638545,
            "gross_margin": 59.11,
            "gross_margin_4q_avg": 55.2,
            "net_income": 9159721,
            "net_income_4q": null,
            "revenue": 28149083,
            "revenue_4q": null,
            "common_shares": 10731523,
            "book_valuer_per_share": 82.56,
            "book_valuer_per_share_4q_avg": 78.71,
            "equity": 88626908,
            "current_ratio": 263.33,
            "debt_ratio": 30.48,
            "inventory_turnover_ratio": 2.28,
            "account_receivable_turnover_ratio": 3.92,
            "reinvestment_rate": 3.92,
            "research_to_sale_ratio": null,
            "price_fair": 918.05,
            "eps_avg_yearly": 26.23,
            "eps_latest_yearly": 34.32,
            "eps_growth_yearly": 47.24
        },
        "20093": {
            "year_quarter": 20093,
            "year": 2009,
            "quarter": 3,
            "eps": 10.99,
            "eps_growth_year": 63.06,
            "eps_4q": 28.74,
            "eps_4q_growth_year": 35.29,
            "roe": 12.49,
            "roe_4q": 34.53,
            "gross_profit": 20679683,
            "gross_margin": 60.19,
            "gross_margin_4q_avg": 57,
            "net_income": 11793486,
            "net_income_4q": null,
            "revenue": 34356537,
            "revenue_4q": null,
            "common_shares": 10901189,
            "book_valuer_per_share": 91.93,
            "book_valuer_per_share_4q_avg": 83.47,
            "equity": 100241294,
            "current_ratio": 376.02,
            "debt_ratio": 21.41,
            "inventory_turnover_ratio": 2.26,
            "account_receivable_turnover_ratio": 4.29,
            "reinvestment_rate": 3.69,
            "research_to_sale_ratio": null,
            "price_fair": 953.4,
            "eps_avg_yearly": 27.24,
            "eps_latest_yearly": 43.96,
            "eps_growth_yearly": 47.44
        },
        "20094": {
            "year_quarter": 20094,
            "year": 2009,
            "quarter": 4,
            "eps": 8.13,
            "eps_growth_year": 201.11,
            "eps_4q": 33.91,
            "eps_4q_growth_year": 88.02,
            "roe": 8.36,
            "roe_4q": 39.300000000000004,
            "gross_profit": 17080812,
            "gross_margin": 58.7,
            "gross_margin_4q_avg": 58.53,
            "net_income": 8742958,
            "net_income_4q": null,
            "revenue": 29099974,
            "revenue_4q": null,
            "common_shares": 10901189,
            "book_valuer_per_share": 100.59,
            "book_valuer_per_share_4q_avg": 89.6,
            "equity": 108890603,
            "current_ratio": 387.17,
            "debt_ratio": 21.43,
            "inventory_turnover_ratio": 1.76,
            "account_receivable_turnover_ratio": 7.94,
            "reinvestment_rate": 8.03,
            "research_to_sale_ratio": null,
            "price_fair": 970.38,
            "eps_avg_yearly": 27.73,
            "eps_latest_yearly": 32.52,
            "eps_growth_yearly": 43.67
        },
        "20101": {
            "year_quarter": 20101,
            "year": 2010,
            "quarter": 1,
            "eps": 10.29,
            "eps_growth_year": 56.62,
            "eps_4q": 37.73,
            "eps_4q_growth_year": 81.37,
            "roe": 9.74,
            "roe_4q": 40.870000000000005,
            "gross_profit": 18549180,
            "gross_margin": 56.71,
            "gross_margin_4q_avg": 58.68,
            "net_income": 11126467,
            "net_income_4q": null,
            "revenue": 32706951,
            "revenue_4q": null,
            "common_shares": 10901189,
            "book_valuer_per_share": 110.57,
            "book_valuer_per_share_4q_avg": 96.41,
            "equity": 119691639,
            "current_ratio": 401.99,
            "debt_ratio": 21.01,
            "inventory_turnover_ratio": 1.74,
            "account_receivable_turnover_ratio": 4.25,
            "reinvestment_rate": 7.88,
            "research_to_sale_ratio": 16.85,
            "price_fair": 1007.83,
            "eps_avg_yearly": 28.8,
            "eps_latest_yearly": 41.16,
            "eps_growth_yearly": 51.04
        },
        "20102": {
            "year_quarter": 20102,
            "year": 2010,
            "quarter": 2,
            "eps": 8.27,
            "eps_growth_year": -3.63,
            "eps_4q": 37.27,
            "eps_4q_growth_year": 51.72,
            "roe": 8.05,
            "roe_4q": 38.64,
            "gross_profit": 16483921,
            "gross_margin": 55.03,
            "gross_margin_4q_avg": 57.66,
            "net_income": 9022958,
            "net_income_4q": null,
            "revenue": 29954318,
            "revenue_4q": null,
            "common_shares": 10901189,
            "book_valuer_per_share": 96.63,
            "book_valuer_per_share_4q_avg": 99.93,
            "equity": 104598626,
            "current_ratio": 233.33,
            "debt_ratio": 36.34,
            "inventory_turnover_ratio": 1.53,
            "account_receivable_turnover_ratio": 3.9,
            "reinvestment_rate": 7.41,
            "research_to_sale_ratio": 18.17,
            "price_fair": 1036.88,
            "eps_avg_yearly": 29.63,
            "eps_latest_yearly": 33.08,
            "eps_growth_yearly": 50.54
        },
        "20103": {
            "year_quarter": 20103,
            "year": 2010,
            "quarter": 3,
            "eps": 6.38,
            "eps_growth_year": -41.93,
            "eps_4q": 32.85,
            "eps_4q_growth_year": 14.31,
            "roe": 6.48,
            "roe_4q": 32.63,
            "gross_profit": 14717288,
            "gross_margin": 52.22,
            "gross_margin_4q_avg": 55.67,
            "net_income": 6977403,
            "net_income_4q": null,
            "revenue": 28180866,
            "revenue_4q": null,
            "common_shares": 10998708,
            "book_valuer_per_share": 101.5,
            "book_valuer_per_share_4q_avg": 102.32,
            "equity": 110882685,
            "current_ratio": 415.12,
            "debt_ratio": 19.91,
            "inventory_turnover_ratio": 1.42,
            "account_receivable_turnover_ratio": 3.72,
            "reinvestment_rate": 8.89,
            "research_to_sale_ratio": 22.83,
            "price_fair": 1033.55,
            "eps_avg_yearly": 29.53,
            "eps_latest_yearly": 25.52,
            "eps_growth_yearly": 35.69
        },
        "20104": {
            "year_quarter": 20104,
            "year": 2010,
            "quarter": 4,
            "eps": 3.51,
            "eps_growth_year": -56.89,
            "eps_4q": 28.35,
            "eps_4q_growth_year": -16.41,
            "roe": 3.42,
            "roe_4q": 27.690000000000005,
            "gross_profit": 11157677,
            "gross_margin": 49.2,
            "gross_margin_4q_avg": 53.29,
            "net_income": 3809775,
            "net_income_4q": null,
            "revenue": 22679823,
            "revenue_4q": null,
            "common_shares": 10999317,
            "book_valuer_per_share": 102.29,
            "book_valuer_per_share_4q_avg": 102.75,
            "equity": 111713335,
            "current_ratio": 436.65,
            "debt_ratio": 19.07,
            "inventory_turnover_ratio": 1.23,
            "account_receivable_turnover_ratio": 3.02,
            "reinvestment_rate": 8.69,
            "research_to_sale_ratio": 26.12,
            "price_fair": 966.1,
            "eps_avg_yearly": 28.67,
            "eps_latest_yearly": 14.04,
            "eps_growth_yearly": 23.7
        },
        "20111": {
            "year_quarter": 20111,
            "year": 2011,
            "quarter": 1,
            "eps": 3.03,
            "eps_growth_year": -70.55,
            "eps_4q": 21.18,
            "eps_4q_growth_year": -43.85,
            "roe": 2.91,
            "roe_4q": 20.86,
            "gross_profit": 9180078,
            "gross_margin": 46.21,
            "gross_margin_4q_avg": 50.67,
            "net_income": 3305454,
            "net_income_4q": null,
            "revenue": 19867087,
            "revenue_4q": null,
            "common_shares": 10999682,
            "book_valuer_per_share": 105.72,
            "book_valuer_per_share_4q_avg": 101.54,
            "equity": 115467954,
            "current_ratio": 487.08,
            "debt_ratio": 17.39,
            "inventory_turnover_ratio": 1.15,
            "account_receivable_turnover_ratio": 2.79,
            "reinvestment_rate": 9.09,
            "research_to_sale_ratio": 24.74,
            "price_fair": 712.27,
            "eps_avg_yearly": 27.39,
            "eps_latest_yearly": 12.12,
            "eps_growth_yearly": 16.01
        },
        "20112": {
            "year_quarter": 20112,
            "year": 2011,
            "quarter": 2,
            "eps": 3.05,
            "eps_growth_year": -63.17,
            "eps_4q": 15.96,
            "eps_4q_growth_year": -57.18,
            "roe": 3.15,
            "roe_4q": 15.96,
            "gross_profit": 9630708,
            "gross_margin": 45.9,
            "gross_margin_4q_avg": 48.38,
            "net_income": 3328497,
            "net_income_4q": null,
            "revenue": 20981890,
            "revenue_4q": null,
            "common_shares": 10999772,
            "book_valuer_per_share": 87.8,
            "book_valuer_per_share_4q_avg": 99.33,
            "equity": 95931642,
            "current_ratio": 248.63,
            "debt_ratio": 33.22,
            "inventory_turnover_ratio": 1.2,
            "account_receivable_turnover_ratio": 2.81,
            "reinvestment_rate": 11.11,
            "research_to_sale_ratio": 24.49,
            "price_fair": 705.12,
            "eps_avg_yearly": 26.18,
            "eps_latest_yearly": 12.2,
            "eps_growth_yearly": 16.94
        },
        "20113": {
            "year_quarter": 20113,
            "year": 2011,
            "quarter": 3,
            "eps": 3.75,
            "eps_growth_year": -41.17,
            "eps_4q": 13.41,
            "eps_4q_growth_year": -59.2,
            "roe": 4.14,
            "roe_4q": 13.62,
            "gross_profit": 10539785,
            "gross_margin": 45.09,
            "gross_margin_4q_avg": 46.6,
            "net_income": 4065313,
            "net_income_4q": null,
            "revenue": 23375740,
            "revenue_4q": null,
            "common_shares": 10999772,
            "book_valuer_per_share": 92.66,
            "book_valuer_per_share_4q_avg": 97.12,
            "equity": 100512179,
            "current_ratio": 406.51,
            "debt_ratio": 19.85,
            "inventory_turnover_ratio": 1.52,
            "account_receivable_turnover_ratio": 2.86,
            "reinvestment_rate": 13.12,
            "research_to_sale_ratio": 22.69,
            "price_fair": 515.87,
            "eps_avg_yearly": 24.24,
            "eps_latest_yearly": 15,
            "eps_growth_yearly": 11.28
        },
        "20114": {
            "year_quarter": 20114,
            "year": 2011,
            "quarter": 4,
            "eps": 2.56,
            "eps_growth_year": -26.97,
            "eps_4q": 11.95,
            "eps_4q_growth_year": -57.84,
            "roe": 2.69,
            "roe_4q": 12.89,
            "gross_profit": 9993586,
            "gross_margin": 44.16,
            "gross_margin_4q_avg": 45.34,
            "net_income": 2916539,
            "net_income_4q": null,
            "revenue": 22632777,
            "revenue_4q": null,
            "common_shares": 11475108,
            "book_valuer_per_share": 102.02,
            "book_valuer_per_share_4q_avg": 97.05,
            "equity": 116328327,
            "current_ratio": 368.22,
            "debt_ratio": 21.26,
            "inventory_turnover_ratio": 1.53,
            "account_receivable_turnover_ratio": 2.86,
            "reinvestment_rate": 13.24,
            "research_to_sale_ratio": 25.74,
            "price_fair": 584.2,
            "eps_avg_yearly": 23.35,
            "eps_latest_yearly": 10.24,
            "eps_growth_yearly": 15.02
        },
        "20121": {
            "year_quarter": 20121,
            "year": 2012,
            "quarter": 1,
            "eps": 2.19,
            "eps_growth_year": -27.72,
            "eps_4q": 11.24,
            "eps_4q_growth_year": -46.93,
            "roe": 2.13,
            "roe_4q": 12.110000000000001,
            "gross_profit": 8254917,
            "gross_margin": 42.08,
            "gross_margin_4q_avg": 44.31,
            "net_income": 2498123,
            "net_income_4q": null,
            "revenue": 19615289,
            "revenue_4q": null,
            "common_shares": 11475108,
            "book_valuer_per_share": 103.28,
            "book_valuer_per_share_4q_avg": 96.44,
            "equity": 117767515,
            "current_ratio": 361.32,
            "debt_ratio": 21.56,
            "inventory_turnover_ratio": 1.18,
            "account_receivable_turnover_ratio": 2.66,
            "reinvestment_rate": 14.44,
            "research_to_sale_ratio": 25.39,
            "price_fair": 699.12,
            "eps_avg_yearly": 22.92,
            "eps_latest_yearly": 8.76,
            "eps_growth_yearly": 20.51
        },
        "20122": {
            "year_quarter": 20122,
            "year": 2012,
            "quarter": 2,
            "eps": 2.95,
            "eps_growth_year": -3.27,
            "eps_4q": 11.27,
            "eps_4q_growth_year": -29.4,
            "roe": 2.92,
            "roe_4q": 11.879999999999999,
            "gross_profit": 9558127,
            "gross_margin": 40.78,
            "gross_margin_4q_avg": 43.03,
            "net_income": 3347495,
            "net_income_4q": null,
            "revenue": 23439933,
            "revenue_4q": null,
            "common_shares": 11475751,
            "book_valuer_per_share": 97.94,
            "book_valuer_per_share_4q_avg": 98.98,
            "equity": 111675435,
            "current_ratio": 259.1,
            "debt_ratio": 30.68,
            "inventory_turnover_ratio": 1.33,
            "account_receivable_turnover_ratio": 3.11,
            "reinvestment_rate": 12.95,
            "research_to_sale_ratio": 22.52,
            "price_fair": 730.51,
            "eps_avg_yearly": 22.42,
            "eps_latest_yearly": 11.8,
            "eps_growth_yearly": 22.58
        },
        "20123": {
            "year_quarter": 20123,
            "year": 2012,
            "quarter": 3,
            "eps": 3.68,
            "eps_growth_year": -1.89,
            "eps_4q": 10.22,
            "eps_4q_growth_year": -23.73,
            "roe": 3.47,
            "roe_4q": 11.209999999999999,
            "gross_profit": 12151051,
            "gross_margin": 41.23,
            "gross_margin_4q_avg": 42.06,
            "net_income": 4930724,
            "net_income_4q": null,
            "revenue": 29470929,
            "revenue_4q": null,
            "common_shares": 13493623,
            "book_valuer_per_share": 128.82,
            "book_valuer_per_share_4q_avg": 108.02,
            "equity": 172849921,
            "current_ratio": 319.53,
            "debt_ratio": 18.17,
            "inventory_turnover_ratio": 1.5,
            "account_receivable_turnover_ratio": 3.69,
            "reinvestment_rate": 73.63,
            "research_to_sale_ratio": 21.2,
            "price_fair": 640.79,
            "eps_avg_yearly": 21.66,
            "eps_latest_yearly": 14.72,
            "eps_growth_yearly": 19.59
        },
        "20124": {
            "year_quarter": 20124,
            "year": 2012,
            "quarter": 4,
            "eps": 3.64,
            "eps_growth_year": 42.37,
            "eps_4q": 11.69,
            "eps_4q_growth_year": -2.17,
            "roe": 2.8,
            "roe_4q": 11.32,
            "gross_profit": 11098359,
            "gross_margin": 41.51,
            "gross_margin_4q_avg": 41.4,
            "net_income": 4871971,
            "net_income_4q": null,
            "revenue": 26737009,
            "revenue_4q": null,
            "common_shares": 13493702,
            "book_valuer_per_share": 130.99,
            "book_valuer_per_share_4q_avg": 115.26,
            "equity": 175774113,
            "current_ratio": 359.17,
            "debt_ratio": 16.39,
            "inventory_turnover_ratio": 1.2,
            "account_receivable_turnover_ratio": 3.6,
            "reinvestment_rate": 71.48,
            "research_to_sale_ratio": 21.97,
            "price_fair": 766.24,
            "eps_avg_yearly": 21.89,
            "eps_latest_yearly": 14.56,
            "eps_growth_yearly": 34.3
        },
        "20131": {
            "year_quarter": 20131,
            "year": 2013,
            "quarter": 1,
            "eps": 2.79,
            "eps_growth_year": 27.4,
            "eps_4q": 12.62,
            "eps_4q_growth_year": 12.24,
            "roe": 2.09,
            "roe_4q": 11.28,
            "gross_profit": 10090151,
            "gross_margin": 42.09,
            "gross_margin_4q_avg": 41.4,
            "net_income": 3735766,
            "net_income_4q": null,
            "revenue": 23974209,
            "revenue_4q": null,
            "common_shares": 13493702,
            "book_valuer_per_share": 135.99,
            "book_valuer_per_share_4q_avg": 123.44,
            "equity": 182461645,
            "current_ratio": 351.15,
            "debt_ratio": 16.93,
            "inventory_turnover_ratio": 1.04,
            "account_receivable_turnover_ratio": 3.58,
            "reinvestment_rate": 76.97,
            "research_to_sale_ratio": 22.91,
            "price_fair": 62.84,
            "eps_avg_yearly": 20.95,
            "eps_latest_yearly": 11.16,
            "eps_growth_yearly": -7.37
        },
        "20132": {
            "year_quarter": 20132,
            "year": 2013,
            "quarter": 2,
            "eps": 5.01,
            "eps_growth_year": 70.08,
            "eps_4q": 15.13,
            "eps_4q_growth_year": 34.23,
            "roe": 3.72,
            "roe_4q": 12.08,
            "gross_profit": 14384818,
            "gross_margin": 43.23,
            "gross_margin_4q_avg": 42.02,
            "net_income": 6716448,
            "net_income_4q": null,
            "revenue": 33276043,
            "revenue_4q": null,
            "common_shares": 13493939,
            "book_valuer_per_share": 132.91,
            "book_valuer_per_share_4q_avg": 132.18,
            "equity": 178352968,
            "current_ratio": 248.17,
            "debt_ratio": 24.86,
            "inventory_turnover_ratio": 1.59,
            "account_receivable_turnover_ratio": 3.87,
            "reinvestment_rate": 79.02,
            "research_to_sale_ratio": 19.58,
            "price_fair": 298.29,
            "eps_avg_yearly": 20.06,
            "eps_latest_yearly": 20.04,
            "eps_growth_yearly": 4.87
        },
        "20133": {
            "year_quarter": 20133,
            "year": 2013,
            "quarter": 3,
            "eps": 6.28,
            "eps_growth_year": 70.52,
            "eps_4q": 17.73,
            "eps_4q_growth_year": 73.37,
            "roe": 4.63,
            "roe_4q": 13.239999999999998,
            "gross_profit": 17140436,
            "gross_margin": 43.94,
            "gross_margin_4q_avg": 42.69,
            "net_income": 8416227,
            "net_income_4q": null,
            "revenue": 39007788,
            "revenue_4q": null,
            "common_shares": 13494088,
            "book_valuer_per_share": 137.93,
            "book_valuer_per_share_4q_avg": 134.46,
            "equity": 185099473,
            "current_ratio": 281.13,
            "debt_ratio": 22.29,
            "inventory_turnover_ratio": 1.83,
            "account_receivable_turnover_ratio": 3.64,
            "reinvestment_rate": 80.49,
            "research_to_sale_ratio": 18.14,
            "price_fair": 267.85,
            "eps_avg_yearly": 18.88,
            "eps_latest_yearly": 25.12,
            "eps_growth_yearly": 4.19
        },
        "20134": {
            "year_quarter": 20134,
            "year": 2013,
            "quarter": 4,
            "eps": 6.43,
            "eps_growth_year": 76.32,
            "eps_4q": 20.5,
            "eps_4q_growth_year": 75.35,
            "roe": 4.53,
            "roe_4q": 14.97,
            "gross_profit": 18190179,
            "gross_margin": 45.71,
            "gross_margin_4q_avg": 43.74,
            "net_income": 8616209,
            "net_income_4q": null,
            "revenue": 39797914,
            "revenue_4q": null,
            "common_shares": 13494667,
            "book_valuer_per_share": 145.55,
            "book_valuer_per_share_4q_avg": 138.1,
            "equity": 195353399,
            "current_ratio": 263.49,
            "debt_ratio": 24.47,
            "inventory_turnover_ratio": 1.94,
            "account_receivable_turnover_ratio": 4.26,
            "reinvestment_rate": 74.96,
            "research_to_sale_ratio": 18.52,
            "price_fair": 392.89,
            "eps_avg_yearly": 18.45,
            "eps_latest_yearly": 25.72,
            "eps_growth_yearly": 11.29
        },
        "20141": {
            "year_quarter": 20141,
            "year": 2014,
            "quarter": 1,
            "eps": 6.82,
            "eps_growth_year": 144.44,
            "eps_4q": 21.7,
            "eps_4q_growth_year": 71.98,
            "roe": 4.79,
            "roe_4q": 17.669999999999998,
            "gross_profit": 22225663,
            "gross_margin": 48.31,
            "gross_margin_4q_avg": 45.3,
            "net_income": 10139341,
            "net_income_4q": null,
            "revenue": 46005002,
            "revenue_4q": null,
            "common_shares": 15708379,
            "book_valuer_per_share": 146.07,
            "book_valuer_per_share_4q_avg": 140.62,
            "equity": 228398339,
            "current_ratio": 307.72,
            "debt_ratio": 23.5,
            "inventory_turnover_ratio": 1.83,
            "account_receivable_turnover_ratio": 4.34,
            "reinvestment_rate": 12.74,
            "research_to_sale_ratio": 19.38,
            "price_fair": 284.28,
            "eps_avg_yearly": 17.59,
            "eps_latest_yearly": 27.28,
            "eps_growth_yearly": 6.17
        },
        "20142": {
            "year_quarter": 20142,
            "year": 2014,
            "quarter": 2,
            "eps": 8.03,
            "eps_growth_year": 60.28,
            "eps_4q": 25.43,
            "eps_4q_growth_year": 68.13,
            "roe": 5.67,
            "roe_4q": 19.62,
            "gross_profit": 26823802,
            "gross_margin": 49.55,
            "gross_margin_4q_avg": 46.88,
            "net_income": 12548608,
            "net_income_4q": null,
            "revenue": 54133047,
            "revenue_4q": null,
            "common_shares": 15709889,
            "book_valuer_per_share": 137.08,
            "book_valuer_per_share_4q_avg": 141.66,
            "equity": 214316954,
            "current_ratio": 219.39,
            "debt_ratio": 33.82,
            "inventory_turnover_ratio": 1.52,
            "account_receivable_turnover_ratio": 4.08,
            "reinvestment_rate": 11.05,
            "research_to_sale_ratio": 19.22,
            "price_fair": 447.05,
            "eps_avg_yearly": 17.53,
            "eps_latest_yearly": 32.12,
            "eps_growth_yearly": 15.51
        },
        "20143": {
            "year_quarter": 20143,
            "year": 2014,
            "quarter": 3,
            "eps": 8.51,
            "eps_growth_year": 35.51,
            "eps_4q": 28.54,
            "eps_4q_growth_year": 61.02,
            "roe": 5.97,
            "roe_4q": 20.96,
            "gross_profit": 28234015,
            "gross_margin": 49.13,
            "gross_margin_4q_avg": 48.18,
            "net_income": 13301237,
            "net_income_4q": null,
            "revenue": 57472148,
            "revenue_4q": null,
            "common_shares": 15710215,
            "book_valuer_per_share": 147.64,
            "book_valuer_per_share_4q_avg": 144.09,
            "equity": 230979290,
            "current_ratio": 237.86,
            "debt_ratio": 31.07,
            "inventory_turnover_ratio": 1.34,
            "account_receivable_turnover_ratio": 4.05,
            "reinvestment_rate": 13.42,
            "research_to_sale_ratio": 20.08,
            "price_fair": 590.79,
            "eps_avg_yearly": 18.06,
            "eps_latest_yearly": 34.04,
            "eps_growth_yearly": 22.72
        },
        "20144": {
            "year_quarter": 20144,
            "year": 2014,
            "quarter": 4,
            "eps": 6.65,
            "eps_growth_year": 3.43,
            "eps_4q": 29.67,
            "eps_4q_growth_year": 44.71,
            "roe": 4.35,
            "roe_4q": 20.78,
            "gross_profit": 26585141,
            "gross_margin": 47.94,
            "gross_margin_4q_avg": 48.73,
            "net_income": 10409887,
            "net_income_4q": null,
            "revenue": 55452719,
            "revenue_4q": null,
            "common_shares": 15714455,
            "book_valuer_per_share": 158.07,
            "book_valuer_per_share_4q_avg": 147.22,
            "equity": 247605747,
            "current_ratio": 244.59,
            "debt_ratio": 29.48,
            "inventory_turnover_ratio": 1.23,
            "account_receivable_turnover_ratio": 3.97,
            "reinvestment_rate": 22.08,
            "research_to_sale_ratio": 22.51,
            "price_fair": 659.49,
            "eps_avg_yearly": 18.84,
            "eps_latest_yearly": 26.6,
            "eps_growth_yearly": 28.5
        },
        "20151": {
            "year_quarter": 20151,
            "year": 2015,
            "quarter": 1,
            "eps": 4.62,
            "eps_growth_year": -32.26,
            "eps_4q": 27.8,
            "eps_4q_growth_year": 28.12,
            "roe": 2.89,
            "roe_4q": 18.880000000000003,
            "gross_profit": 22498598,
            "gross_margin": 47.33,
            "gross_margin_4q_avg": 48.49,
            "net_income": 7250997,
            "net_income_4q": null,
            "revenue": 47536221,
            "revenue_4q": null,
            "common_shares": 15714922,
            "book_valuer_per_share": 161.88,
            "book_valuer_per_share_4q_avg": 151.17,
            "equity": 253620025,
            "current_ratio": 233.7,
            "debt_ratio": 30.29,
            "inventory_turnover_ratio": 0.99,
            "account_receivable_turnover_ratio": 3.67,
            "reinvestment_rate": 26.99,
            "research_to_sale_ratio": 22.83,
            "price_fair": 659.66,
            "eps_avg_yearly": 19.24,
            "eps_latest_yearly": 18.48,
            "eps_growth_yearly": 24.29
        },
        "20152": {
            "year_quarter": 20152,
            "year": 2015,
            "quarter": 2,
            "eps": 4.06,
            "eps_growth_year": -49.44,
            "eps_4q": 23.83,
            "eps_4q_growth_year": -6.29,
            "roe": 2.66,
            "roe_4q": 15.870000000000001,
            "gross_profit": 21596374,
            "gross_margin": 45.91,
            "gross_margin_4q_avg": 47.58,
            "net_income": 6377407,
            "net_income_4q": null,
            "revenue": 47044056,
            "revenue_4q": null,
            "common_shares": 15715763,
            "book_valuer_per_share": 143.61,
            "book_valuer_per_share_4q_avg": 152.8,
            "equity": 225437834,
            "current_ratio": 178.25,
            "debt_ratio": 39.29,
            "inventory_turnover_ratio": 0.82,
            "account_receivable_turnover_ratio": 3.68,
            "reinvestment_rate": 27.59,
            "research_to_sale_ratio": 23.16,
            "price_fair": 606.04,
            "eps_avg_yearly": 19.49,
            "eps_latest_yearly": 16.24,
            "eps_growth_yearly": 21.09
        },
        "20153": {
            "year_quarter": 20153,
            "year": 2015,
            "quarter": 3,
            "eps": 5.09,
            "eps_growth_year": -40.19,
            "eps_4q": 20.41,
            "eps_4q_growth_year": -28.47,
            "roe": 3.44,
            "roe_4q": 13.34,
            "gross_profit": 24304178,
            "gross_margin": 42.67,
            "gross_margin_4q_avg": 45.96,
            "net_income": 7959768,
            "net_income_4q": null,
            "revenue": 56962044,
            "revenue_4q": null,
            "common_shares": 15715819,
            "book_valuer_per_share": 151.02,
            "book_valuer_per_share_4q_avg": 153.65,
            "equity": 237074654,
            "current_ratio": 210.76,
            "debt_ratio": 31.76,
            "inventory_turnover_ratio": 0.97,
            "account_receivable_turnover_ratio": 4.02,
            "reinvestment_rate": 30.03,
            "research_to_sale_ratio": 21.67,
            "price_fair": 628.44,
            "eps_avg_yearly": 19.83,
            "eps_latest_yearly": 20.36,
            "eps_growth_yearly": 21.7
        },
        "20154": {
            "year_quarter": 20154,
            "year": 2015,
            "quarter": 4,
            "eps": 2.83,
            "eps_growth_year": -57.4,
            "eps_4q": 16.6,
            "eps_4q_growth_year": -44.06,
            "roe": 1.73,
            "roe_4q": 10.72,
            "gross_profit": 23780436,
            "gross_margin": 38.53,
            "gross_margin_4q_avg": 43.61,
            "net_income": 4180560,
            "net_income_4q": null,
            "revenue": 61712919,
            "revenue_4q": null,
            "common_shares": 15715837,
            "book_valuer_per_share": 153.75,
            "book_valuer_per_share_4q_avg": 152.57,
            "equity": 247086885,
            "current_ratio": 212.19,
            "debt_ratio": 29.65,
            "inventory_turnover_ratio": 1.31,
            "account_receivable_turnover_ratio": 3.82,
            "reinvestment_rate": 32.86,
            "research_to_sale_ratio": 25.01,
            "price_fair": 567.58,
            "eps_avg_yearly": 19.9,
            "eps_latest_yearly": 11.32,
            "eps_growth_yearly": 18.53
        },
        "20161": {
            "year_quarter": 20161,
            "year": 2016,
            "quarter": 1,
            "eps": 2.79,
            "eps_growth_year": -39.61,
            "eps_4q": 14.77,
            "eps_4q_growth_year": -46.88,
            "roe": 1.8,
            "roe_4q": 9.63,
            "gross_profit": 21307398,
            "gross_margin": 38.11,
            "gross_margin_4q_avg": 41.31,
            "net_income": 4472987,
            "net_income_4q": null,
            "revenue": 55905486,
            "revenue_4q": null,
            "common_shares": 15715837,
            "book_valuer_per_share": 155.38,
            "book_valuer_per_share_4q_avg": 150.94,
            "equity": 249837112,
            "current_ratio": 213.95,
            "debt_ratio": 30.02,
            "inventory_turnover_ratio": 1.35,
            "account_receivable_turnover_ratio": 3.52,
            "reinvestment_rate": 30.1,
            "research_to_sale_ratio": 24,
            "price_fair": 637.2,
            "eps_avg_yearly": 20.05,
            "eps_latest_yearly": 11.16,
            "eps_growth_yearly": 21.79
        },
        "20162": {
            "year_quarter": 20162,
            "year": 2016,
            "quarter": 2,
            "eps": 4.16,
            "eps_growth_year": 2.46,
            "eps_4q": 14.86,
            "eps_4q_growth_year": -37.63,
            "roe": 2.78,
            "roe_4q": 9.75,
            "gross_profit": 25553156,
            "gross_margin": 35.23,
            "gross_margin_4q_avg": 38.64,
            "net_income": 6589719,
            "net_income_4q": null,
            "revenue": 72527311,
            "revenue_4q": null,
            "common_shares": 15715837,
            "book_valuer_per_share": 142.48,
            "book_valuer_per_share_4q_avg": 150.66,
            "equity": 223582619,
            "current_ratio": 159.98,
            "debt_ratio": 40.59,
            "inventory_turnover_ratio": 1.54,
            "account_receivable_turnover_ratio": 3.96,
            "reinvestment_rate": 33.94,
            "research_to_sale_ratio": 18.81,
            "price_fair": 712.16,
            "eps_avg_yearly": 20.35,
            "eps_latest_yearly": 16.64,
            "eps_growth_yearly": 25.39
        },
        "20163": {
            "year_quarter": 20163,
            "year": 2016,
            "quarter": 3,
            "eps": 4.98,
            "eps_growth_year": -2.16,
            "eps_4q": 14.66,
            "eps_4q_growth_year": -28.18,
            "roe": 3.45,
            "roe_4q": 9.760000000000002,
            "gross_profit": 27616593,
            "gross_margin": 35.22,
            "gross_margin_4q_avg": 36.77,
            "net_income": 7830287,
            "net_income_4q": null,
            "revenue": 78403491,
            "revenue_4q": null,
            "common_shares": 15821122,
            "book_valuer_per_share": 145.03,
            "book_valuer_per_share_4q_avg": 149.16,
            "equity": 230118459,
            "current_ratio": 170.79,
            "debt_ratio": 37.5,
            "inventory_turnover_ratio": 1.44,
            "account_receivable_turnover_ratio": 3.46,
            "reinvestment_rate": -11.46,
            "research_to_sale_ratio": 18.61,
            "price_fair": 705.56,
            "eps_avg_yearly": 20.67,
            "eps_latest_yearly": 19.92,
            "eps_growth_yearly": 24.13
        },
        "20164": {
            "year_quarter": 20164,
            "year": 2016,
            "quarter": 4,
            "eps": 3.21,
            "eps_growth_year": 13.19,
            "eps_4q": 15.05,
            "eps_4q_growth_year": -9.31,
            "roe": 2.16,
            "roe_4q": 10.190000000000001,
            "gross_profit": 23712685,
            "gross_margin": 34.53,
            "gross_margin_4q_avg": 35.77,
            "net_income": 5137539,
            "net_income_4q": null,
            "revenue": 68675426,
            "revenue_4q": null,
            "common_shares": 15821122,
            "book_valuer_per_share": 155.48,
            "book_valuer_per_share_4q_avg": 149.59,
            "equity": 246662878,
            "current_ratio": 184.6,
            "debt_ratio": 33.46,
            "inventory_turnover_ratio": 1.27,
            "account_receivable_turnover_ratio": 3.07,
            "reinvestment_rate": -1.62,
            "research_to_sale_ratio": 20.44,
            "price_fair": 524.74,
            "eps_avg_yearly": 20.57,
            "eps_latest_yearly": 12.84,
            "eps_growth_yearly": 15.52
        },
        "20171": {
            "year_quarter": 20171,
            "year": 2017,
            "quarter": 1,
            "eps": 4.29,
            "eps_growth_year": 53.76,
            "eps_4q": 16.54,
            "eps_4q_growth_year": 11.99,
            "roe": 2.65,
            "roe_4q": 11.040000000000001,
            "gross_profit": 18789696,
            "gross_margin": 33.5,
            "gross_margin_4q_avg": 34.62,
            "net_income": 6639157,
            "net_income_4q": null,
            "revenue": 56082721,
            "revenue_4q": null,
            "common_shares": 15821119,
            "book_valuer_per_share": 160.17,
            "book_valuer_per_share_4q_avg": 150.79,
            "equity": 254963001,
            "current_ratio": 178.59,
            "debt_ratio": 34.78,
            "inventory_turnover_ratio": 1.04,
            "account_receivable_turnover_ratio": 2.89,
            "reinvestment_rate": -1.74,
            "research_to_sale_ratio": 24.05,
            "price_fair": 732.9,
            "eps_avg_yearly": 20.94,
            "eps_latest_yearly": 17.16,
            "eps_growth_yearly": 29.77
        },
        "20172": {
            "year_quarter": 20172,
            "year": 2017,
            "quarter": 2,
            "eps": 1.51,
            "eps_growth_year": -63.7,
            "eps_4q": 13.92,
            "eps_4q_growth_year": -6.35,
            "roe": 0.87,
            "roe_4q": 9.129999999999999,
            "gross_profit": 20329800,
            "gross_margin": 35,
            "gross_margin_4q_avg": 34.56,
            "net_income": 2210263,
            "net_income_4q": null,
            "revenue": 58078789,
            "revenue_4q": null,
            "common_shares": 15816034,
            "book_valuer_per_share": 157.15,
            "book_valuer_per_share_4q_avg": 154.46,
            "equity": 250848693,
            "current_ratio": 163.41,
            "debt_ratio": 37.8,
            "inventory_turnover_ratio": 0.98,
            "account_receivable_turnover_ratio": 2.99,
            "reinvestment_rate": 3.02,
            "research_to_sale_ratio": 23.46,
            "price_fair": 60.2,
            "eps_avg_yearly": 20.07,
            "eps_latest_yearly": 6.04,
            "eps_growth_yearly": -6.33
        },
        "20173": {
            "year_quarter": 20173,
            "year": 2017,
            "quarter": 3,
            "eps": 3.26,
            "eps_growth_year": -34.54,
            "eps_4q": 12.21,
            "eps_4q_growth_year": -16.73,
            "roe": 1.99,
            "roe_4q": 7.67,
            "gross_profit": 23182329,
            "gross_margin": 36.42,
            "gross_margin_4q_avg": 34.86,
            "net_income": 5060532,
            "net_income_4q": null,
            "revenue": 63651408,
            "revenue_4q": null,
            "common_shares": 15818797,
            "book_valuer_per_share": 162.92,
            "book_valuer_per_share_4q_avg": 158.93,
            "equity": 257899757,
            "current_ratio": 175.28,
            "debt_ratio": 34.29,
            "inventory_turnover_ratio": 1.07,
            "account_receivable_turnover_ratio": 3.01,
            "reinvestment_rate": 7.68,
            "research_to_sale_ratio": 22.31,
            "price_fair": 508.02,
            "eps_avg_yearly": 19.31,
            "eps_latest_yearly": 13.04,
            "eps_growth_yearly": 16.31
        },
        "20174": {
            "year_quarter": 20174,
            "year": 2017,
            "quarter": 4,
            "eps": 6.46,
            "eps_growth_year": 101.44,
            "eps_4q": 15.46,
            "eps_4q_growth_year": 2.71,
            "roe": 3.91,
            "roe_4q": 9.42,
            "gross_profit": 22584057,
            "gross_margin": 37.39,
            "gross_margin_4q_avg": 35.58,
            "net_income": 10160146,
            "net_income_4q": null,
            "revenue": 60403400,
            "revenue_4q": null,
            "common_shares": 15814140,
            "book_valuer_per_share": 165.1,
            "book_valuer_per_share_4q_avg": 161.34,
            "equity": 261199013,
            "current_ratio": 187.54,
            "debt_ratio": 33.84,
            "inventory_turnover_ratio": 1.21,
            "account_receivable_turnover_ratio": 3.12,
            "reinvestment_rate": -3.85,
            "research_to_sale_ratio": 26.25,
            "price_fair": 676.11,
            "eps_avg_yearly": 19.32,
            "eps_latest_yearly": 25.84,
            "eps_growth_yearly": 40.25
        },
        "20181": {
            "year_quarter": 20181,
            "year": 2018,
            "quarter": 1,
            "eps": 1.69,
            "eps_growth_year": -60.61,
            "eps_4q": 12.88,
            "eps_4q_growth_year": -22.11,
            "roe": 0.99,
            "roe_4q": 7.760000000000001,
            "gross_profit": 19084688,
            "gross_margin": 38.44,
            "gross_margin_4q_avg": 36.81,
            "net_income": 2660244,
            "net_income_4q": null,
            "revenue": 49653987,
            "revenue_4q": null,
            "common_shares": 15814371,
            "book_valuer_per_share": 173.23,
            "book_valuer_per_share_4q_avg": 164.6,
            "equity": 274014969,
            "current_ratio": 179.97,
            "debt_ratio": 33.71,
            "inventory_turnover_ratio": 1.02,
            "account_receivable_turnover_ratio": 2.32,
            "reinvestment_rate": 30.68,
            "research_to_sale_ratio": 26.82,
            "price_fair": 546.02,
            "eps_avg_yearly": 18.04,
            "eps_latest_yearly": 6.76,
            "eps_growth_yearly": 20.28
        },
        "20182": {
            "year_quarter": 20182,
            "year": 2018,
            "quarter": 2,
            "eps": 4.75,
            "eps_growth_year": 214.57,
            "eps_4q": 16.13,
            "eps_4q_growth_year": 15.86,
            "roe": 2.81,
            "roe_4q": 9.7,
            "gross_profit": 23112745,
            "gross_margin": 38.21,
            "gross_margin_4q_avg": 37.62,
            "net_income": 7497672,
            "net_income_4q": null,
            "revenue": 60481332,
            "revenue_4q": null,
            "common_shares": 15792691,
            "book_valuer_per_share": 164.5,
            "book_valuer_per_share_4q_avg": 166.44,
            "equity": 259884232,
            "current_ratio": 157.07,
            "debt_ratio": 41.24,
            "inventory_turnover_ratio": 1.06,
            "account_receivable_turnover_ratio": 2.09,
            "reinvestment_rate": 31.07,
            "research_to_sale_ratio": 23.6,
            "price_fair": 602.53,
            "eps_avg_yearly": 17.22,
            "eps_latest_yearly": 19,
            "eps_growth_yearly": 61.11
        },
        "20183": {
            "year_quarter": 20183,
            "year": 2018,
            "quarter": 3,
            "eps": 4.39,
            "eps_growth_year": 34.66,
            "eps_4q": 17.12,
            "eps_4q_growth_year": 40.26,
            "roe": 2.58,
            "roe_4q": 10.290000000000001,
            "gross_profit": 25824535,
            "gross_margin": 38.53,
            "gross_margin_4q_avg": 38.14,
            "net_income": 6872233,
            "net_income_4q": null,
            "revenue": 67030146,
            "revenue_4q": null,
            "common_shares": 15915196,
            "book_valuer_per_share": 170.79,
            "book_valuer_per_share_4q_avg": 168.41,
            "equity": 271916584,
            "current_ratio": 175.82,
            "debt_ratio": 35.61,
            "inventory_turnover_ratio": 1.1,
            "account_receivable_turnover_ratio": 2.06,
            "reinvestment_rate": 28.3,
            "research_to_sale_ratio": 22.21,
            "price_fair": 566.48,
            "eps_avg_yearly": 16.19,
            "eps_latest_yearly": 17.56,
            "eps_growth_yearly": 57.72
        },
        "20184": {
            "year_quarter": 20184,
            "year": 2018,
            "quarter": 4,
            "eps": 2.4,
            "eps_growth_year": -62.84,
            "eps_4q": 13.11,
            "eps_4q_growth_year": -15.22,
            "roe": 1.37,
            "roe_4q": 7.75,
            "gross_profit": 23701720,
            "gross_margin": 38.92,
            "gross_margin_4q_avg": 38.53,
            "net_income": 3752247,
            "net_income_4q": null,
            "revenue": 60891881,
            "revenue_4q": null,
            "common_shares": 15915070,
            "book_valuer_per_share": 172.35,
            "book_valuer_per_share_4q_avg": 170.22,
            "equity": 274325907,
            "current_ratio": 192.54,
            "debt_ratio": 31.9,
            "inventory_turnover_ratio": 1.08,
            "account_receivable_turnover_ratio": 1.97,
            "reinvestment_rate": 16.89,
            "research_to_sale_ratio": 24.75,
            "price_fair": 529.29,
            "eps_avg_yearly": 15.12,
            "eps_latest_yearly": 9.6,
            "eps_growth_yearly": 51.85
        },
        "20191": {
            "year_quarter": 20191,
            "year": 2019,
            "quarter": 1,
            "eps": 2.17,
            "eps_growth_year": 28.4,
            "eps_4q": 13.57,
            "eps_4q_growth_year": 5.33,
            "roe": 1.22,
            "roe_4q": 7.98,
            "gross_profit": 21473144,
            "gross_margin": 40.73,
            "gross_margin_4q_avg": 39.1,
            "net_income": 3416022,
            "net_income_4q": null,
            "revenue": 52721892,
            "revenue_4q": null,
            "common_shares": 15936758,
            "book_valuer_per_share": 180.28,
            "book_valuer_per_share_4q_avg": 171.98,
            "equity": 287303302,
            "current_ratio": 208.61,
            "debt_ratio": 31.39,
            "inventory_turnover_ratio": 1.02,
            "account_receivable_turnover_ratio": 1.94,
            "reinvestment_rate": 14.11,
            "research_to_sale_ratio": 27.7,
            "price_fair": 507.85,
            "eps_avg_yearly": 14.51,
            "eps_latest_yearly": 8.68,
            "eps_growth_yearly": 57.08
        },
        "20192": {
            "year_quarter": 20192,
            "year": 2019,
            "quarter": 2,
            "eps": 4.11,
            "eps_growth_year": -13.47,
            "eps_4q": 12.99,
            "eps_4q_growth_year": -19.49,
            "roe": 2.26,
            "roe_4q": 7.43,
            "gross_profit": 25790049,
            "gross_margin": 41.89,
            "gross_margin_4q_avg": 40.02,
            "net_income": 6502844,
            "net_income_4q": null,
            "revenue": 61567106,
            "revenue_4q": null,
            "common_shares": 15875389,
            "book_valuer_per_share": 181.69,
            "book_valuer_per_share_4q_avg": 176.28,
            "equity": 288507151,
            "current_ratio": 185.26,
            "debt_ratio": 36.18,
            "inventory_turnover_ratio": 1.17,
            "account_receivable_turnover_ratio": 2.31,
            "reinvestment_rate": 11.82,
            "research_to_sale_ratio": 25.03,
            "price_fair": 508.29,
            "eps_avg_yearly": 14.52,
            "eps_latest_yearly": 16.44,
            "eps_growth_yearly": 82.46
        },
        "20193": {
            "year_quarter": 20193,
            "year": 2019,
            "quarter": 3,
            "eps": 4.38,
            "eps_growth_year": -0.23,
            "eps_4q": 12.96,
            "eps_4q_growth_year": -24.31,
            "roe": 2.3,
            "roe_4q": 7.1499999999999995,
            "gross_profit": 28289908,
            "gross_margin": 42.08,
            "gross_margin_4q_avg": 40.91,
            "net_income": 6902381,
            "net_income_4q": null,
            "revenue": 67224354,
            "revenue_4q": null,
            "common_shares": 15896912,
            "book_valuer_per_share": 196.75,
            "book_valuer_per_share_4q_avg": 182.77,
            "equity": 312829865,
            "current_ratio": 216.49,
            "debt_ratio": 31.08,
            "inventory_turnover_ratio": 1.25,
            "account_receivable_turnover_ratio": 2.3,
            "reinvestment_rate": 10.5,
            "research_to_sale_ratio": 24.68,
            "price_fair": 502.08,
            "eps_avg_yearly": 14.35,
            "eps_latest_yearly": 17.52,
            "eps_growth_yearly": 77.76
        },
        "20194": {
            "year_quarter": 20194,
            "year": 2019,
            "quarter": 4,
            "eps": 4,
            "eps_growth_year": 66.64,
            "eps_4q": 14.56,
            "eps_4q_growth_year": 11.05,
            "roe": 2.04,
            "roe_4q": 7.819999999999999,
            "gross_profit": 27492407,
            "gross_margin": 42.49,
            "gross_margin_4q_avg": 41.8,
            "net_income": 6383063,
            "net_income_4q": null,
            "revenue": 64708379,
            "revenue_4q": null,
            "common_shares": 15896473,
            "book_valuer_per_share": 197.66,
            "book_valuer_per_share_4q_avg": 189.1,
            "equity": 314399538,
            "current_ratio": 203.46,
            "debt_ratio": 31.46,
            "inventory_turnover_ratio": 1.27,
            "account_receivable_turnover_ratio": 2.26,
            "reinvestment_rate": 2.36,
            "research_to_sale_ratio": 25.34,
            "price_fair": 512.31,
            "eps_avg_yearly": 14.64,
            "eps_latest_yearly": 16,
            "eps_growth_yearly": 86.7
        },
        "20201": {
            "year_quarter": 20201,
            "year": 2020,
            "quarter": 1,
            "eps": 3.64,
            "eps_growth_year": 67.74,
            "eps_4q": 16.02,
            "eps_4q_growth_year": 18.02,
            "roe": 1.81,
            "roe_4q": 8.41,
            "gross_profit": 26237103,
            "gross_margin": 43.11,
            "gross_margin_4q_avg": 42.39,
            "net_income": 5804475,
            "net_income_4q": null,
            "revenue": 60862975,
            "revenue_4q": null,
            "common_shares": 15899816,
            "book_valuer_per_share": 206.34,
            "book_valuer_per_share_4q_avg": 195.61,
            "equity": 328548432,
            "current_ratio": 213.22,
            "debt_ratio": 29.77,
            "inventory_turnover_ratio": 1.15,
            "account_receivable_turnover_ratio": 2.33,
            "reinvestment_rate": 3.09,
            "research_to_sale_ratio": 25.2,
            "price_fair": 519.75,
            "eps_avg_yearly": 14.85,
            "eps_latest_yearly": 14.56,
            "eps_growth_yearly": 84.8
        },
        "20202": {
            "year_quarter": 20202,
            "year": 2020,
            "quarter": 2,
            "eps": 4.58,
            "eps_growth_year": 11.44,
            "eps_4q": 16.52,
            "eps_4q_growth_year": 27.22,
            "roe": 2.24,
            "roe_4q": 8.39,
            "gross_profit": 29406537,
            "gross_margin": 43.5,
            "gross_margin_4q_avg": 42.8,
            "net_income": 7310425,
            "net_income_4q": null,
            "revenue": 67603053,
            "revenue_4q": null,
            "common_shares": 15888503,
            "book_valuer_per_share": 203.43,
            "book_valuer_per_share_4q_avg": 201.05,
            "equity": 323755734,
            "current_ratio": 186.94,
            "debt_ratio": 32.95,
            "inventory_turnover_ratio": 1.1,
            "account_receivable_turnover_ratio": 2.2,
            "reinvestment_rate": 8.37,
            "research_to_sale_ratio": 25.76,
            "price_fair": 523.43,
            "eps_avg_yearly": 14.96,
            "eps_latest_yearly": 18.32,
            "eps_growth_yearly": 78.98
        },
        "20203": {
            "year_quarter": 20203,
            "year": 2020,
            "quarter": 3,
            "eps": 8.42,
            "eps_growth_year": 92.24,
            "eps_4q": 20.54,
            "eps_4q_growth_year": 58.45,
            "roe": 4.02,
            "roe_4q": 10.11,
            "gross_profit": 43028418,
            "gross_margin": 44.23,
            "gross_margin_4q_avg": 43.33,
            "net_income": 13366548,
            "net_income_4q": null,
            "revenue": 97274734,
            "revenue_4q": null,
            "common_shares": 15887666,
            "book_valuer_per_share": 213.82,
            "book_valuer_per_share_4q_avg": 205.31,
            "equity": 341303991,
            "current_ratio": 200.19,
            "debt_ratio": 30.44,
            "inventory_turnover_ratio": 1.6,
            "account_receivable_turnover_ratio": 2.63,
            "reinvestment_rate": 16,
            "research_to_sale_ratio": 23.18,
            "price_fair": 553.53,
            "eps_avg_yearly": 15.82,
            "eps_latest_yearly": 33.68,
            "eps_growth_yearly": 95.01
        },
        "20204": {
            "year_quarter": 20204,
            "year": 2020,
            "quarter": 4,
            "eps": 9.32,
            "eps_growth_year": 133.06,
            "eps_4q": 25.86,
            "eps_4q_growth_year": 77.62,
            "roe": 4.18,
            "roe_4q": 12.25,
            "gross_profit": 42863458,
            "gross_margin": 44.46,
            "gross_margin_4q_avg": 43.83,
            "net_income": 14957125,
            "net_income_4q": null,
            "revenue": 96405226,
            "revenue_4q": null,
            "common_shares": 15900622,
            "book_valuer_per_share": 234.97,
            "book_valuer_per_share_4q_avg": 214.64,
            "equity": 375084451,
            "current_ratio": 202.97,
            "debt_ratio": 29.75,
            "inventory_turnover_ratio": 1.56,
            "account_receivable_turnover_ratio": 2.71,
            "reinvestment_rate": 18.73,
            "research_to_sale_ratio": 22.85,
            "price_fair": 606.99,
            "eps_avg_yearly": 17.34,
            "eps_latest_yearly": 37.28,
            "eps_growth_yearly": 106.57
        },
        "20211": {
            "year_quarter": 20211,
            "year": 2021,
            "quarter": 1,
            "eps": 16.21,
            "eps_growth_year": 345.33,
            "eps_4q": 38.4,
            "eps_4q_growth_year": 139.76,
            "roe": 6.54,
            "roe_4q": 16.979999999999997,
            "gross_profit": 48520384,
            "gross_margin": 44.91,
            "gross_margin_4q_avg": 44.28,
            "net_income": 25777244,
            "net_income_4q": null,
            "revenue": 108032982,
            "revenue_4q": null,
            "common_shares": 15902506,
            "book_valuer_per_share": 260.17,
            "book_valuer_per_share_4q_avg": 228.1,
            "equity": 412954788,
            "current_ratio": 207.14,
            "debt_ratio": 29.66,
            "inventory_turnover_ratio": 1.26,
            "account_receivable_turnover_ratio": 2.72,
            "reinvestment_rate": 31.79,
            "research_to_sale_ratio": 20.76,
            "price_fair": 711.29,
            "eps_avg_yearly": 20.32,
            "eps_latest_yearly": 64.84,
            "eps_growth_yearly": 116.64
        },
        "20212": {
            "year_quarter": 20212,
            "year": 2021,
            "quarter": 2,
            "eps": 17.44,
            "eps_growth_year": 280.79,
            "eps_4q": 51.23,
            "eps_4q_growth_year": 210.13,
            "roe": 6.89,
            "roe_4q": 21.63,
            "gross_profit": 58038437,
            "gross_margin": 46.19,
            "gross_margin_4q_avg": 44.95,
            "net_income": 27586638,
            "net_income_4q": null,
            "revenue": 125653403,
            "revenue_4q": null,
            "common_shares": 15903358,
            "book_valuer_per_share": 244.07,
            "book_valuer_per_share_4q_avg": 238.26,
            "equity": 387632546,
            "current_ratio": 157.62,
            "debt_ratio": 38.56,
            "inventory_turnover_ratio": 1.13,
            "account_receivable_turnover_ratio": 2.65,
            "reinvestment_rate": 24.86,
            "research_to_sale_ratio": 18.21,
            "price_fair": 850.68,
            "eps_avg_yearly": 24.31,
            "eps_latest_yearly": 69.76,
            "eps_growth_yearly": 134.74
        },
        "20213": {
            "year_quarter": 20213,
            "year": 2021,
            "quarter": 3,
            "eps": 17.92,
            "eps_growth_year": 112.83,
            "eps_4q": 60.41,
            "eps_4q_growth_year": 194.14,
            "roe": 7.21,
            "roe_4q": 24.82,
            "gross_profit": 61216107,
            "gross_margin": 46.7,
            "gross_margin_4q_avg": 45.57,
            "net_income": 28361151,
            "net_income_4q": null,
            "revenue": 131074320,
            "revenue_4q": null,
            "common_shares": 15987603,
            "book_valuer_per_share": 249.91,
            "book_valuer_per_share_4q_avg": 247.28,
            "equity": 399063391,
            "current_ratio": 166.28,
            "debt_ratio": 34.42,
            "inventory_turnover_ratio": 1.06,
            "account_receivable_turnover_ratio": 2.52,
            "reinvestment_rate": 10.45,
            "research_to_sale_ratio": 18.59,
            "price_fair": 978.95,
            "eps_avg_yearly": 27.97,
            "eps_latest_yearly": 71.68,
            "eps_growth_yearly": 106.45
        },
        "20214": {
            "year_quarter": 20214,
            "year": 2021,
            "quarter": 4,
            "eps": 18.89,
            "eps_growth_year": 102.68,
            "eps_4q": 70.03,
            "eps_4q_growth_year": 170.84,
            "roe": 7.24,
            "roe_4q": 27.88,
            "gross_profit": 63829667,
            "gross_margin": 49.61,
            "gross_margin_4q_avg": 46.85,
            "net_income": 30147500,
            "net_income_4q": null,
            "revenue": 128653877,
            "revenue_4q": null,
            "common_shares": 15988420,
            "book_valuer_per_share": 271.52,
            "book_valuer_per_share_4q_avg": 256.42,
            "equity": 433647894,
            "current_ratio": 164.31,
            "debt_ratio": 34.38,
            "inventory_turnover_ratio": 0.91,
            "account_receivable_turnover_ratio": 2.25,
            "reinvestment_rate": 19.96,
            "research_to_sale_ratio": 20.53,
            "price_fair": 1087.71,
            "eps_avg_yearly": 31.08,
            "eps_latest_yearly": 75.56,
            "eps_growth_yearly": 83.27
        },
        "20221": {
            "year_quarter": 20221,
            "year": 2022,
            "quarter": 1,
            "eps": 21.02,
            "eps_growth_year": 29.67,
            "eps_4q": 74.85,
            "eps_4q_growth_year": 94.92,
            "roe": 7.51,
            "roe_4q": 28.85,
            "gross_profit": 71783375,
            "gross_margin": 50.3,
            "gross_margin_4q_avg": 48.2,
            "net_income": 33413257,
            "net_income_4q": null,
            "revenue": 142710849,
            "revenue_4q": null,
            "common_shares": 15990298,
            "book_valuer_per_share": 285.61,
            "book_valuer_per_share_4q_avg": 262.78,
            "equity": 455914340,
            "current_ratio": 177.47,
            "debt_ratio": 35.67,
            "inventory_turnover_ratio": 0.87,
            "account_receivable_turnover_ratio": 2.31,
            "reinvestment_rate": 18.83,
            "research_to_sale_ratio": 20,
            "price_fair": 1256.85,
            "eps_avg_yearly": 35.91,
            "eps_latest_yearly": 84.08,
            "eps_growth_yearly": 104.54
        },
        "20222": {
            "year_quarter": 20222,
            "year": 2022,
            "quarter": 2,
            "eps": 22.39,
            "eps_growth_year": 28.38,
            "eps_4q": 79.83,
            "eps_4q_growth_year": 55.83,
            "roe": 8.39,
            "roe_4q": 30.35,
            "gross_profit": 76764285,
            "gross_margin": 49.29,
            "gross_margin_4q_avg": 48.98,
            "net_income": 35612001,
            "net_income_4q": null,
            "revenue": 155729821,
            "revenue_4q": null,
            "common_shares": 15990852,
            "book_valuer_per_share": 245.16,
            "book_valuer_per_share_4q_avg": 263.05,
            "equity": 392796725,
            "current_ratio": 132.26,
            "debt_ratio": 46.25,
            "inventory_turnover_ratio": 0.87,
            "account_receivable_turnover_ratio": 2.46,
            "reinvestment_rate": 19.52,
            "research_to_sale_ratio": 19.38,
            "price_fair": 1411.2,
            "eps_avg_yearly": 40.32,
            "eps_latest_yearly": 89.56,
            "eps_growth_yearly": 60.91
        },
        "20223": {
            "year_quarter": 20223,
            "year": 2022,
            "quarter": 3,
            "eps": 19.54,
            "eps_growth_year": 9.04,
            "eps_4q": 81.49,
            "eps_4q_growth_year": 34.89,
            "roe": 7.57,
            "roe_4q": 30.71,
            "gross_profit": 70095409,
            "gross_margin": 49.31,
            "gross_margin_4q_avg": 49.63,
            "net_income": 31085361,
            "net_income_4q": null,
            "revenue": 142161276,
            "revenue_4q": null,
            "common_shares": 15993096,
            "book_valuer_per_share": 267.28,
            "book_valuer_per_share_4q_avg": 267.39,
            "equity": 428323148,
            "current_ratio": 169.68,
            "debt_ratio": 33.06,
            "inventory_turnover_ratio": 0.82,
            "account_receivable_turnover_ratio": 2.22,
            "reinvestment_rate": 16.23,
            "research_to_sale_ratio": 21.18,
            "price_fair": 1543.76,
            "eps_avg_yearly": 44.11,
            "eps_latest_yearly": 78.16,
            "eps_growth_yearly": 59.62
        },
        "20224": {
            "year_quarter": 20224,
            "year": 2022,
            "quarter": 4,
            "eps": 11.62,
            "eps_growth_year": -38.5,
            "eps_4q": 74.23,
            "eps_4q_growth_year": 5.99,
            "roe": 4.25,
            "roe_4q": 27.72,
            "gross_profit": 52261366,
            "gross_margin": 48.3,
            "gross_margin_4q_avg": 49.3,
            "net_income": 18514402,
            "net_income_4q": null,
            "revenue": 108194084,
            "revenue_4q": null,
            "common_shares": 15994353,
            "book_valuer_per_share": 276.51,
            "book_valuer_per_share_4q_avg": 268.64,
            "equity": 443058239,
            "current_ratio": 210.25,
            "debt_ratio": 27.18,
            "inventory_turnover_ratio": 0.73,
            "account_receivable_turnover_ratio": 2.03,
            "reinvestment_rate": 8.17,
            "research_to_sale_ratio": 25.92,
            "price_fair": 1624.44,
            "eps_avg_yearly": 46.41,
            "eps_latest_yearly": 46.48,
            "eps_growth_yearly": 60.82
        },
        "20231": {
            "year_quarter": 20231,
            "year": 2023,
            "quarter": 1,
            "eps": 10.64,
            "eps_growth_year": -49.38,
            "eps_4q": 63.92,
            "eps_4q_growth_year": -14.6,
            "roe": 4.32,
            "roe_4q": 24.53,
            "gross_profit": 45912242,
            "gross_margin": 48,
            "gross_margin_4q_avg": 48.73,
            "net_income": 16890491,
            "net_income_4q": null,
            "revenue": 95651513,
            "revenue_4q": null,
            "common_shares": 15996292,
            "book_valuer_per_share": 211.37,
            "book_valuer_per_share_4q_avg": 250.08,
            "equity": 338972134,
            "current_ratio": 118.04,
            "debt_ratio": 44.65,
            "inventory_turnover_ratio": 0.71,
            "account_receivable_turnover_ratio": 2.2,
            "reinvestment_rate": 6.58,
            "research_to_sale_ratio": 27.69,
            "price_fair": 1698.55,
            "eps_avg_yearly": 48.53,
            "eps_latest_yearly": 42.56,
            "eps_growth_yearly": 61.11
        },
        "20232": {
            "year_quarter": 20232,
            "year": 2023,
            "quarter": 2,
            "eps": 10.07,
            "eps_growth_year": -55.02,
            "eps_4q": 51.69,
            "eps_4q_growth_year": -35.25,
            "roe": 4.54,
            "roe_4q": 20.68,
            "gross_profit": 46646062,
            "gross_margin": 47.53,
            "gross_margin_4q_avg": 48.29,
            "net_income": 16018824,
            "net_income_4q": null,
            "revenue": 98135284,
            "revenue_4q": null,
            "common_shares": 15996450,
            "book_valuer_per_share": 228.55,
            "book_valuer_per_share_4q_avg": 245.93,
            "equity": 366416587,
            "current_ratio": 118.79,
            "debt_ratio": 44.54,
            "inventory_turnover_ratio": 0.79,
            "account_receivable_turnover_ratio": 2.13,
            "reinvestment_rate": 5.4,
            "research_to_sale_ratio": 26.69,
            "price_fair": 1750.7,
            "eps_avg_yearly": 50.02,
            "eps_latest_yearly": 40.28,
            "eps_growth_yearly": 37.42
        },
        "20233": {
            "year_quarter": 20233,
            "year": 2023,
            "quarter": 3,
            "eps": 11.64,
            "eps_growth_year": -40.43,
            "eps_4q": 43.85,
            "eps_4q_growth_year": -46.19,
            "roe": 4.88,
            "roe_4q": 17.990000000000002,
            "gross_profit": 52192346,
            "gross_margin": 47.41,
            "gross_margin_4q_avg": 47.81,
            "net_income": 18568514,
            "net_income_4q": null,
            "revenue": 110097528,
            "revenue_4q": null,
            "common_shares": 15995071,
            "book_valuer_per_share": 246.42,
            "book_valuer_per_share_4q_avg": 240.71,
            "equity": 394971084,
            "current_ratio": 137.33,
            "debt_ratio": 36.12,
            "inventory_turnover_ratio": 1.01,
            "account_receivable_turnover_ratio": 2.06,
            "reinvestment_rate": 3.74,
            "research_to_sale_ratio": 25.65,
            "price_fair": 1814.23,
            "eps_avg_yearly": 51.84,
            "eps_latest_yearly": 46.56,
            "eps_growth_yearly": 39.67
        },
        "20234": {
            "year_quarter": 20234,
            "year": 2023,
            "quarter": 4,
            "eps": 16.12,
            "eps_growth_year": 38.79,
            "eps_4q": 48.36,
            "eps_4q_growth_year": -34.85,
            "roe": 6.69,
            "roe_4q": 20.43,
            "gross_profit": 62616388,
            "gross_margin": 48.33,
            "gross_margin_4q_avg": 47.82,
            "net_income": 25713115,
            "net_income_4q": null,
            "revenue": 129562005,
            "revenue_4q": null,
            "common_shares": 15996475,
            "book_valuer_per_share": 231.31,
            "book_valuer_per_share_4q_avg": 229.41,
            "equity": 374205358,
            "current_ratio": 125.38,
            "debt_ratio": 41.07,
            "inventory_turnover_ratio": 1.39,
            "account_receivable_turnover_ratio": 2.23,
            "reinvestment_rate": 4.59,
            "research_to_sale_ratio": 23.52,
            "price_fair": 1920.28,
            "eps_avg_yearly": 54.87,
            "eps_latest_yearly": 64.48,
            "eps_growth_yearly": 51.46
        }
    },
    "months": {
        "2001-07": {
            "month": "2001-07",
            "price": "342.83",
            "revenue": 1025363
        },
        "2001-08": {
            "month": "2001-08",
            "price": "379.61",
            "revenue": 1412116
        },
        "2001-09": {
            "month": "2001-09",
            "price": "254.71",
            "revenue": 1669035
        },
        "2001-10": {
            "month": "2001-10",
            "price": "263.57",
            "revenue": 1894855
        },
        "2001-11": {
            "month": "2001-11",
            "price": "359.18",
            "revenue": 2055615
        },
        "2001-12": {
            "month": "2001-12",
            "price": "506.57",
            "revenue": 2079098
        },
        "2002-01": {
            "month": "2002-01",
            "price": "645.32",
            "revenue": 2352605
        },
        "2002-02": {
            "month": "2002-02",
            "price": "669.50",
            "revenue": 2093025
        },
        "2002-03": {
            "month": "2002-03",
            "price": "724.43",
            "revenue": 2513493
        },
        "2002-04": {
            "month": "2002-04",
            "price": "697.62",
            "revenue": 2742147
        },
        "2002-05": {
            "month": "2002-05",
            "price": "549.82",
            "revenue": 2107812
        },
        "2002-06": {
            "month": "2002-06",
            "price": "456.05",
            "revenue": 1936864
        },
        "2002-07": {
            "month": "2002-07",
            "price": "398.52",
            "revenue": 1736816
        },
        "2002-08": {
            "month": "2002-08",
            "price": "415.09",
            "revenue": 2096473
        },
        "2002-09": {
            "month": "2002-09",
            "price": "323.15",
            "revenue": 2916664
        },
        "2002-10": {
            "month": "2002-10",
            "price": "297.95",
            "revenue": 3005278
        },
        "2002-11": {
            "month": "2002-11",
            "price": "301.76",
            "revenue": 2945884
        },
        "2002-12": {
            "month": "2002-12",
            "price": "292.55",
            "revenue": 3066087
        },
        "2003-01": {
            "month": "2003-01",
            "price": "290.53",
            "revenue": 2917979
        },
        "2003-02": {
            "month": "2003-02",
            "price": "259.25",
            "revenue": 2662293
        },
        "2003-03": {
            "month": "2003-03",
            "price": "268.33",
            "revenue": 3016578
        },
        "2003-04": {
            "month": "2003-04",
            "price": "281.64",
            "revenue": 2921112
        },
        "2003-05": {
            "month": "2003-05",
            "price": "291.10",
            "revenue": 2691091
        },
        "2003-06": {
            "month": "2003-06",
            "price": "335.60",
            "revenue": 2357761
        },
        "2003-07": {
            "month": "2003-07",
            "price": "383.87",
            "revenue": 2637680
        },
        "2003-08": {
            "month": "2003-08",
            "price": "372.67",
            "revenue": 3607959
        },
        "2003-09": {
            "month": "2003-09",
            "price": "372.05",
            "revenue": 4342813
        },
        "2003-10": {
            "month": "2003-10",
            "price": "371.23",
            "revenue": 3962744
        },
        "2003-11": {
            "month": "2003-11",
            "price": "332.10",
            "revenue": 3725123
        },
        "2003-12": {
            "month": "2003-12",
            "price": "317.04",
            "revenue": 3221284
        },
        "2004-01": {
            "month": "2004-01",
            "price": "340.20",
            "revenue": 2816104
        },
        "2004-02": {
            "month": "2004-02",
            "price": "369.60",
            "revenue": 3226458
        },
        "2004-03": {
            "month": "2004-03",
            "price": "352.61",
            "revenue": 3528915
        },
        "2004-04": {
            "month": "2004-04",
            "price": "337.45",
            "revenue": 3541542
        },
        "2004-05": {
            "month": "2004-05",
            "price": "301.95",
            "revenue": 3071596
        },
        "2004-06": {
            "month": "2004-06",
            "price": "274.19",
            "revenue": 3052285
        },
        "2004-07": {
            "month": "2004-07",
            "price": "241.05",
            "revenue": 2814274
        },
        "2004-08": {
            "month": "2004-08",
            "price": "213.20",
            "revenue": 4105748
        },
        "2004-09": {
            "month": "2004-09",
            "price": "236.48",
            "revenue": 4266348
        },
        "2004-10": {
            "month": "2004-10",
            "price": "225.25",
            "revenue": 3562459
        },
        "2004-11": {
            "month": "2004-11",
            "price": "229.05",
            "revenue": 3222740
        },
        "2004-12": {
            "month": "2004-12",
            "price": "211.61",
            "revenue": 2845832
        },
        "2005-01": {
            "month": "2005-01",
            "price": "188.38",
            "revenue": 3032758
        },
        "2005-02": {
            "month": "2005-02",
            "price": "207.38",
            "revenue": 2769801
        },
        "2005-03": {
            "month": "2005-03",
            "price": "228.35",
            "revenue": 3216240
        },
        "2005-04": {
            "month": "2005-04",
            "price": "237.65",
            "revenue": 3342821
        },
        "2005-05": {
            "month": "2005-05",
            "price": "264.55",
            "revenue": 3236003
        },
        "2005-06": {
            "month": "2005-06",
            "price": "278.34",
            "revenue": 3391481
        },
        "2005-07": {
            "month": "2005-07",
            "price": "305.50",
            "revenue": 3651588
        },
        "2005-08": {
            "month": "2005-08",
            "price": "308.80",
            "revenue": 4507139
        },
        "2005-09": {
            "month": "2005-09",
            "price": "305.98",
            "revenue": 4607988
        },
        "2005-10": {
            "month": "2005-10",
            "price": "298.38",
            "revenue": 5096690
        },
        "2005-11": {
            "month": "2005-11",
            "price": "321.98",
            "revenue": 4854790
        },
        "2005-12": {
            "month": "2005-12",
            "price": "359.91",
            "revenue": 4783911
        },
        "2006-01": {
            "month": "2006-01",
            "price": "354.94",
            "revenue": 3883927
        },
        "2006-02": {
            "month": "2006-02",
            "price": "333.18",
            "revenue": 3132768
        },
        "2006-03": {
            "month": "2006-03",
            "price": "352.91",
            "revenue": 4077359
        },
        "2006-04": {
            "month": "2006-04",
            "price": "375.18",
            "revenue": 4522843
        },
        "2006-05": {
            "month": "2006-05",
            "price": "378.24",
            "revenue": 3734309
        },
        "2006-06": {
            "month": "2006-06",
            "price": "318.34",
            "revenue": 3493730
        },
        "2006-07": {
            "month": "2006-07",
            "price": "294.86",
            "revenue": 3856590
        },
        "2006-08": {
            "month": "2006-08",
            "price": "287.04",
            "revenue": 5345446
        },
        "2006-09": {
            "month": "2006-09",
            "price": "320.24",
            "revenue": 5844663
        },
        "2006-10": {
            "month": "2006-10",
            "price": "325.22",
            "revenue": 5280730
        },
        "2006-11": {
            "month": "2006-11",
            "price": "322.98",
            "revenue": 5113300
        },
        "2006-12": {
            "month": "2006-12",
            "price": "335.55",
            "revenue": 4655940
        },
        "2007-01": {
            "month": "2007-01",
            "price": "368.25",
            "revenue": 5064927
        },
        "2007-02": {
            "month": "2007-02",
            "price": "363.12",
            "revenue": 4122717
        },
        "2007-03": {
            "month": "2007-03",
            "price": "355.76",
            "revenue": 5722533
        },
        "2007-04": {
            "month": "2007-04",
            "price": "394.10",
            "revenue": 6124879
        },
        "2007-05": {
            "month": "2007-05",
            "price": "482.89",
            "revenue": 6027505
        },
        "2007-06": {
            "month": "2007-06",
            "price": "512.40",
            "revenue": 6010229
        },
        "2007-07": {
            "month": "2007-07",
            "price": "582.82",
            "revenue": 6932075206
        },
        "2007-08": {
            "month": "2007-08",
            "price": "538.37",
            "revenue": 9681926
        },
        "2007-09": {
            "month": "2007-09",
            "price": "581.72",
            "revenue": 9899688
        },
        "2007-10": {
            "month": "2007-10",
            "price": "608.09",
            "revenue": 8162853
        },
        "2007-11": {
            "month": "2007-11",
            "price": "494.43",
            "revenue": 6707262
        },
        "2007-12": {
            "month": "2007-12",
            "price": "407.40",
            "revenue": 5263329
        },
        "2008-01": {
            "month": "2008-01",
            "price": "334.77",
            "revenue": 6507325
        },
        "2008-02": {
            "month": "2008-02",
            "price": "326.64",
            "revenue": 4982550
        },
        "2008-03": {
            "month": "2008-03",
            "price": "378.33",
            "revenue": 7755708
        },
        "2008-04": {
            "month": "2008-04",
            "price": "402.81",
            "revenue": 8332888
        },
        "2008-05": {
            "month": "2008-05",
            "price": "401.14",
            "revenue": 7009288
        },
        "2008-06": {
            "month": "2008-06",
            "price": "346.17",
            "revenue": 6816718
        },
        "2008-07": {
            "month": "2008-07",
            "price": "312.80",
            "revenue": 8585156
        },
        "2008-08": {
            "month": "2008-08",
            "price": "356.45",
            "revenue": 9453951
        },
        "2008-09": {
            "month": "2008-09",
            "price": "340.17",
            "revenue": 9849613
        },
        "2008-10": {
            "month": "2008-10",
            "price": "295.50",
            "revenue": 9191287
        },
        "2008-11": {
            "month": "2008-11",
            "price": "230.42",
            "revenue": 6195619
        },
        "2008-12": {
            "month": "2008-12",
            "price": "214.57",
            "revenue": 5109079
        },
        "2009-01": {
            "month": "2009-01",
            "price": "245.47",
            "revenue": 6206521
        },
        "2009-02": {
            "month": "2009-02",
            "price": "276.60",
            "revenue": 7932189
        },
        "2009-03": {
            "month": "2009-03",
            "price": "307.50",
            "revenue": 9594975
        },
        "2009-04": {
            "month": "2009-04",
            "price": "316.14",
            "revenue": 9788971
        },
        "2009-05": {
            "month": "2009-05",
            "price": "394.44",
            "revenue": 9359053
        },
        "2009-06": {
            "month": "2009-06",
            "price": "386.52",
            "revenue": 8939909
        },
        "2009-07": {
            "month": "2009-07",
            "price": "441.80",
            "revenue": 10797709
        },
        "2009-08": {
            "month": "2009-08",
            "price": "475.82",
            "revenue": 12156113
        },
        "2009-09": {
            "month": "2009-09",
            "price": "509.45",
            "revenue": 11382100
        },
        "2009-10": {
            "month": "2009-10",
            "price": "501.98",
            "revenue": 9637155
        },
        "2009-11": {
            "month": "2009-11",
            "price": "504.79",
            "revenue": 10113563
        },
        "2009-12": {
            "month": "2009-12",
            "price": "529.52",
            "revenue": 9359706
        },
        "2010-01": {
            "month": "2010-01",
            "price": "552.65",
            "revenue": 13581696
        },
        "2010-02": {
            "month": "2010-02",
            "price": "513.50",
            "revenue": 7878707
        },
        "2010-03": {
            "month": "2010-03",
            "price": "533.74",
            "revenue": 11216144
        },
        "2010-04": {
            "month": "2010-04",
            "price": "554.86",
            "revenue": 12055567
        },
        "2010-05": {
            "month": "2010-05",
            "price": "518.45",
            "revenue": 9868211
        },
        "2010-06": {
            "month": "2010-06",
            "price": "504.36",
            "revenue": 8049132
        },
        "2010-07": {
            "month": "2010-07",
            "price": "456.55",
            "revenue": 8241947
        },
        "2010-08": {
            "month": "2010-08",
            "price": "447.09",
            "revenue": 10037502
        },
        "2010-09": {
            "month": "2010-09",
            "price": "464.64",
            "revenue": 9854823
        },
        "2010-10": {
            "month": "2010-10",
            "price": "400.45",
            "revenue": 7375142
        },
        "2010-11": {
            "month": "2010-11",
            "price": "389.41",
            "revenue": 7361060
        },
        "2010-12": {
            "month": "2010-12",
            "price": "420.39",
            "revenue": 7942657
        },
        "2011-01": {
            "month": "2011-01",
            "price": "402.70",
            "revenue": 7528032
        },
        "2011-02": {
            "month": "2011-02",
            "price": "343.89",
            "revenue": 4532787
        },
        "2011-03": {
            "month": "2011-03",
            "price": "339.54",
            "revenue": 7806076
        },
        "2011-04": {
            "month": "2011-04",
            "price": "328.87",
            "revenue": 7622398
        },
        "2011-05": {
            "month": "2011-05",
            "price": "333.33",
            "revenue": 6591752
        },
        "2011-06": {
            "month": "2011-06",
            "price": "311.10",
            "revenue": 6742139
        },
        "2011-07": {
            "month": "2011-07",
            "price": "277.48",
            "revenue": 7141829
        },
        "2011-08": {
            "month": "2011-08",
            "price": "262.50",
            "revenue": 8308170
        },
        "2011-09": {
            "month": "2011-09",
            "price": "306.69",
            "revenue": 7925742
        },
        "2011-10": {
            "month": "2011-10",
            "price": "329.70",
            "revenue": 7532159
        },
        "2011-11": {
            "month": "2011-11",
            "price": "303.39",
            "revenue": 7629519
        },
        "2011-12": {
            "month": "2011-12",
            "price": "268.70",
            "revenue": 7462687
        },
        "2012-01": {
            "month": "2012-01",
            "price": "273.17",
            "revenue": 5157714
        },
        "2012-02": {
            "month": "2012-02",
            "price": "299.45",
            "revenue": 6229652
        },
        "2012-03": {
            "month": "2012-03",
            "price": "303.11",
            "revenue": 8227923
        },
        "2012-04": {
            "month": "2012-04",
            "price": "269.60",
            "revenue": 7941939
        },
        "2012-05": {
            "month": "2012-05",
            "price": "264.30",
            "revenue": 7652735
        },
        "2012-06": {
            "month": "2012-06",
            "price": "265.21",
            "revenue": 7845260
        },
        "2012-07": {
            "month": "2012-07",
            "price": "255.32",
            "revenue": 9246070
        },
        "2012-08": {
            "month": "2012-08",
            "price": "296.91",
            "revenue": 9217155
        },
        "2012-09": {
            "month": "2012-09",
            "price": "326.80",
            "revenue": 11007703
        },
        "2012-10": {
            "month": "2012-10",
            "price": "321.93",
            "revenue": 10498124
        },
        "2012-11": {
            "month": "2012-11",
            "price": "319.30",
            "revenue": 8653980
        },
        "2012-12": {
            "month": "2012-12",
            "price": "327.33",
            "revenue": 7582668
        },
        "2013-01": {
            "month": "2013-01",
            "price": "315.43",
            "revenue": 8452573
        },
        "2013-02": {
            "month": "2013-02",
            "price": "327.31",
            "revenue": 6092037
        },
        "2013-03": {
            "month": "2013-03",
            "price": "342.62",
            "revenue": 9429723
        },
        "2013-04": {
            "month": "2013-04",
            "price": "352.70",
            "revenue": 12571855
        },
        "2013-05": {
            "month": "2013-05",
            "price": "370.18",
            "revenue": 10931095
        },
        "2013-06": {
            "month": "2013-06",
            "price": "350.24",
            "revenue": 9772993
        },
        "2013-07": {
            "month": "2013-07",
            "price": "346.63",
            "revenue": 13218257
        },
        "2013-08": {
            "month": "2013-08",
            "price": "362.02",
            "revenue": 12747998
        },
        "2013-09": {
            "month": "2013-09",
            "price": "368.75",
            "revenue": 13041509
        },
        "2013-10": {
            "month": "2013-10",
            "price": "386.75",
            "revenue": 13887691
        },
        "2013-11": {
            "month": "2013-11",
            "price": "423.50",
            "revenue": 12822202
        },
        "2013-12": {
            "month": "2013-12",
            "price": "429.41",
            "revenue": 13088021
        },
        "2014-01": {
            "month": "2014-01",
            "price": "414.03",
            "revenue": 12843836
        },
        "2014-02": {
            "month": "2014-02",
            "price": "428.35",
            "revenue": 15731675
        },
        "2014-03": {
            "month": "2014-03",
            "price": "453.76",
            "revenue": 17429491
        },
        "2014-04": {
            "month": "2014-04",
            "price": "466.24",
            "revenue": 19096972
        },
        "2014-05": {
            "month": "2014-05",
            "price": "501.26",
            "revenue": 19329908
        },
        "2014-06": {
            "month": "2014-06",
            "price": "505.15",
            "revenue": 15706168
        },
        "2014-07": {
            "month": "2014-07",
            "price": "508.45",
            "revenue": 19270385
        },
        "2014-08": {
            "month": "2014-08",
            "price": "499.10",
            "revenue": 19656145
        },
        "2014-09": {
            "month": "2014-09",
            "price": "491.88",
            "revenue": 18545617
        },
        "2014-10": {
            "month": "2014-10",
            "price": "431.18",
            "revenue": 21604369
        },
        "2014-11": {
            "month": "2014-11",
            "price": "444.52",
            "revenue": 16773480
        },
        "2014-12": {
            "month": "2014-12",
            "price": "452.52",
            "revenue": 17074870
        },
        "2015-01": {
            "month": "2015-01",
            "price": "487.45",
            "revenue": 17463667
        },
        "2015-02": {
            "month": "2015-02",
            "price": "472.77",
            "revenue": 9671259
        },
        "2015-03": {
            "month": "2015-03",
            "price": "447.61",
            "revenue": 20401294
        },
        "2015-04": {
            "month": "2015-04",
            "price": "408.50",
            "revenue": 15113621
        },
        "2015-05": {
            "month": "2015-05",
            "price": "390.25",
            "revenue": 15314278
        },
        "2015-06": {
            "month": "2015-06",
            "price": "414.95",
            "revenue": 16616158
        },
        "2015-07": {
            "month": "2015-07",
            "price": "370.50",
            "revenue": 17912254
        },
        "2015-08": {
            "month": "2015-08",
            "price": "263.71",
            "revenue": 19009152
        },
        "2015-09": {
            "month": "2015-09",
            "price": "258.70",
            "revenue": 20040638
        },
        "2015-10": {
            "month": "2015-10",
            "price": "263.17",
            "revenue": 22236948
        },
        "2015-11": {
            "month": "2015-11",
            "price": "273.57",
            "revenue": 20955528
        },
        "2015-12": {
            "month": "2015-12",
            "price": "259.78",
            "revenue": 18520443
        },
        "2016-01": {
            "month": "2016-01",
            "price": "214.36",
            "revenue": 21325720
        },
        "2016-02": {
            "month": "2016-02",
            "price": "219.00",
            "revenue": 13242410
        },
        "2016-03": {
            "month": "2016-03",
            "price": "244.26",
            "revenue": 21337356
        },
        "2016-04": {
            "month": "2016-04",
            "price": "232.13",
            "revenue": 23021602
        },
        "2016-05": {
            "month": "2016-05",
            "price": "205.50",
            "revenue": 24636105
        },
        "2016-06": {
            "month": "2016-06",
            "price": "227.45",
            "revenue": 24869604
        },
        "2016-07": {
            "month": "2016-07",
            "price": "242.10",
            "revenue": 24818864
        },
        "2016-08": {
            "month": "2016-08",
            "price": "247.20",
            "revenue": 25870296
        },
        "2016-09": {
            "month": "2016-09",
            "price": "245.55",
            "revenue": 27714331
        },
        "2016-10": {
            "month": "2016-10",
            "price": "239.95",
            "revenue": 23805366
        },
        "2016-11": {
            "month": "2016-11",
            "price": "224.52",
            "revenue": 23516040
        },
        "2016-12": {
            "month": "2016-12",
            "price": "222.75",
            "revenue": 21354019
        },
        "2017-01": {
            "month": "2017-01",
            "price": "214.94",
            "revenue": 18313922
        },
        "2017-02": {
            "month": "2017-02",
            "price": "218.14",
            "revenue": 16950610
        },
        "2017-03": {
            "month": "2017-03",
            "price": "222.30",
            "revenue": 20818189
        },
        "2017-04": {
            "month": "2017-04",
            "price": "214.81",
            "revenue": 17747750
        },
        "2017-05": {
            "month": "2017-05",
            "price": "215.88",
            "revenue": 18437404
        },
        "2017-06": {
            "month": "2017-06",
            "price": "254.00",
            "revenue": 21893635
        },
        "2017-07": {
            "month": "2017-07",
            "price": "257.43",
            "revenue": 18969298
        },
        "2017-08": {
            "month": "2017-08",
            "price": "278.11",
            "revenue": 22495998
        },
        "2017-09": {
            "month": "2017-09",
            "price": "283.02",
            "revenue": 22186112
        },
        "2017-10": {
            "month": "2017-10",
            "price": "315.26",
            "revenue": 21011596
        },
        "2017-11": {
            "month": "2017-11",
            "price": "328.52",
            "revenue": 20739411
        },
        "2017-12": {
            "month": "2017-12",
            "price": "293.74",
            "revenue": 18652393
        },
        "2018-01": {
            "month": "2018-01",
            "price": "307.27",
            "revenue": 16835151
        },
        "2018-02": {
            "month": "2018-02",
            "price": "295.38",
            "revenue": 12708432
        },
        "2018-03": {
            "month": "2018-03",
            "price": "322.30",
            "revenue": 20110404
        },
        "2018-04": {
            "month": "2018-04",
            "price": "339.81",
            "revenue": 19014978
        },
        "2018-05": {
            "month": "2018-05",
            "price": "319.70",
            "revenue": 20406052
        },
        "2018-06": {
            "month": "2018-06",
            "price": "315.85",
            "revenue": 21060302
        },
        "2018-07": {
            "month": "2018-07",
            "price": "278.05",
            "revenue": 20423891
        },
        "2018-08": {
            "month": "2018-08",
            "price": "260.11",
            "revenue": 23502372
        },
        "2018-09": {
            "month": "2018-09",
            "price": "245.53",
            "revenue": 23103883
        },
        "2018-10": {
            "month": "2018-10",
            "price": "224.05",
            "revenue": 20835525
        },
        "2018-11": {
            "month": "2018-11",
            "price": "229.00",
            "revenue": 18669239
        },
        "2018-12": {
            "month": "2018-12",
            "price": "231.71",
            "revenue": 21387117
        },
        "2019-01": {
            "month": "2019-01",
            "price": "234.33",
            "revenue": 16242046
        },
        "2019-02": {
            "month": "2019-02",
            "price": "261.88",
            "revenue": 14161182
        },
        "2019-03": {
            "month": "2019-03",
            "price": "275.95",
            "revenue": 22318664
        },
        "2019-04": {
            "month": "2019-04",
            "price": "292.05",
            "revenue": 21553235
        },
        "2019-05": {
            "month": "2019-05",
            "price": "294.25",
            "revenue": 19120819
        },
        "2019-06": {
            "month": "2019-06",
            "price": "310.55",
            "revenue": 20893052
        },
        "2019-07": {
            "month": "2019-07",
            "price": "314.70",
            "revenue": 20687841
        },
        "2019-08": {
            "month": "2019-08",
            "price": "333.83",
            "revenue": 23043007
        },
        "2019-09": {
            "month": "2019-09",
            "price": "377.13",
            "revenue": 23493506
        },
        "2019-10": {
            "month": "2019-10",
            "price": "378.57",
            "revenue": 22002624
        },
        "2019-11": {
            "month": "2019-11",
            "price": "416.95",
            "revenue": 20616426
        },
        "2019-12": {
            "month": "2019-12",
            "price": "437.52",
            "revenue": 22089329
        },
        "2020-01": {
            "month": "2020-01",
            "price": "420.77",
            "revenue": 19817777
        },
        "2020-02": {
            "month": "2020-02",
            "price": "387.00",
            "revenue": 18220837
        },
        "2020-03": {
            "month": "2020-03",
            "price": "340.05",
            "revenue": 22824361
        },
        "2020-04": {
            "month": "2020-04",
            "price": "360.70",
            "revenue": 20545910
        },
        "2020-05": {
            "month": "2020-05",
            "price": "433.85",
            "revenue": 21777663
        },
        "2020-06": {
            "month": "2020-06",
            "price": "517.35",
            "revenue": 25279480
        },
        "2020-07": {
            "month": "2020-07",
            "price": "637.13",
            "revenue": 26692397
        },
        "2020-08": {
            "month": "2020-08",
            "price": "645.62",
            "revenue": 32716126
        },
        "2020-09": {
            "month": "2020-09",
            "price": "602.59",
            "revenue": 37866211
        },
        "2020-10": {
            "month": "2020-10",
            "price": "676.95",
            "revenue": 30438836
        },
        "2020-11": {
            "month": "2020-11",
            "price": "703.29",
            "revenue": 33537766
        },
        "2020-12": {
            "month": "2020-12",
            "price": "714.43",
            "revenue": 32428624
        },
        "2021-01": {
            "month": "2021-01",
            "price": "858.90",
            "revenue": 35333330
        },
        "2021-02": {
            "month": "2021-02",
            "price": "946.15",
            "revenue": 32552975
        },
        "2021-03": {
            "month": "2021-03",
            "price": "906.68",
            "revenue": 40146677
        },
        "2021-04": {
            "month": "2021-04",
            "price": "1009.84",
            "revenue": 36571590
        },
        "2021-05": {
            "month": "2021-05",
            "price": "968.05",
            "revenue": 41325915
        },
        "2021-06": {
            "month": "2021-06",
            "price": "959.29",
            "revenue": 47755898
        },
        "2021-07": {
            "month": "2021-07",
            "price": "929.23",
            "revenue": 40359813
        },
        "2021-08": {
            "month": "2021-08",
            "price": "912.18",
            "revenue": 42808189
        },
        "2021-09": {
            "month": "2021-09",
            "price": "924.05",
            "revenue": 47906318
        },
        "2021-10": {
            "month": "2021-10",
            "price": "898.10",
            "revenue": 37412195
        },
        "2021-11": {
            "month": "2021-11",
            "price": "1001.05",
            "revenue": 45039216
        },
        "2021-12": {
            "month": "2021-12",
            "price": "1096.36",
            "revenue": 46202466
        },
        "2022-01": {
            "month": "2022-01",
            "price": "1104.44",
            "revenue": 43502342
        },
        "2022-02": {
            "month": "2022-02",
            "price": "1115.00",
            "revenue": 40028948
        },
        "2022-03": {
            "month": "2022-03",
            "price": "974.13",
            "revenue": 59179559
        },
        "2022-04": {
            "month": "2022-04",
            "price": "847.79",
            "revenue": 52624634
        },
        "2022-05": {
            "month": "2022-05",
            "price": "840.19",
            "revenue": 52076120
        },
        "2022-06": {
            "month": "2022-06",
            "price": "821.52",
            "revenue": 51029067
        },
        "2022-07": {
            "month": "2022-07",
            "price": "654.05",
            "revenue": 40890418
        },
        "2022-08": {
            "month": "2022-08",
            "price": "684.30",
            "revenue": 44699654
        },
        "2022-09": {
            "month": "2022-09",
            "price": "600.71",
            "revenue": 56571204
        },
        "2022-10": {
            "month": "2022-10",
            "price": "572.90",
            "revenue": 33384225
        },
        "2022-11": {
            "month": "2022-11",
            "price": "681.00",
            "revenue": 36124647
        },
        "2022-12": {
            "month": "2022-12",
            "price": "684.09",
            "revenue": 38685212
        },
        "2023-01": {
            "month": "2023-01",
            "price": "685.38",
            "revenue": 22383397
        },
        "2023-02": {
            "month": "2023-02",
            "price": "730.11",
            "revenue": 30309642
        },
        "2023-03": {
            "month": "2023-03",
            "price": "774.13",
            "revenue": 42958473
        },
        "2023-04": {
            "month": "2023-04",
            "price": "704.00",
            "revenue": 28349722
        },
        "2023-05": {
            "month": "2023-05",
            "price": "696.23",
            "revenue": 31566805
        },
        "2023-06": {
            "month": "2023-06",
            "price": "738.60",
            "revenue": 38218758
        },
        "2023-07": {
            "month": "2023-07",
            "price": "681.57",
            "revenue": 31763135
        },
        "2023-08": {
            "month": "2023-08",
            "price": "691.18",
            "revenue": 42256360
        },
        "2023-09": {
            "month": "2023-09",
            "price": "735.85",
            "revenue": 36078033
        },
        "2023-10": {
            "month": "2023-10",
            "price": "812.60",
            "revenue": 42810847
        },
        "2023-11": {
            "month": "2023-11",
            "price": "908.82",
            "revenue": 43071172
        },
        "2023-12": {
            "month": "2023-12",
            "price": "972.00",
            "revenue": 43679986
        },
        "2024-01": {
            "month": "2024-01",
            "price": "928.59",
            "revenue": 44496290
        },
        "2024-02": {
            "month": "2024-02",
            "price": "1012.00",
            "revenue": 38481870
        }
    }
}
