{
    "summary": {
        "stock_name": "全新",
        "stock_id": "2455",
        "category": "通信網路",
        "main_business": "CC01080電子零組件製造業。<br>F119010電子材料批發業。<br>ZZ99999除許可業務外，得經營法令非禁止或限制之業務。",
        "website_url": "http://www.vpec.com.tw",
        "ceo": "黃朝興",
        "pe_ratio": 70,
        "report_year_from": 2001,
        "report_year_to": 2023,
        "age": 23,
        "eps_negative_percentage": 22,
        "eps_growth_avg": {
            "last_all": -10.91,
            "last_2y": 2.35,
            "last_4y": 7.89,
            "last_8y": 6.28,
            "last_12y": 2.44,
            "last_16y": -5.34,
            "last_20y": -5.34,
            "at_2006_last_3y": null,
            "at_2007_last_3y": -8.38,
            "at_2008_last_3y": -54.19,
            "at_2009_last_3y": -54.19,
            "at_2010_last_3y": -39.04,
            "at_2011_last_3y": -36.38,
            "at_2012_last_3y": -10.38,
            "at_2013_last_3y": -8.81,
            "at_2014_last_3y": -6.22,
            "at_2015_last_3y": 0.45,
            "at_2016_last_3y": 2.31,
            "at_2017_last_3y": 4.68,
            "at_2018_last_3y": 4.27,
            "at_2019_last_3y": 4.99,
            "at_2020_last_3y": 9.44,
            "at_2021_last_3y": 23.38,
            "at_2022_last_3y": 14.27,
            "at_2023_last_3y": 2.57,
            "at_2024_last_3y": 2.57,
            "at_2006_last_all": -100,
            "at_2007_last_all": -54.19,
            "at_2008_last_all": -69.46,
            "at_2009_last_all": -69.46,
            "at_2010_last_all": -54.28,
            "at_2011_last_all": -43.5,
            "at_2012_last_all": -39.92,
            "at_2013_last_all": -34.8,
            "at_2014_last_all": -30.25,
            "at_2015_last_all": -23.97,
            "at_2016_last_all": -23.03,
            "at_2017_last_all": -20.45,
            "at_2018_last_all": -18.74,
            "at_2019_last_all": -15.06,
            "at_2020_last_all": -13.75,
            "at_2021_last_all": -8.76,
            "at_2022_last_all": -10.49,
            "at_2023_last_all": -10.91,
            "at_2024_last_all": -10.91
        },
        "latest_eps": 2.43,
        "latest_price": 169.5,
        "latest_roe": 14.64,
        "latest_gross_margin": 43.97,
        "latest_equity": 3069341,
        "latest_revenue": 936937,
        "latest_gross_profit": 411959,
        "latest_net_income": 188378,
        "latest_debt_ratio": 32.95,
        "latest_current_ratio": 255.94,
        "latest_account_receivable_turnover_ratio": 1.59,
        "latest_inventory_turnover_ratio": 1.05,
        "latest_reinvestment_rate": -1.65,
        "latest_research_to_sale_ratio": 10.65
    },
    "eps_dividends": {
        "2001": {
            "cash": 1,
            "stock": 1,
            "eps": 0.74
        },
        "2002": {
            "cash": 0,
            "stock": 0,
            "eps": -2.92
        },
        "2003": {
            "cash": 0,
            "stock": 0,
            "eps": -3.46
        },
        "2004": {
            "cash": 0,
            "stock": 0,
            "eps": -3.34
        },
        "2005": {
            "cash": 0,
            "stock": 0,
            "eps": -1.89
        },
        "2006": {
            "cash": 0,
            "stock": 0,
            "eps": 1.79
        },
        "2007": {
            "cash": 0,
            "stock": 0,
            "eps": 1.64
        },
        "2008": {
            "cash": 0,
            "stock": 1.01,
            "eps": -0.05
        },
        "2009": {
            "cash": 0,
            "stock": 0,
            "eps": 2.75
        },
        "2010": {
            "cash": 0.5,
            "stock": 2.49,
            "eps": 2.51
        },
        "2011": {
            "cash": 2.5,
            "stock": 3.5,
            "eps": 2.5
        },
        "2012": {
            "cash": 0,
            "stock": 0,
            "eps": 1.95
        },
        "2013": {
            "cash": 2.5,
            "stock": 0,
            "eps": 1.87
        },
        "2014": {
            "cash": 2,
            "stock": 0,
            "eps": 1.9
        },
        "2015": {
            "cash": 2,
            "stock": 0,
            "eps": 2.4
        },
        "2016": {
            "cash": 2.18,
            "stock": 0,
            "eps": 2.05
        },
        "2017": {
            "cash": 2.53,
            "stock": 0,
            "eps": 2.16
        },
        "2018": {
            "cash": 2.5,
            "stock": 0,
            "eps": 2.16
        },
        "2019": {
            "cash": 2.5,
            "stock": 0,
            "eps": 2.79
        },
        "2020": {
            "cash": 2.5,
            "stock": 0,
            "eps": 2.88
        },
        "2021": {
            "cash": 2.59,
            "stock": 0,
            "eps": 4.64
        },
        "2022": {
            "cash": 4,
            "stock": 0,
            "eps": 2.95
        },
        "2023": {
            "cash": 2.3,
            "stock": 0,
            "eps": 2.43
        },
        "2024": {
            "cash": 2.2,
            "stock": 0,
            "eps": 0
        }
    },
    "dividends": {
        "2001-03-13": {
            "cash": 1,
            "stock": 1
        },
        "2008-03-25": {
            "cash": 0,
            "stock": 1.01
        },
        "2010-04-27": {
            "cash": 0.5,
            "stock": 2.49
        },
        "2011-01-01": {
            "cash": 2,
            "stock": 1
        },
        "2011-04-28": {
            "cash": 0.5,
            "stock": 2.5
        },
        "2013-03-21": {
            "cash": 2.5,
            "stock": 0
        },
        "2014-06-12": {
            "cash": 2,
            "stock": 0
        },
        "2015-07-24": {
            "cash": 2,
            "stock": 0
        },
        "2016-07-29": {
            "cash": 2.18,
            "stock": 0
        },
        "2017-07-21": {
            "cash": 2.53,
            "stock": 0
        },
        "2018-07-27": {
            "cash": 2.5,
            "stock": 0
        },
        "2019-07-19": {
            "cash": 2.5,
            "stock": 0
        },
        "2020-07-21": {
            "cash": 2.5,
            "stock": 0
        },
        "2021-09-03": {
            "cash": 2.59,
            "stock": 0
        },
        "2022-07-14": {
            "cash": 4,
            "stock": 0
        },
        "2023-07-14": {
            "cash": 2.3,
            "stock": 0
        },
        "2024-02-29": {
            "cash": 2.2,
            "stock": 0
        }
    },
    "prices": {
        "200101": "無",
        "200102": "無",
        "200103": "無",
        "200104": "無",
        "200105": "無",
        "200106": "無",
        "200107": "無",
        "200108": "無",
        "200109": "無",
        "200110": "無",
        "200111": "無",
        "200112": "無",
        "200201": "29.23",
        "200202": "43.89",
        "200203": "43.06",
        "200204": "38.66",
        "200205": "27.96",
        "200206": "27.24",
        "200207": "23.60",
        "200208": "19.51",
        "200209": "16.93",
        "200210": "17.01",
        "200211": "14.85",
        "200212": "13.46",
        "200301": "14.92",
        "200302": "21.66",
        "200303": "22.91",
        "200304": "20.10",
        "200305": "17.29",
        "200306": "18.62",
        "200307": "16.97",
        "200308": "13.27",
        "200309": "11.54",
        "200310": "11.95",
        "200311": "13.12",
        "200312": "14.14",
        "200401": "14.20",
        "200402": "17.52",
        "200403": "21.31",
        "200404": "22.73",
        "200405": "17.87",
        "200406": "15.97",
        "200407": "13.23",
        "200408": "13.92",
        "200409": "12.31",
        "200410": "10.02",
        "200411": "8.32",
        "200412": "8.17",
        "200501": "8.71",
        "200502": "8.94",
        "200503": "9.20",
        "200504": "8.36",
        "200505": "7.02",
        "200506": "7.35",
        "200507": "7.97",
        "200508": "7.53",
        "200509": "9.31",
        "200510": "12.61",
        "200511": "13.49",
        "200512": "16.70",
        "200601": "15.39",
        "200602": "14.80",
        "200603": "17.19",
        "200604": "26.57",
        "200605": "36.45",
        "200606": "35.32",
        "200607": "37.70",
        "200608": "37.63",
        "200609": "38.56",
        "200610": "45.46",
        "200611": "49.67",
        "200612": "48.51",
        "200701": "42.71",
        "200702": "43.08",
        "200703": "48.39",
        "200704": "51.88",
        "200705": "49.80",
        "200706": "51.98",
        "200707": "64.40",
        "200708": "66.81",
        "200709": "67.15",
        "200710": "64.20",
        "200711": "48.91",
        "200712": "50.24",
        "200801": "43.79",
        "200802": "41.13",
        "200803": "46.88",
        "200804": "47.47",
        "200805": "51.07",
        "200806": "44.65",
        "200807": "42.89",
        "200808": "40.12",
        "200809": "25.27",
        "200810": "20.12",
        "200811": "13.32",
        "200812": "11.75",
        "200901": "11.68",
        "200902": "12.84",
        "200903": "17.22",
        "200904": "20.22",
        "200905": "25.76",
        "200906": "36.75",
        "200907": "49.73",
        "200908": "53.38",
        "200909": "61.96",
        "200910": "66.63",
        "200911": "72.47",
        "200912": "84.83",
        "201001": "79.64",
        "201002": "71.75",
        "201003": "84.04",
        "201004": "84.42",
        "201005": "76.92",
        "201006": "78.99",
        "201007": "70.70",
        "201008": "56.02",
        "201009": "57.54",
        "201010": "61.51",
        "201011": "56.07",
        "201012": "60.88",
        "201101": "63.14",
        "201102": "74.79",
        "201103": "76.88",
        "201104": "77.95",
        "201105": "73.58",
        "201106": "73.20",
        "201107": "61.40",
        "201108": "44.66",
        "201109": "38.55",
        "201110": "39.94",
        "201111": "39.10",
        "201112": "31.41",
        "201201": "38.08",
        "201202": "47.81",
        "201203": "52.95",
        "201204": "51.28",
        "201205": "49.33",
        "201206": "44.99",
        "201207": "47.89",
        "201208": "43.76",
        "201209": "42.62",
        "201210": "35.66",
        "201211": "31.76",
        "201212": "34.43",
        "201301": "35.99",
        "201302": "33.65",
        "201303": "32.76",
        "201304": "34.56",
        "201305": "36.48",
        "201306": "37.22",
        "201307": "33.76",
        "201308": "33.08",
        "201309": "31.36",
        "201310": "30.39",
        "201311": "27.57",
        "201312": "28.50",
        "201401": "29.94",
        "201402": "28.99",
        "201403": "29.48",
        "201404": "30.21",
        "201405": "32.82",
        "201406": "33.45",
        "201407": "31.15",
        "201408": "30.33",
        "201409": "32.06",
        "201410": "27.60",
        "201411": "27.72",
        "201412": "28.33",
        "201501": "31.87",
        "201502": "32.86",
        "201503": "37.90",
        "201504": "37.60",
        "201505": "39.52",
        "201506": "45.79",
        "201507": "47.29",
        "201508": "38.28",
        "201509": "38.85",
        "201510": "40.02",
        "201511": "37.71",
        "201512": "45.51",
        "201601": "47.73",
        "201602": "50.83",
        "201603": "53.78",
        "201604": "51.03",
        "201605": "47.45",
        "201606": "49.44",
        "201607": "42.61",
        "201608": "40.88",
        "201609": "43.11",
        "201610": "46.43",
        "201611": "43.48",
        "201612": "47.74",
        "201701": "48.82",
        "201702": "57.24",
        "201703": "57.31",
        "201704": "55.48",
        "201705": "56.54",
        "201706": "60.64",
        "201707": "63.78",
        "201708": "64.40",
        "201709": "59.54",
        "201710": "64.19",
        "201711": "82.45",
        "201712": "102.71",
        "201801": "104.70",
        "201802": "109.12",
        "201803": "123.07",
        "201804": "104.84",
        "201805": "103.35",
        "201806": "115.65",
        "201807": "102.76",
        "201808": "91.35",
        "201809": "84.85",
        "201810": "63.55",
        "201811": "57.12",
        "201812": "60.20",
        "201901": "64.79",
        "201902": "69.41",
        "201903": "80.90",
        "201904": "91.72",
        "201905": "79.23",
        "201906": "76.47",
        "201907": "94.57",
        "201908": "97.27",
        "201909": "104.37",
        "201910": "115.83",
        "201911": "122.86",
        "201912": "113.00",
        "202001": "111.67",
        "202002": "105.60",
        "202003": "83.12",
        "202004": "85.67",
        "202005": "88.71",
        "202006": "89.03",
        "202007": "92.58",
        "202008": "82.66",
        "202009": "80.51",
        "202010": "83.59",
        "202011": "88.11",
        "202012": "106.82",
        "202101": "115.25",
        "202102": "109.35",
        "202103": "108.57",
        "202104": "120.53",
        "202105": "103.98",
        "202106": "122.67",
        "202107": "141.30",
        "202108": "124.82",
        "202109": "128.52",
        "202110": "126.10",
        "202111": "139.68",
        "202112": "143.32",
        "202201": "130.47",
        "202202": "120.60",
        "202203": "115.96",
        "202204": "95.56",
        "202205": "90.25",
        "202206": "88.20",
        "202207": "71.13",
        "202208": "70.48",
        "202209": "64.12",
        "202210": "57.12",
        "202211": "68.81",
        "202212": "70.64",
        "202301": "78.38",
        "202302": "85.37",
        "202303": "86.93",
        "202304": "95.35",
        "202305": "96.92",
        "202306": "120.15",
        "202307": "119.88",
        "202308": "128.93",
        "202309": "148.82",
        "202310": "149.15",
        "202311": "157.16",
        "202312": "161.74",
        "202401": "130.07",
        "202402": "154.23",
        "202403": "176.19",
        "202404": "無"
    },
    "quarters": {
        "20011": {
            "year_quarter": 20011,
            "year": 2001,
            "quarter": 1,
            "eps": 1.54,
            "eps_growth_year": null,
            "eps_4q": null,
            "eps_4q_growth_year": null,
            "roe": 7.55,
            "roe_4q": 7.55,
            "gross_profit": 147921,
            "gross_margin": 53.36,
            "gross_margin_4q_avg": 53.36,
            "net_income": 107659,
            "net_income_4q": null,
            "revenue": 277238,
            "revenue_4q": null,
            "common_shares": 700000,
            "book_valuer_per_share": 21.12,
            "book_valuer_per_share_4q_avg": 21.12,
            "equity": 1478503,
            "current_ratio": 348.71,
            "debt_ratio": 29.29,
            "inventory_turnover_ratio": 0.84,
            "account_receivable_turnover_ratio": null,
            "reinvestment_rate": null,
            "research_to_sale_ratio": null,
            "price_fair": 0,
            "eps_avg_yearly": 0,
            "eps_latest_yearly": 0,
            "eps_growth_yearly": 0
        },
        "20012": {
            "year_quarter": 20012,
            "year": 2001,
            "quarter": 2,
            "eps": 0.23,
            "eps_growth_year": null,
            "eps_4q": null,
            "eps_4q_growth_year": null,
            "roe": 1.22,
            "roe_4q": 8.77,
            "gross_profit": 16946,
            "gross_margin": 11.31,
            "gross_margin_4q_avg": 32.34,
            "net_income": 18201,
            "net_income_4q": null,
            "revenue": 149794,
            "revenue_4q": null,
            "common_shares": 779000,
            "book_valuer_per_share": 19.21,
            "book_valuer_per_share_4q_avg": 20.17,
            "equity": 1496703,
            "current_ratio": 341.96,
            "debt_ratio": 27.04,
            "inventory_turnover_ratio": 0.83,
            "account_receivable_turnover_ratio": null,
            "reinvestment_rate": null,
            "research_to_sale_ratio": null,
            "price_fair": 0,
            "eps_avg_yearly": 0,
            "eps_latest_yearly": 0,
            "eps_growth_yearly": 0
        },
        "20013": {
            "year_quarter": 20013,
            "year": 2001,
            "quarter": 3,
            "eps": -0.39,
            "eps_growth_year": null,
            "eps_4q": null,
            "eps_4q_growth_year": null,
            "roe": -2.08,
            "roe_4q": 6.6899999999999995,
            "gross_profit": -19594,
            "gross_margin": -49.28,
            "gross_margin_4q_avg": 5.13,
            "net_income": -30760,
            "net_income_4q": null,
            "revenue": 39760,
            "revenue_4q": null,
            "common_shares": 779000,
            "book_valuer_per_share": 18.82,
            "book_valuer_per_share_4q_avg": 19.72,
            "equity": 1465944,
            "current_ratio": 259.87,
            "debt_ratio": 26.84,
            "inventory_turnover_ratio": 0.36,
            "account_receivable_turnover_ratio": null,
            "reinvestment_rate": null,
            "research_to_sale_ratio": null,
            "price_fair": 0,
            "eps_avg_yearly": 0,
            "eps_latest_yearly": 0,
            "eps_growth_yearly": 0
        },
        "20014": {
            "year_quarter": 20014,
            "year": 2001,
            "quarter": 4,
            "eps": -0.64,
            "eps_growth_year": null,
            "eps_4q": 0.58,
            "eps_4q_growth_year": null,
            "roe": -3.44,
            "roe_4q": 3.25,
            "gross_profit": -7541,
            "gross_margin": -15.75,
            "gross_margin_4q_avg": -0.09,
            "net_income": -49595,
            "net_income_4q": null,
            "revenue": 47867,
            "revenue_4q": null,
            "common_shares": 779000,
            "book_valuer_per_share": 18.18,
            "book_valuer_per_share_4q_avg": 19.33,
            "equity": 1416349,
            "current_ratio": 227.79,
            "debt_ratio": 33.93,
            "inventory_turnover_ratio": 0.33,
            "account_receivable_turnover_ratio": null,
            "reinvestment_rate": null,
            "research_to_sale_ratio": null,
            "price_fair": 0,
            "eps_avg_yearly": 0,
            "eps_latest_yearly": 0,
            "eps_growth_yearly": 0
        },
        "20021": {
            "year_quarter": 20021,
            "year": 2002,
            "quarter": 1,
            "eps": -0.77,
            "eps_growth_year": -150,
            "eps_4q": -1.57,
            "eps_4q_growth_year": null,
            "roe": -4.33,
            "roe_4q": -8.629999999999999,
            "gross_profit": -15866,
            "gross_margin": -28.25,
            "gross_margin_4q_avg": -20.49,
            "net_income": -60089,
            "net_income_4q": null,
            "revenue": 56154,
            "revenue_4q": null,
            "common_shares": 779000,
            "book_valuer_per_share": 17.41,
            "book_valuer_per_share_4q_avg": 18.41,
            "equity": 1356260,
            "current_ratio": 204.91,
            "debt_ratio": 35.6,
            "inventory_turnover_ratio": 0.43,
            "account_receivable_turnover_ratio": null,
            "reinvestment_rate": null,
            "research_to_sale_ratio": null,
            "price_fair": 0,
            "eps_avg_yearly": 0,
            "eps_latest_yearly": 0,
            "eps_growth_yearly": 0
        },
        "20022": {
            "year_quarter": 20022,
            "year": 2002,
            "quarter": 2,
            "eps": -0.79,
            "eps_growth_year": -443.48,
            "eps_4q": -2.59,
            "eps_4q_growth_year": null,
            "roe": -4.63,
            "roe_4q": -14.48,
            "gross_profit": -13618,
            "gross_margin": -13.48,
            "gross_margin_4q_avg": -26.69,
            "net_income": -61340,
            "net_income_4q": null,
            "revenue": 100986,
            "revenue_4q": null,
            "common_shares": 779000,
            "book_valuer_per_share": 16.62,
            "book_valuer_per_share_4q_avg": 17.76,
            "equity": 1294920,
            "current_ratio": 194.84,
            "debt_ratio": 35.75,
            "inventory_turnover_ratio": 0.78,
            "account_receivable_turnover_ratio": null,
            "reinvestment_rate": null,
            "research_to_sale_ratio": null,
            "price_fair": 0,
            "eps_avg_yearly": 0,
            "eps_latest_yearly": 0,
            "eps_growth_yearly": 0
        },
        "20023": {
            "year_quarter": 20023,
            "year": 2002,
            "quarter": 3,
            "eps": -0.47,
            "eps_growth_year": null,
            "eps_4q": -2.67,
            "eps_4q_growth_year": null,
            "roe": -2.89,
            "roe_4q": -15.29,
            "gross_profit": 3113,
            "gross_margin": 2.46,
            "gross_margin_4q_avg": -13.76,
            "net_income": -36864,
            "net_income_4q": null,
            "revenue": 126545,
            "revenue_4q": null,
            "common_shares": 779000,
            "book_valuer_per_share": 16.15,
            "book_valuer_per_share_4q_avg": 17.09,
            "equity": 1258056,
            "current_ratio": 170.35,
            "debt_ratio": 33.38,
            "inventory_turnover_ratio": 0.98,
            "account_receivable_turnover_ratio": null,
            "reinvestment_rate": null,
            "research_to_sale_ratio": null,
            "price_fair": 0,
            "eps_avg_yearly": 0,
            "eps_latest_yearly": 0,
            "eps_growth_yearly": 0
        },
        "20024": {
            "year_quarter": 20024,
            "year": 2002,
            "quarter": 4,
            "eps": -0.89,
            "eps_growth_year": null,
            "eps_4q": -2.92,
            "eps_4q_growth_year": -603.45,
            "roe": -5.64,
            "roe_4q": -17.490000000000002,
            "gross_profit": -18184,
            "gross_margin": -25.66,
            "gross_margin_4q_avg": -16.23,
            "net_income": -69066,
            "net_income_4q": null,
            "revenue": 70854,
            "revenue_4q": null,
            "common_shares": 779000,
            "book_valuer_per_share": 15.26,
            "book_valuer_per_share_4q_avg": 16.36,
            "equity": 1188989,
            "current_ratio": 125.68,
            "debt_ratio": 36.28,
            "inventory_turnover_ratio": 0.69,
            "account_receivable_turnover_ratio": null,
            "reinvestment_rate": null,
            "research_to_sale_ratio": null,
            "price_fair": 0,
            "eps_avg_yearly": 0,
            "eps_latest_yearly": 0,
            "eps_growth_yearly": 0
        },
        "20031": {
            "year_quarter": 20031,
            "year": 2003,
            "quarter": 1,
            "eps": -0.39,
            "eps_growth_year": null,
            "eps_4q": -2.51,
            "eps_4q_growth_year": null,
            "roe": -2.62,
            "roe_4q": -15.780000000000001,
            "gross_profit": 20856,
            "gross_margin": 13.02,
            "gross_margin_4q_avg": -5.92,
            "net_income": -30728,
            "net_income_4q": null,
            "revenue": 160192,
            "revenue_4q": null,
            "common_shares": 779000,
            "book_valuer_per_share": 14.87,
            "book_valuer_per_share_4q_avg": 15.73,
            "equity": 1158261,
            "current_ratio": 105.16,
            "debt_ratio": 36.59,
            "inventory_turnover_ratio": 1.11,
            "account_receivable_turnover_ratio": null,
            "reinvestment_rate": null,
            "research_to_sale_ratio": null,
            "price_fair": 0,
            "eps_avg_yearly": 0,
            "eps_latest_yearly": 0,
            "eps_growth_yearly": 0
        },
        "20032": {
            "year_quarter": 20032,
            "year": 2003,
            "quarter": 2,
            "eps": -0.9,
            "eps_growth_year": null,
            "eps_4q": -2.66,
            "eps_4q_growth_year": null,
            "roe": -6.26,
            "roe_4q": -17.41,
            "gross_profit": 5926,
            "gross_margin": 5.1,
            "gross_margin_4q_avg": -1.27,
            "net_income": -70305,
            "net_income_4q": null,
            "revenue": 116197,
            "revenue_4q": null,
            "common_shares": 779000,
            "book_valuer_per_share": 13.97,
            "book_valuer_per_share_4q_avg": 15.06,
            "equity": 1087956,
            "current_ratio": 100.44,
            "debt_ratio": 38.89,
            "inventory_turnover_ratio": 1.03,
            "account_receivable_turnover_ratio": null,
            "reinvestment_rate": null,
            "research_to_sale_ratio": null,
            "price_fair": 0,
            "eps_avg_yearly": 0,
            "eps_latest_yearly": 0,
            "eps_growth_yearly": 0
        },
        "20033": {
            "year_quarter": 20033,
            "year": 2003,
            "quarter": 3,
            "eps": -0.69,
            "eps_growth_year": null,
            "eps_4q": -2.87,
            "eps_4q_growth_year": null,
            "roe": -5.06,
            "roe_4q": -19.580000000000002,
            "gross_profit": 7450,
            "gross_margin": 8.61,
            "gross_margin_4q_avg": 0.27,
            "net_income": -53676,
            "net_income_4q": null,
            "revenue": 86539,
            "revenue_4q": null,
            "common_shares": 779000,
            "book_valuer_per_share": 13.28,
            "book_valuer_per_share_4q_avg": 14.35,
            "equity": 1034280,
            "current_ratio": 85.88,
            "debt_ratio": 36.72,
            "inventory_turnover_ratio": 0.88,
            "account_receivable_turnover_ratio": null,
            "reinvestment_rate": null,
            "research_to_sale_ratio": null,
            "price_fair": 0,
            "eps_avg_yearly": 0,
            "eps_latest_yearly": 0,
            "eps_growth_yearly": 0
        },
        "20034": {
            "year_quarter": 20034,
            "year": 2003,
            "quarter": 4,
            "eps": -1.48,
            "eps_growth_year": null,
            "eps_4q": -3.47,
            "eps_4q_growth_year": null,
            "roe": -11.8,
            "roe_4q": -25.74,
            "gross_profit": 11507,
            "gross_margin": 13.64,
            "gross_margin_4q_avg": 10.09,
            "net_income": -115235,
            "net_income_4q": null,
            "revenue": 84380,
            "revenue_4q": null,
            "common_shares": 779000,
            "book_valuer_per_share": 11.8,
            "book_valuer_per_share_4q_avg": 13.48,
            "equity": 919045,
            "current_ratio": 66.43,
            "debt_ratio": 39.41,
            "inventory_turnover_ratio": 1.12,
            "account_receivable_turnover_ratio": null,
            "reinvestment_rate": null,
            "research_to_sale_ratio": null,
            "price_fair": 0,
            "eps_avg_yearly": 0,
            "eps_latest_yearly": 0,
            "eps_growth_yearly": 0
        },
        "20041": {
            "year_quarter": 20041,
            "year": 2004,
            "quarter": 1,
            "eps": -0.23,
            "eps_growth_year": null,
            "eps_4q": -3.28,
            "eps_4q_growth_year": null,
            "roe": -1.98,
            "roe_4q": -25.1,
            "gross_profit": 22022,
            "gross_margin": 19.75,
            "gross_margin_4q_avg": 11.78,
            "net_income": -18051,
            "net_income_4q": null,
            "revenue": 111481,
            "revenue_4q": null,
            "common_shares": 779000,
            "book_valuer_per_share": 11.57,
            "book_valuer_per_share_4q_avg": 12.66,
            "equity": 900994,
            "current_ratio": 69.42,
            "debt_ratio": 40.95,
            "inventory_turnover_ratio": 1.34,
            "account_receivable_turnover_ratio": null,
            "reinvestment_rate": null,
            "research_to_sale_ratio": null,
            "price_fair": 0,
            "eps_avg_yearly": 0,
            "eps_latest_yearly": 0,
            "eps_growth_yearly": 0
        },
        "20042": {
            "year_quarter": 20042,
            "year": 2004,
            "quarter": 2,
            "eps": -0.41,
            "eps_growth_year": null,
            "eps_4q": -2.81,
            "eps_4q_growth_year": null,
            "roe": -3.61,
            "roe_4q": -22.45,
            "gross_profit": 19045,
            "gross_margin": 13.58,
            "gross_margin_4q_avg": 13.9,
            "net_income": -31911,
            "net_income_4q": null,
            "revenue": 140233,
            "revenue_4q": null,
            "common_shares": 779000,
            "book_valuer_per_share": 11.16,
            "book_valuer_per_share_4q_avg": 11.95,
            "equity": 869083,
            "current_ratio": 68.6,
            "debt_ratio": 42.1,
            "inventory_turnover_ratio": 1.26,
            "account_receivable_turnover_ratio": null,
            "reinvestment_rate": null,
            "research_to_sale_ratio": null,
            "price_fair": 0,
            "eps_avg_yearly": 0,
            "eps_latest_yearly": 0,
            "eps_growth_yearly": 0
        },
        "20043": {
            "year_quarter": 20043,
            "year": 2004,
            "quarter": 3,
            "eps": -0.55,
            "eps_growth_year": null,
            "eps_4q": -2.56,
            "eps_4q_growth_year": null,
            "roe": -4.99,
            "roe_4q": -22.380000000000003,
            "gross_profit": 17611,
            "gross_margin": 13.59,
            "gross_margin_4q_avg": 15.14,
            "net_income": -43108,
            "net_income_4q": null,
            "revenue": 129568,
            "revenue_4q": null,
            "common_shares": 813000,
            "book_valuer_per_share": 10.58,
            "book_valuer_per_share_4q_avg": 11.28,
            "equity": 859975,
            "current_ratio": 71.61,
            "debt_ratio": 40.58,
            "inventory_turnover_ratio": 0.83,
            "account_receivable_turnover_ratio": null,
            "reinvestment_rate": null,
            "research_to_sale_ratio": null,
            "price_fair": 0,
            "eps_avg_yearly": 0,
            "eps_latest_yearly": 0,
            "eps_growth_yearly": 0
        },
        "20044": {
            "year_quarter": 20044,
            "year": 2004,
            "quarter": 4,
            "eps": -2.15,
            "eps_growth_year": null,
            "eps_4q": -3.32,
            "eps_4q_growth_year": null,
            "roe": -21.3,
            "roe_4q": -31.88,
            "gross_profit": 7242,
            "gross_margin": 7.7,
            "gross_margin_4q_avg": 13.66,
            "net_income": -169951,
            "net_income_4q": null,
            "revenue": 94008,
            "revenue_4q": null,
            "common_shares": 813000,
            "book_valuer_per_share": 9.05,
            "book_valuer_per_share_4q_avg": 10.59,
            "equity": 736024,
            "current_ratio": 81.25,
            "debt_ratio": 45.56,
            "inventory_turnover_ratio": 0.59,
            "account_receivable_turnover_ratio": null,
            "reinvestment_rate": null,
            "research_to_sale_ratio": null,
            "price_fair": 0,
            "eps_avg_yearly": 0,
            "eps_latest_yearly": 0,
            "eps_growth_yearly": 0
        },
        "20051": {
            "year_quarter": 20051,
            "year": 2005,
            "quarter": 1,
            "eps": -1.85,
            "eps_growth_year": null,
            "eps_4q": -4.72,
            "eps_4q_growth_year": null,
            "roe": -23.64,
            "roe_4q": -53.54,
            "gross_profit": -8537,
            "gross_margin": -9.1,
            "gross_margin_4q_avg": 6.44,
            "net_income": -157688,
            "net_income_4q": null,
            "revenue": 93765,
            "revenue_4q": null,
            "common_shares": 895500,
            "book_valuer_per_share": 6.68,
            "book_valuer_per_share_4q_avg": 9.37,
            "equity": 598336,
            "current_ratio": 65.34,
            "debt_ratio": 48.24,
            "inventory_turnover_ratio": 0.77,
            "account_receivable_turnover_ratio": null,
            "reinvestment_rate": null,
            "research_to_sale_ratio": null,
            "price_fair": 0,
            "eps_avg_yearly": 0,
            "eps_latest_yearly": 0,
            "eps_growth_yearly": 0
        },
        "20052": {
            "year_quarter": 20052,
            "year": 2005,
            "quarter": 2,
            "eps": -0.29,
            "eps_growth_year": null,
            "eps_4q": -4.05,
            "eps_4q_growth_year": null,
            "roe": -4.28,
            "roe_4q": -54.21,
            "gross_profit": 14545,
            "gross_margin": 11.82,
            "gross_margin_4q_avg": 6,
            "net_income": -25926,
            "net_income_4q": null,
            "revenue": 123061,
            "revenue_4q": null,
            "common_shares": 979000,
            "book_valuer_per_share": 6.27,
            "book_valuer_per_share_4q_avg": 8.15,
            "equity": 614160,
            "current_ratio": 81.32,
            "debt_ratio": 45.89,
            "inventory_turnover_ratio": 0.83,
            "account_receivable_turnover_ratio": null,
            "reinvestment_rate": null,
            "research_to_sale_ratio": null,
            "price_fair": 0,
            "eps_avg_yearly": 0,
            "eps_latest_yearly": 0,
            "eps_growth_yearly": 0
        },
        "20053": {
            "year_quarter": 20053,
            "year": 2005,
            "quarter": 3,
            "eps": 0.02,
            "eps_growth_year": null,
            "eps_4q": -3.51,
            "eps_4q_growth_year": null,
            "roe": 0.33,
            "roe_4q": -48.89,
            "gross_profit": 30270,
            "gross_margin": 21.27,
            "gross_margin_4q_avg": 7.92,
            "net_income": 2004,
            "net_income_4q": null,
            "revenue": 142346,
            "revenue_4q": null,
            "common_shares": 979000,
            "book_valuer_per_share": 6.29,
            "book_valuer_per_share_4q_avg": 7.07,
            "equity": 616164,
            "current_ratio": 81.85,
            "debt_ratio": 45.14,
            "inventory_turnover_ratio": 0.83,
            "account_receivable_turnover_ratio": null,
            "reinvestment_rate": null,
            "research_to_sale_ratio": null,
            "price_fair": 0,
            "eps_avg_yearly": 0,
            "eps_latest_yearly": 0,
            "eps_growth_yearly": 0
        },
        "20054": {
            "year_quarter": 20054,
            "year": 2005,
            "quarter": 4,
            "eps": 0.23,
            "eps_growth_year": null,
            "eps_4q": -1.73,
            "eps_4q_growth_year": null,
            "roe": 3.4,
            "roe_4q": -24.19,
            "gross_profit": 51417,
            "gross_margin": 29.37,
            "gross_margin_4q_avg": 13.34,
            "net_income": 21301,
            "net_income_4q": null,
            "revenue": 175092,
            "revenue_4q": null,
            "common_shares": 979000,
            "book_valuer_per_share": 6.51,
            "book_valuer_per_share_4q_avg": 6.44,
            "equity": 637465,
            "current_ratio": 86.64,
            "debt_ratio": 43.39,
            "inventory_turnover_ratio": 0.9,
            "account_receivable_turnover_ratio": null,
            "reinvestment_rate": null,
            "research_to_sale_ratio": null,
            "price_fair": 32.2,
            "eps_avg_yearly": 0.92,
            "eps_latest_yearly": 0.92,
            "eps_growth_yearly": 4200
        },
        "20061": {
            "year_quarter": 20061,
            "year": 2006,
            "quarter": 1,
            "eps": 0.14,
            "eps_growth_year": null,
            "eps_4q": 0.11,
            "eps_4q_growth_year": null,
            "roe": 2.09,
            "roe_4q": 1.54,
            "gross_profit": 51219,
            "gross_margin": 28.4,
            "gross_margin_4q_avg": 22.72,
            "net_income": 13472,
            "net_income_4q": null,
            "revenue": 180330,
            "revenue_4q": null,
            "common_shares": 979400,
            "book_valuer_per_share": 6.65,
            "book_valuer_per_share_4q_avg": 6.43,
            "equity": 651583,
            "current_ratio": 95.13,
            "debt_ratio": 41.5,
            "inventory_turnover_ratio": 0.86,
            "account_receivable_turnover_ratio": null,
            "reinvestment_rate": null,
            "research_to_sale_ratio": null,
            "price_fair": 25.9,
            "eps_avg_yearly": 0.74,
            "eps_latest_yearly": 0.56,
            "eps_growth_yearly": 2021.74
        },
        "20062": {
            "year_quarter": 20062,
            "year": 2006,
            "quarter": 2,
            "eps": 0.58,
            "eps_growth_year": null,
            "eps_4q": 0.96,
            "eps_4q_growth_year": null,
            "roe": 8.14,
            "roe_4q": 13.96,
            "gross_profit": 95182,
            "gross_margin": 35.61,
            "gross_margin_4q_avg": 28.66,
            "net_income": 56853,
            "net_income_4q": null,
            "revenue": 267324,
            "revenue_4q": null,
            "common_shares": 1000950,
            "book_valuer_per_share": 7.44,
            "book_valuer_per_share_4q_avg": 6.72,
            "equity": 744907,
            "current_ratio": 117.35,
            "debt_ratio": 38.06,
            "inventory_turnover_ratio": 1.12,
            "account_receivable_turnover_ratio": null,
            "reinvestment_rate": null,
            "research_to_sale_ratio": null,
            "price_fair": 44.33,
            "eps_avg_yearly": 1.27,
            "eps_latest_yearly": 2.32,
            "eps_growth_yearly": 1766.87
        },
        "20063": {
            "year_quarter": 20063,
            "year": 2006,
            "quarter": 3,
            "eps": 0.67,
            "eps_growth_year": 3250,
            "eps_4q": 1.59,
            "eps_4q_growth_year": null,
            "roe": 8.47,
            "roe_4q": 22.099999999999998,
            "gross_profit": 103385,
            "gross_margin": 38.24,
            "gross_margin_4q_avg": 32.91,
            "net_income": 66395,
            "net_income_4q": null,
            "revenue": 270361,
            "revenue_4q": null,
            "common_shares": 1006240,
            "book_valuer_per_share": 8.17,
            "book_valuer_per_share_4q_avg": 7.19,
            "equity": 822092,
            "current_ratio": 109.47,
            "debt_ratio": 42.35,
            "inventory_turnover_ratio": 0.97,
            "account_receivable_turnover_ratio": null,
            "reinvestment_rate": null,
            "research_to_sale_ratio": null,
            "price_fair": 56.7,
            "eps_avg_yearly": 1.62,
            "eps_latest_yearly": 2.68,
            "eps_growth_yearly": 1340.67
        },
        "20064": {
            "year_quarter": 20064,
            "year": 2006,
            "quarter": 4,
            "eps": 0.4,
            "eps_growth_year": 73.91,
            "eps_4q": 1.79,
            "eps_4q_growth_year": null,
            "roe": 4.66,
            "roe_4q": 23.360000000000003,
            "gross_profit": 73084,
            "gross_margin": 37.02,
            "gross_margin_4q_avg": 34.82,
            "net_income": 39452,
            "net_income_4q": null,
            "revenue": 197393,
            "revenue_4q": null,
            "common_shares": 1009812,
            "book_valuer_per_share": 8.64,
            "book_valuer_per_share_4q_avg": 7.73,
            "equity": 872158,
            "current_ratio": 166.26,
            "debt_ratio": 47.51,
            "inventory_turnover_ratio": 0.53,
            "account_receivable_turnover_ratio": null,
            "reinvestment_rate": null,
            "research_to_sale_ratio": null,
            "price_fair": 56.56,
            "eps_avg_yearly": 1.62,
            "eps_latest_yearly": 1.6,
            "eps_growth_yearly": 1040.3
        },
        "20071": {
            "year_quarter": 20071,
            "year": 2007,
            "quarter": 1,
            "eps": 0.78,
            "eps_growth_year": 457.14,
            "eps_4q": 2.39,
            "eps_4q_growth_year": 2023.73,
            "roe": 8.53,
            "roe_4q": 29.8,
            "gross_profit": 63064,
            "gross_margin": 30.72,
            "gross_margin_4q_avg": 35.4,
            "net_income": 78590,
            "net_income_4q": null,
            "revenue": 205278,
            "revenue_4q": null,
            "common_shares": 1022710,
            "book_valuer_per_share": 9.5,
            "book_valuer_per_share_4q_avg": 8.44,
            "equity": 971381,
            "current_ratio": 177.17,
            "debt_ratio": 44.18,
            "inventory_turnover_ratio": 0.51,
            "account_receivable_turnover_ratio": null,
            "reinvestment_rate": null,
            "research_to_sale_ratio": null,
            "price_fair": 65.33,
            "eps_avg_yearly": 1.87,
            "eps_latest_yearly": 3.12,
            "eps_growth_yearly": 930.25
        },
        "20072": {
            "year_quarter": 20072,
            "year": 2007,
            "quarter": 2,
            "eps": 0.49,
            "eps_growth_year": -15.52,
            "eps_4q": 2.31,
            "eps_4q_growth_year": 141.63,
            "roe": 4.96,
            "roe_4q": 26.619999999999997,
            "gross_profit": 75295,
            "gross_margin": 29.63,
            "gross_margin_4q_avg": 33.9,
            "net_income": 49709,
            "net_income_4q": null,
            "revenue": 254127,
            "revenue_4q": null,
            "common_shares": 1027140,
            "book_valuer_per_share": 10.04,
            "book_valuer_per_share_4q_avg": 9.09,
            "equity": 1031652,
            "current_ratio": 211.41,
            "debt_ratio": 37.96,
            "inventory_turnover_ratio": 0.62,
            "account_receivable_turnover_ratio": null,
            "reinvestment_rate": null,
            "research_to_sale_ratio": null,
            "price_fair": 65.8,
            "eps_avg_yearly": 1.88,
            "eps_latest_yearly": 1.96,
            "eps_growth_yearly": 776.11
        },
        "20073": {
            "year_quarter": 20073,
            "year": 2007,
            "quarter": 3,
            "eps": 0.31,
            "eps_growth_year": -53.73,
            "eps_4q": 1.93,
            "eps_4q_growth_year": 20.98,
            "roe": 2.39,
            "roe_4q": 20.54,
            "gross_profit": 79151,
            "gross_margin": 28.5,
            "gross_margin_4q_avg": 31.47,
            "net_income": 32117,
            "net_income_4q": null,
            "revenue": 277694,
            "revenue_4q": null,
            "common_shares": 1133390,
            "book_valuer_per_share": 14.65,
            "book_valuer_per_share_4q_avg": 10.71,
            "equity": 1659871,
            "current_ratio": 430.2,
            "debt_ratio": 21.49,
            "inventory_turnover_ratio": 0.69,
            "account_receivable_turnover_ratio": null,
            "reinvestment_rate": null,
            "research_to_sale_ratio": null,
            "price_fair": 63,
            "eps_avg_yearly": 1.8,
            "eps_latest_yearly": 1.24,
            "eps_growth_yearly": 660.73
        },
        "20074": {
            "year_quarter": 20074,
            "year": 2007,
            "quarter": 4,
            "eps": 0.06,
            "eps_growth_year": -85,
            "eps_4q": 1.58,
            "eps_4q_growth_year": -11.66,
            "roe": 0.4,
            "roe_4q": 16.28,
            "gross_profit": 76234,
            "gross_margin": 29.11,
            "gross_margin_4q_avg": 29.49,
            "net_income": 6341,
            "net_income_4q": null,
            "revenue": 261841,
            "revenue_4q": null,
            "common_shares": 1141257,
            "book_valuer_per_share": 13.5,
            "book_valuer_per_share_4q_avg": 11.92,
            "equity": 1540537,
            "current_ratio": 271.41,
            "debt_ratio": 27.64,
            "inventory_turnover_ratio": 0.63,
            "account_receivable_turnover_ratio": null,
            "reinvestment_rate": null,
            "research_to_sale_ratio": null,
            "price_fair": 56.93,
            "eps_avg_yearly": 1.63,
            "eps_latest_yearly": 0.24,
            "eps_growth_yearly": 551.47
        },
        "20081": {
            "year_quarter": 20081,
            "year": 2008,
            "quarter": 1,
            "eps": 0.46,
            "eps_growth_year": -41.03,
            "eps_4q": 1.26,
            "eps_4q_growth_year": -47.4,
            "roe": 3.23,
            "roe_4q": 10.98,
            "gross_profit": 100585,
            "gross_margin": 30.71,
            "gross_margin_4q_avg": 29.49,
            "net_income": 50714,
            "net_income_4q": null,
            "revenue": 327483,
            "revenue_4q": null,
            "common_shares": 1147694,
            "book_valuer_per_share": 13.97,
            "book_valuer_per_share_4q_avg": 13.04,
            "equity": 1603446,
            "current_ratio": 181.67,
            "debt_ratio": 28.56,
            "inventory_turnover_ratio": 0.74,
            "account_receivable_turnover_ratio": null,
            "reinvestment_rate": null,
            "research_to_sale_ratio": null,
            "price_fair": 57.68,
            "eps_avg_yearly": 1.65,
            "eps_latest_yearly": 1.84,
            "eps_growth_yearly": 762.99
        },
        "20082": {
            "year_quarter": 20082,
            "year": 2008,
            "quarter": 2,
            "eps": 0.01,
            "eps_growth_year": -97.96,
            "eps_4q": 0.78,
            "eps_4q_growth_year": -66.14,
            "roe": 0.06,
            "roe_4q": 6.08,
            "gross_profit": 70546,
            "gross_margin": 21.66,
            "gross_margin_4q_avg": 27.5,
            "net_income": 890,
            "net_income_4q": null,
            "revenue": 325735,
            "revenue_4q": null,
            "common_shares": 1152326,
            "book_valuer_per_share": 14.03,
            "book_valuer_per_share_4q_avg": 14.04,
            "equity": 1616694,
            "current_ratio": 170.3,
            "debt_ratio": 29.18,
            "inventory_turnover_ratio": 0.88,
            "account_receivable_turnover_ratio": null,
            "reinvestment_rate": 183.7,
            "research_to_sale_ratio": null,
            "price_fair": 52.56,
            "eps_avg_yearly": 1.5,
            "eps_latest_yearly": 0.04,
            "eps_growth_yearly": 658.06
        },
        "20083": {
            "year_quarter": 20083,
            "year": 2008,
            "quarter": 3,
            "eps": 0.17,
            "eps_growth_year": -45.16,
            "eps_4q": 0.65,
            "eps_4q_growth_year": -66.1,
            "roe": 1.25,
            "roe_4q": 4.94,
            "gross_profit": 92307,
            "gross_margin": 27.76,
            "gross_margin_4q_avg": 27.31,
            "net_income": 20355,
            "net_income_4q": null,
            "revenue": 332503,
            "revenue_4q": null,
            "common_shares": 1271633,
            "book_valuer_per_share": 12.86,
            "book_valuer_per_share_4q_avg": 13.59,
            "equity": 1635247,
            "current_ratio": 200.29,
            "debt_ratio": 30.1,
            "inventory_turnover_ratio": 0.92,
            "account_receivable_turnover_ratio": null,
            "reinvestment_rate": 169.8,
            "research_to_sale_ratio": null,
            "price_fair": 50.17,
            "eps_avg_yearly": 1.43,
            "eps_latest_yearly": 0.68,
            "eps_growth_yearly": 1136.55
        },
        "20084": {
            "year_quarter": 20084,
            "year": 2008,
            "quarter": 4,
            "eps": -0.69,
            "eps_growth_year": -1250,
            "eps_4q": -0.1,
            "eps_4q_growth_year": -106.34,
            "roe": -5.39,
            "roe_4q": -0.8500000000000001,
            "gross_profit": 23250,
            "gross_margin": 12.64,
            "gross_margin_4q_avg": 23.19,
            "net_income": -84582,
            "net_income_4q": null,
            "revenue": 183888,
            "revenue_4q": null,
            "common_shares": 1271633,
            "book_valuer_per_share": 11.83,
            "book_valuer_per_share_4q_avg": 13.17,
            "equity": 1504070,
            "current_ratio": 343.86,
            "debt_ratio": 33.05,
            "inventory_turnover_ratio": 0.74,
            "account_receivable_turnover_ratio": 2.19,
            "reinvestment_rate": 158.53,
            "research_to_sale_ratio": null,
            "price_fair": 50.17,
            "eps_avg_yearly": 1.43,
            "eps_latest_yearly": 0.68,
            "eps_growth_yearly": 1136.55
        },
        "20091": {
            "year_quarter": 20091,
            "year": 2009,
            "quarter": 1,
            "eps": 0.12,
            "eps_growth_year": -73.91,
            "eps_4q": -0.4,
            "eps_4q_growth_year": -131.79,
            "roe": 0.97,
            "roe_4q": -3.11,
            "gross_profit": 43982,
            "gross_margin": 20.12,
            "gross_margin_4q_avg": 20.55,
            "net_income": 14603,
            "net_income_4q": null,
            "revenue": 218635,
            "revenue_4q": null,
            "common_shares": 1271933,
            "book_valuer_per_share": 11.94,
            "book_valuer_per_share_4q_avg": 12.67,
            "equity": 1518909,
            "current_ratio": 481.77,
            "debt_ratio": 28.54,
            "inventory_turnover_ratio": 1.15,
            "account_receivable_turnover_ratio": 0.99,
            "reinvestment_rate": 128.88,
            "research_to_sale_ratio": null,
            "price_fair": 50.17,
            "eps_avg_yearly": 1.43,
            "eps_latest_yearly": 0.68,
            "eps_growth_yearly": 1136.55
        },
        "20092": {
            "year_quarter": 20092,
            "year": 2009,
            "quarter": 2,
            "eps": 0.74,
            "eps_growth_year": 7300,
            "eps_4q": 0.33,
            "eps_4q_growth_year": -57.18,
            "roe": 5.67,
            "roe_4q": 2.5,
            "gross_profit": 144583,
            "gross_margin": 35.64,
            "gross_margin_4q_avg": 24.04,
            "net_income": 90603,
            "net_income_4q": null,
            "revenue": 405637,
            "revenue_4q": null,
            "common_shares": 1271933,
            "book_valuer_per_share": 13.17,
            "book_valuer_per_share_4q_avg": 12.45,
            "equity": 1674613,
            "current_ratio": 415.48,
            "debt_ratio": 31.4,
            "inventory_turnover_ratio": 2.09,
            "account_receivable_turnover_ratio": 1.27,
            "reinvestment_rate": 97.39,
            "research_to_sale_ratio": null,
            "price_fair": 54.28,
            "eps_avg_yearly": 1.55,
            "eps_latest_yearly": 2.96,
            "eps_growth_yearly": 1208.1
        },
        "20093": {
            "year_quarter": 20093,
            "year": 2009,
            "quarter": 3,
            "eps": 1.11,
            "eps_growth_year": 552.94,
            "eps_4q": 1.28,
            "eps_4q_growth_year": 95.4,
            "roe": 7.47,
            "roe_4q": 8.720000000000002,
            "gross_profit": 196542,
            "gross_margin": 41.58,
            "gross_margin_4q_avg": 27.5,
            "net_income": 136409,
            "net_income_4q": null,
            "revenue": 472727,
            "revenue_4q": null,
            "common_shares": 1276763,
            "book_valuer_per_share": 15.49,
            "book_valuer_per_share_4q_avg": 13.11,
            "equity": 1978199,
            "current_ratio": 501.92,
            "debt_ratio": 27.69,
            "inventory_turnover_ratio": 2.21,
            "account_receivable_turnover_ratio": 1.05,
            "reinvestment_rate": 84.35,
            "research_to_sale_ratio": null,
            "price_fair": 61.5,
            "eps_avg_yearly": 1.76,
            "eps_latest_yearly": 4.44,
            "eps_growth_yearly": 1136.09
        },
        "20094": {
            "year_quarter": 20094,
            "year": 2009,
            "quarter": 4,
            "eps": 0.78,
            "eps_growth_year": null,
            "eps_4q": 2.46,
            "eps_4q_growth_year": null,
            "roe": 4.19,
            "roe_4q": 18.299999999999997,
            "gross_profit": 180148,
            "gross_margin": 38.99,
            "gross_margin_4q_avg": 34.08,
            "net_income": 97396,
            "net_income_4q": null,
            "revenue": 462052,
            "revenue_4q": null,
            "common_shares": 1377693,
            "book_valuer_per_share": 19.39,
            "book_valuer_per_share_4q_avg": 15,
            "equity": 2671806,
            "current_ratio": 561.72,
            "debt_ratio": 23.03,
            "inventory_turnover_ratio": 2.19,
            "account_receivable_turnover_ratio": 2.36,
            "reinvestment_rate": 109.91,
            "research_to_sale_ratio": null,
            "price_fair": 67,
            "eps_avg_yearly": 1.91,
            "eps_latest_yearly": 3.12,
            "eps_growth_yearly": 827.6
        },
        "20101": {
            "year_quarter": 20101,
            "year": 2010,
            "quarter": 1,
            "eps": 0.69,
            "eps_growth_year": 475,
            "eps_4q": 2.99,
            "eps_4q_growth_year": null,
            "roe": 3.45,
            "roe_4q": 20.78,
            "gross_profit": 144621,
            "gross_margin": 37.06,
            "gross_margin_4q_avg": 38.32,
            "net_income": 95049,
            "net_income_4q": null,
            "revenue": 390260,
            "revenue_4q": null,
            "common_shares": 1393003,
            "book_valuer_per_share": 20.37,
            "book_valuer_per_share_4q_avg": 17.11,
            "equity": 2837294,
            "current_ratio": 679.16,
            "debt_ratio": 20.76,
            "inventory_turnover_ratio": 1.85,
            "account_receivable_turnover_ratio": 0.93,
            "reinvestment_rate": 107.12,
            "research_to_sale_ratio": 4.21,
            "price_fair": 72.5,
            "eps_avg_yearly": 2.07,
            "eps_latest_yearly": 2.76,
            "eps_growth_yearly": 835.48
        },
        "20102": {
            "year_quarter": 20102,
            "year": 2010,
            "quarter": 2,
            "eps": 0.68,
            "eps_growth_year": -8.65,
            "eps_4q": 2.55,
            "eps_4q_growth_year": 662.96,
            "roe": 4.12,
            "roe_4q": 19.23,
            "gross_profit": 185661,
            "gross_margin": 38.23,
            "gross_margin_4q_avg": 38.97,
            "net_income": 118389,
            "net_income_4q": null,
            "revenue": 485633,
            "revenue_4q": null,
            "common_shares": 1399043,
            "book_valuer_per_share": 20.75,
            "book_valuer_per_share_4q_avg": 19,
            "equity": 2903040,
            "current_ratio": 468.28,
            "debt_ratio": 22.65,
            "inventory_turnover_ratio": 2.3,
            "account_receivable_turnover_ratio": 1,
            "reinvestment_rate": 108.53,
            "research_to_sale_ratio": 3.94,
            "price_fair": 73.5,
            "eps_avg_yearly": 2.1,
            "eps_latest_yearly": 2.72,
            "eps_growth_yearly": 745.27
        },
        "20103": {
            "year_quarter": 20103,
            "year": 2010,
            "quarter": 3,
            "eps": 0.58,
            "eps_growth_year": -47.46,
            "eps_4q": 2.36,
            "eps_4q_growth_year": 84.3,
            "roe": 3.45,
            "roe_4q": 15.21,
            "gross_profit": 148446,
            "gross_margin": 37.15,
            "gross_margin_4q_avg": 37.86,
            "net_income": 102313,
            "net_income_4q": null,
            "revenue": 399619,
            "revenue_4q": null,
            "common_shares": 1753957,
            "book_valuer_per_share": 17.23,
            "book_valuer_per_share_4q_avg": 19.44,
            "equity": 3022116,
            "current_ratio": 536.06,
            "debt_ratio": 19.63,
            "inventory_turnover_ratio": 1.66,
            "account_receivable_turnover_ratio": 0.81,
            "reinvestment_rate": 112.74,
            "research_to_sale_ratio": 5.39,
            "price_fair": 72.6,
            "eps_avg_yearly": 2.07,
            "eps_latest_yearly": 2.32,
            "eps_growth_yearly": 736.64
        },
        "20104": {
            "year_quarter": 20104,
            "year": 2010,
            "quarter": 4,
            "eps": 0.56,
            "eps_growth_year": -28.83,
            "eps_4q": 2.35,
            "eps_4q_growth_year": -4.38,
            "roe": 3.17,
            "roe_4q": 14.190000000000001,
            "gross_profit": 185852,
            "gross_margin": 37.36,
            "gross_margin_4q_avg": 37.45,
            "net_income": 97495,
            "net_income_4q": null,
            "revenue": 497422,
            "revenue_4q": null,
            "common_shares": 1755877,
            "book_valuer_per_share": 17.8,
            "book_valuer_per_share_4q_avg": 19.04,
            "equity": 3125509,
            "current_ratio": 486.5,
            "debt_ratio": 19.98,
            "inventory_turnover_ratio": 1.65,
            "account_receivable_turnover_ratio": 1.15,
            "reinvestment_rate": 100.59,
            "research_to_sale_ratio": 4.4,
            "price_fair": 74.2,
            "eps_avg_yearly": 2.12,
            "eps_latest_yearly": 2.24,
            "eps_growth_yearly": 747.16
        },
        "20111": {
            "year_quarter": 20111,
            "year": 2011,
            "quarter": 1,
            "eps": 0.85,
            "eps_growth_year": 23.19,
            "eps_4q": 2.61,
            "eps_4q_growth_year": -12.74,
            "roe": 4.64,
            "roe_4q": 15.379999999999999,
            "gross_profit": 208336,
            "gross_margin": 35.83,
            "gross_margin_4q_avg": 37.14,
            "net_income": 150120,
            "net_income_4q": null,
            "revenue": 581416,
            "revenue_4q": null,
            "common_shares": 1771897,
            "book_valuer_per_share": 18.83,
            "book_valuer_per_share_4q_avg": 18.65,
            "equity": 3349847,
            "current_ratio": 500.71,
            "debt_ratio": 19.64,
            "inventory_turnover_ratio": 1.71,
            "account_receivable_turnover_ratio": 1.27,
            "reinvestment_rate": 81.8,
            "research_to_sale_ratio": 2.93,
            "price_fair": 74.9,
            "eps_avg_yearly": 2.14,
            "eps_latest_yearly": 3.4,
            "eps_growth_yearly": 734.82
        },
        "20112": {
            "year_quarter": 20112,
            "year": 2011,
            "quarter": 2,
            "eps": 0.44,
            "eps_growth_year": -34.88,
            "eps_4q": 2.01,
            "eps_4q_growth_year": -21.2,
            "roe": 2.92,
            "roe_4q": 14.18,
            "gross_profit": 229107,
            "gross_margin": 38.58,
            "gross_margin_4q_avg": 37.23,
            "net_income": 97982,
            "net_income_4q": null,
            "revenue": 593822,
            "revenue_4q": null,
            "common_shares": 1780757,
            "book_valuer_per_share": 18.9,
            "book_valuer_per_share_4q_avg": 18.19,
            "equity": 3364765,
            "current_ratio": 360.24,
            "debt_ratio": 21.02,
            "inventory_turnover_ratio": 1.28,
            "account_receivable_turnover_ratio": 1.07,
            "reinvestment_rate": 94.34,
            "research_to_sale_ratio": 3.41,
            "price_fair": 74.4,
            "eps_avg_yearly": 2.13,
            "eps_latest_yearly": 1.76,
            "eps_growth_yearly": 731.66
        },
        "20113": {
            "year_quarter": 20113,
            "year": 2011,
            "quarter": 3,
            "eps": 0.7,
            "eps_growth_year": 20.24,
            "eps_4q": 2.28,
            "eps_4q_growth_year": -3.03,
            "roe": 4.56,
            "roe_4q": 15.29,
            "gross_profit": 182195,
            "gross_margin": 35.41,
            "gross_margin_4q_avg": 36.8,
            "net_income": 153169,
            "net_income_4q": null,
            "revenue": 514583,
            "revenue_4q": null,
            "common_shares": 2226036,
            "book_valuer_per_share": 15.35,
            "book_valuer_per_share_4q_avg": 17.72,
            "equity": 3352415,
            "current_ratio": 394.77,
            "debt_ratio": 17.58,
            "inventory_turnover_ratio": 0.93,
            "account_receivable_turnover_ratio": 0.91,
            "reinvestment_rate": 89.8,
            "research_to_sale_ratio": 4.34,
            "price_fair": 78.3,
            "eps_avg_yearly": 2.24,
            "eps_latest_yearly": 2.8,
            "eps_growth_yearly": 759.04
        },
        "20114": {
            "year_quarter": 20114,
            "year": 2011,
            "quarter": 4,
            "eps": 0.51,
            "eps_growth_year": -7.82,
            "eps_4q": 2.35,
            "eps_4q_growth_year": -0.19,
            "roe": 3.28,
            "roe_4q": 15.399999999999999,
            "gross_profit": 142679,
            "gross_margin": 30.84,
            "gross_margin_4q_avg": 35.17,
            "net_income": 111787,
            "net_income_4q": null,
            "revenue": 462700,
            "revenue_4q": null,
            "common_shares": 2226036,
            "book_valuer_per_share": 15.86,
            "book_valuer_per_share_4q_avg": 17.24,
            "equity": 3462539,
            "current_ratio": 397.21,
            "debt_ratio": 13.81,
            "inventory_turnover_ratio": 0.86,
            "account_receivable_turnover_ratio": 0.97,
            "reinvestment_rate": 88.59,
            "research_to_sale_ratio": 4.4,
            "price_fair": 82.8,
            "eps_avg_yearly": 2.37,
            "eps_latest_yearly": 2.04,
            "eps_growth_yearly": 774.32
        },
        "20121": {
            "year_quarter": 20121,
            "year": 2012,
            "quarter": 1,
            "eps": 0.74,
            "eps_growth_year": -12.94,
            "eps_4q": 2.35,
            "eps_4q_growth_year": -9.78,
            "roe": 4.5,
            "roe_4q": 15.26,
            "gross_profit": 248849,
            "gross_margin": 35.93,
            "gross_margin_4q_avg": 35.19,
            "net_income": 163505,
            "net_income_4q": null,
            "revenue": 692579,
            "revenue_4q": null,
            "common_shares": 2226036,
            "book_valuer_per_share": 17.06,
            "book_valuer_per_share_4q_avg": 16.79,
            "equity": 3805430,
            "current_ratio": 428.59,
            "debt_ratio": 12.1,
            "inventory_turnover_ratio": 1.18,
            "account_receivable_turnover_ratio": 1.4,
            "reinvestment_rate": 77.38,
            "research_to_sale_ratio": 3.24,
            "price_fair": 85.6,
            "eps_avg_yearly": 2.45,
            "eps_latest_yearly": 2.96,
            "eps_growth_yearly": 596.73
        },
        "20122": {
            "year_quarter": 20122,
            "year": 2012,
            "quarter": 2,
            "eps": 0.67,
            "eps_growth_year": 53.04,
            "eps_4q": 2.42,
            "eps_4q_growth_year": 20.12,
            "roe": 4.51,
            "roe_4q": 16.849999999999998,
            "gross_profit": 240584,
            "gross_margin": 37.23,
            "gross_margin_4q_avg": 34.85,
            "net_income": 165562,
            "net_income_4q": null,
            "revenue": 646196,
            "revenue_4q": null,
            "common_shares": 2234266,
            "book_valuer_per_share": 15.82,
            "book_valuer_per_share_4q_avg": 16.02,
            "equity": 3535025,
            "current_ratio": 253.1,
            "debt_ratio": 20.93,
            "inventory_turnover_ratio": 1,
            "account_receivable_turnover_ratio": 1.13,
            "reinvestment_rate": 67.48,
            "research_to_sale_ratio": 3.59,
            "price_fair": 92.2,
            "eps_avg_yearly": 2.63,
            "eps_latest_yearly": 2.68,
            "eps_growth_yearly": 621.98
        },
        "20123": {
            "year_quarter": 20123,
            "year": 2012,
            "quarter": 3,
            "eps": 0.26,
            "eps_growth_year": -62.63,
            "eps_4q": 2.06,
            "eps_4q_growth_year": -10.01,
            "roe": 1.81,
            "roe_4q": 14.1,
            "gross_profit": 141803,
            "gross_margin": 29.82,
            "gross_margin_4q_avg": 33.46,
            "net_income": 64428,
            "net_income_4q": null,
            "revenue": 475559,
            "revenue_4q": null,
            "common_shares": 2458742,
            "book_valuer_per_share": 14.65,
            "book_valuer_per_share_4q_avg": 15.85,
            "equity": 3601787,
            "current_ratio": 598.69,
            "debt_ratio": 7.86,
            "inventory_turnover_ratio": 0.87,
            "account_receivable_turnover_ratio": 1.04,
            "reinvestment_rate": 58.75,
            "research_to_sale_ratio": 5.38,
            "price_fair": 93.1,
            "eps_avg_yearly": 2.66,
            "eps_latest_yearly": 1.04,
            "eps_growth_yearly": 147.35
        },
        "20124": {
            "year_quarter": 20124,
            "year": 2012,
            "quarter": 4,
            "eps": 0.28,
            "eps_growth_year": -46.08,
            "eps_4q": 1.87,
            "eps_4q_growth_year": -20.29,
            "roe": 1.87,
            "roe_4q": 12.69,
            "gross_profit": 126978,
            "gross_margin": 29.24,
            "gross_margin_4q_avg": 33.06,
            "net_income": 68021,
            "net_income_4q": null,
            "revenue": 434188,
            "revenue_4q": null,
            "common_shares": 2465412,
            "book_valuer_per_share": 14.95,
            "book_valuer_per_share_4q_avg": 15.62,
            "equity": 3684888,
            "current_ratio": 557.61,
            "debt_ratio": 8.86,
            "inventory_turnover_ratio": 0.96,
            "account_receivable_turnover_ratio": 1.29,
            "reinvestment_rate": 48.86,
            "research_to_sale_ratio": 7.11,
            "price_fair": 89.51,
            "eps_avg_yearly": 2.56,
            "eps_latest_yearly": 1.12,
            "eps_growth_yearly": 139.58
        },
        "20131": {
            "year_quarter": 20131,
            "year": 2013,
            "quarter": 1,
            "eps": 0.54,
            "eps_growth_year": -27.03,
            "eps_4q": 1.75,
            "eps_4q_growth_year": -25.85,
            "roe": 3.53,
            "roe_4q": 11.72,
            "gross_profit": 174973,
            "gross_margin": 32.48,
            "gross_margin_4q_avg": 32.19,
            "net_income": 132257,
            "net_income_4q": null,
            "revenue": 538651,
            "revenue_4q": null,
            "common_shares": 2465412,
            "book_valuer_per_share": 15.47,
            "book_valuer_per_share_4q_avg": 15.22,
            "equity": 3813699,
            "current_ratio": 489.61,
            "debt_ratio": 10.75,
            "inventory_turnover_ratio": 1.15,
            "account_receivable_turnover_ratio": 1.51,
            "reinvestment_rate": 41.89,
            "research_to_sale_ratio": 3.42,
            "price_fair": 88.64,
            "eps_avg_yearly": 2.53,
            "eps_latest_yearly": 2.16,
            "eps_growth_yearly": 154.07
        },
        "20132": {
            "year_quarter": 20132,
            "year": 2013,
            "quarter": 2,
            "eps": 0.75,
            "eps_growth_year": 11.33,
            "eps_4q": 1.83,
            "eps_4q_growth_year": -24.29,
            "roe": 5.18,
            "roe_4q": 12.389999999999999,
            "gross_profit": 257215,
            "gross_margin": 35.84,
            "gross_margin_4q_avg": 31.85,
            "net_income": 186436,
            "net_income_4q": null,
            "revenue": 717653,
            "revenue_4q": null,
            "common_shares": 2465412,
            "book_valuer_per_share": 13.73,
            "book_valuer_per_share_4q_avg": 14.7,
            "equity": 3383782,
            "current_ratio": 227.14,
            "debt_ratio": 24.52,
            "inventory_turnover_ratio": 1.35,
            "account_receivable_turnover_ratio": 1.71,
            "reinvestment_rate": 39.03,
            "research_to_sale_ratio": 2.69,
            "price_fair": 88.73,
            "eps_avg_yearly": 2.54,
            "eps_latest_yearly": 3,
            "eps_growth_yearly": 34.63
        },
        "20133": {
            "year_quarter": 20133,
            "year": 2013,
            "quarter": 3,
            "eps": 0.33,
            "eps_growth_year": 25.94,
            "eps_4q": 1.89,
            "eps_4q_growth_year": -7.89,
            "roe": 2.34,
            "roe_4q": 12.919999999999998,
            "gross_profit": 153584,
            "gross_margin": 31.59,
            "gross_margin_4q_avg": 32.29,
            "net_income": 79975,
            "net_income_4q": null,
            "revenue": 486163,
            "revenue_4q": null,
            "common_shares": 2465412,
            "book_valuer_per_share": 14.05,
            "book_valuer_per_share_4q_avg": 14.55,
            "equity": 3463757,
            "current_ratio": 498.34,
            "debt_ratio": 9.56,
            "inventory_turnover_ratio": 0.98,
            "account_receivable_turnover_ratio": 1.23,
            "reinvestment_rate": 37.74,
            "research_to_sale_ratio": 5.33,
            "price_fair": 42.42,
            "eps_avg_yearly": 2.34,
            "eps_latest_yearly": 1.32,
            "eps_growth_yearly": 8.13
        },
        "20134": {
            "year_quarter": 20134,
            "year": 2013,
            "quarter": 4,
            "eps": 0.25,
            "eps_growth_year": -8.79,
            "eps_4q": 1.87,
            "eps_4q_growth_year": -0.17,
            "roe": 1.78,
            "roe_4q": 12.83,
            "gross_profit": 118278,
            "gross_margin": 29,
            "gross_margin_4q_avg": 32.23,
            "net_income": 62044,
            "net_income_4q": null,
            "revenue": 407926,
            "revenue_4q": null,
            "common_shares": 2465412,
            "book_valuer_per_share": 14.3,
            "book_valuer_per_share_4q_avg": 14.39,
            "equity": 3524769,
            "current_ratio": 500.42,
            "debt_ratio": 9.6,
            "inventory_turnover_ratio": 0.95,
            "account_receivable_turnover_ratio": 1.41,
            "reinvestment_rate": 27.61,
            "research_to_sale_ratio": 7.77,
            "price_fair": 43.04,
            "eps_avg_yearly": 2.21,
            "eps_latest_yearly": 1,
            "eps_growth_yearly": 9.5
        },
        "20141": {
            "year_quarter": 20141,
            "year": 2014,
            "quarter": 1,
            "eps": 0.3,
            "eps_growth_year": -44.44,
            "eps_4q": 1.63,
            "eps_4q_growth_year": -6.37,
            "roe": 2.09,
            "roe_4q": 11.39,
            "gross_profit": 120152,
            "gross_margin": 31.95,
            "gross_margin_4q_avg": 32.1,
            "net_income": 74384,
            "net_income_4q": null,
            "revenue": 376103,
            "revenue_4q": null,
            "common_shares": 2465412,
            "book_valuer_per_share": 14.62,
            "book_valuer_per_share_4q_avg": 14.18,
            "equity": 3603729,
            "current_ratio": 528.14,
            "debt_ratio": 9.23,
            "inventory_turnover_ratio": 0.88,
            "account_receivable_turnover_ratio": 1.43,
            "reinvestment_rate": 26.55,
            "research_to_sale_ratio": 6.8,
            "price_fair": 57.78,
            "eps_avg_yearly": 2.11,
            "eps_latest_yearly": 1.2,
            "eps_growth_yearly": 17.38
        },
        "20142": {
            "year_quarter": 20142,
            "year": 2014,
            "quarter": 2,
            "eps": 0.36,
            "eps_growth_year": -52,
            "eps_4q": 1.23,
            "eps_4q_growth_year": -32.6,
            "roe": 2.58,
            "roe_4q": 8.79,
            "gross_profit": 177726,
            "gross_margin": 33.75,
            "gross_margin_4q_avg": 31.57,
            "net_income": 87676,
            "net_income_4q": null,
            "revenue": 526582,
            "revenue_4q": null,
            "common_shares": 2465412,
            "book_valuer_per_share": 12.95,
            "book_valuer_per_share_4q_avg": 13.98,
            "equity": 3192115,
            "current_ratio": 238.85,
            "debt_ratio": 21.75,
            "inventory_turnover_ratio": 1.12,
            "account_receivable_turnover_ratio": 1.71,
            "reinvestment_rate": 20.6,
            "research_to_sale_ratio": 4.65,
            "price_fair": 66.47,
            "eps_avg_yearly": 2.03,
            "eps_latest_yearly": 1.44,
            "eps_growth_yearly": 22.75
        },
        "20143": {
            "year_quarter": 20143,
            "year": 2014,
            "quarter": 3,
            "eps": 0.63,
            "eps_growth_year": 90.91,
            "eps_4q": 1.54,
            "eps_4q_growth_year": -18.72,
            "roe": 4.75,
            "roe_4q": 11.2,
            "gross_profit": 215241,
            "gross_margin": 35.55,
            "gross_margin_4q_avg": 32.56,
            "net_income": 155223,
            "net_income_4q": null,
            "revenue": 605484,
            "revenue_4q": null,
            "common_shares": 2465412,
            "book_valuer_per_share": 13.56,
            "book_valuer_per_share_4q_avg": 13.86,
            "equity": 3343946,
            "current_ratio": 448.32,
            "debt_ratio": 10.99,
            "inventory_turnover_ratio": 1.18,
            "account_receivable_turnover_ratio": 1.63,
            "reinvestment_rate": 8.5,
            "research_to_sale_ratio": 3.84,
            "price_fair": 71.49,
            "eps_avg_yearly": 2.04,
            "eps_latest_yearly": 2.52,
            "eps_growth_yearly": 45.17
        },
        "20144": {
            "year_quarter": 20144,
            "year": 2014,
            "quarter": 4,
            "eps": 0.61,
            "eps_growth_year": 143.58,
            "eps_4q": 1.9,
            "eps_4q_growth_year": 1.67,
            "roe": 4.41,
            "roe_4q": 13.83,
            "gross_profit": 207856,
            "gross_margin": 36.78,
            "gross_margin_4q_avg": 34.51,
            "net_income": 151128,
            "net_income_4q": null,
            "revenue": 565201,
            "revenue_4q": null,
            "common_shares": 2465412,
            "book_valuer_per_share": 14.22,
            "book_valuer_per_share_4q_avg": 13.84,
            "equity": 3505799,
            "current_ratio": 471.19,
            "debt_ratio": 11.17,
            "inventory_turnover_ratio": 1.03,
            "account_receivable_turnover_ratio": 1.47,
            "reinvestment_rate": 10.5,
            "research_to_sale_ratio": 5.32,
            "price_fair": 71.93,
            "eps_avg_yearly": 2.06,
            "eps_latest_yearly": 2.44,
            "eps_growth_yearly": 45.24
        },
        "20151": {
            "year_quarter": 20151,
            "year": 2015,
            "quarter": 1,
            "eps": 0.54,
            "eps_growth_year": 80,
            "eps_4q": 2.14,
            "eps_4q_growth_year": 30.83,
            "roe": 3.72,
            "roe_4q": 15.46,
            "gross_profit": 204777,
            "gross_margin": 39.02,
            "gross_margin_4q_avg": 36.28,
            "net_income": 133016,
            "net_income_4q": null,
            "revenue": 524804,
            "revenue_4q": null,
            "common_shares": 2465412,
            "book_valuer_per_share": 14.77,
            "book_valuer_per_share_4q_avg": 13.88,
            "equity": 3641503,
            "current_ratio": 479.84,
            "debt_ratio": 11.59,
            "inventory_turnover_ratio": 0.81,
            "account_receivable_turnover_ratio": 1.42,
            "reinvestment_rate": 10.31,
            "research_to_sale_ratio": 5.24,
            "price_fair": 69.21,
            "eps_avg_yearly": 1.98,
            "eps_latest_yearly": 2.16,
            "eps_growth_yearly": 29.43
        },
        "20152": {
            "year_quarter": 20152,
            "year": 2015,
            "quarter": 2,
            "eps": 0.7,
            "eps_growth_year": 94.44,
            "eps_4q": 2.48,
            "eps_4q_growth_year": 101.25,
            "roe": 4.96,
            "roe_4q": 17.84,
            "gross_profit": 250743,
            "gross_margin": 38.57,
            "gross_margin_4q_avg": 37.48,
            "net_income": 172606,
            "net_income_4q": null,
            "revenue": 650150,
            "revenue_4q": null,
            "common_shares": 2465412,
            "book_valuer_per_share": 13.46,
            "book_valuer_per_share_4q_avg": 14,
            "equity": 3319107,
            "current_ratio": 262.07,
            "debt_ratio": 22.27,
            "inventory_turnover_ratio": 0.95,
            "account_receivable_turnover_ratio": 1.59,
            "reinvestment_rate": -0.22,
            "research_to_sale_ratio": 4.05,
            "price_fair": 71.49,
            "eps_avg_yearly": 2.04,
            "eps_latest_yearly": 2.8,
            "eps_growth_yearly": 48.89
        },
        "20153": {
            "year_quarter": 20153,
            "year": 2015,
            "quarter": 3,
            "eps": 0.69,
            "eps_growth_year": 9.52,
            "eps_4q": 2.54,
            "eps_4q_growth_year": 65.4,
            "roe": 5.03,
            "roe_4q": 18.12,
            "gross_profit": 210983,
            "gross_margin": 35.77,
            "gross_margin_4q_avg": 37.54,
            "net_income": 170641,
            "net_income_4q": null,
            "revenue": 589794,
            "revenue_4q": null,
            "common_shares": 2465412,
            "book_valuer_per_share": 14.03,
            "book_valuer_per_share_4q_avg": 14.12,
            "equity": 3459476,
            "current_ratio": 499.78,
            "debt_ratio": 11.19,
            "inventory_turnover_ratio": 0.98,
            "account_receivable_turnover_ratio": 1.41,
            "reinvestment_rate": -5.64,
            "research_to_sale_ratio": 5.04,
            "price_fair": 71.4,
            "eps_avg_yearly": 2.04,
            "eps_latest_yearly": 2.76,
            "eps_growth_yearly": 33.76
        },
        "20154": {
            "year_quarter": 20154,
            "year": 2015,
            "quarter": 4,
            "eps": 0.47,
            "eps_growth_year": -22.98,
            "eps_4q": 2.4,
            "eps_4q_growth_year": 26.52,
            "roe": 3.3,
            "roe_4q": 17.009999999999998,
            "gross_profit": 229866,
            "gross_margin": 36.65,
            "gross_margin_4q_avg": 37.5,
            "net_income": 116394,
            "net_income_4q": null,
            "revenue": 627151,
            "revenue_4q": null,
            "common_shares": 2465412,
            "book_valuer_per_share": 14.58,
            "book_valuer_per_share_4q_avg": 14.21,
            "equity": 3593821,
            "current_ratio": 478.71,
            "debt_ratio": 12.41,
            "inventory_turnover_ratio": 1.09,
            "account_receivable_turnover_ratio": 1.44,
            "reinvestment_rate": -15.76,
            "research_to_sale_ratio": 4.88,
            "price_fair": 71.05,
            "eps_avg_yearly": 2.03,
            "eps_latest_yearly": 1.88,
            "eps_growth_yearly": 32.58
        },
        "20161": {
            "year_quarter": 20161,
            "year": 2016,
            "quarter": 1,
            "eps": 0.65,
            "eps_growth_year": 20.37,
            "eps_4q": 2.51,
            "eps_4q_growth_year": 17.64,
            "roe": 4.37,
            "roe_4q": 17.66,
            "gross_profit": 260274,
            "gross_margin": 39.24,
            "gross_margin_4q_avg": 37.56,
            "net_income": 160359,
            "net_income_4q": null,
            "revenue": 663268,
            "revenue_4q": null,
            "common_shares": 2465412,
            "book_valuer_per_share": 15.19,
            "book_valuer_per_share_4q_avg": 14.32,
            "equity": 3746180,
            "current_ratio": 447.22,
            "debt_ratio": 14.09,
            "inventory_turnover_ratio": 1.05,
            "account_receivable_turnover_ratio": 1.39,
            "reinvestment_rate": -22.01,
            "research_to_sale_ratio": 3.81,
            "price_fair": 70.26,
            "eps_avg_yearly": 2.01,
            "eps_latest_yearly": 2.6,
            "eps_growth_yearly": 30.88
        },
        "20162": {
            "year_quarter": 20162,
            "year": 2016,
            "quarter": 2,
            "eps": 0.65,
            "eps_growth_year": -7.14,
            "eps_4q": 2.49,
            "eps_4q_growth_year": 0.35,
            "roe": 4.58,
            "roe_4q": 17.28,
            "gross_profit": 243132,
            "gross_margin": 38.88,
            "gross_margin_4q_avg": 37.64,
            "net_income": 159243,
            "net_income_4q": null,
            "revenue": 625265,
            "revenue_4q": null,
            "common_shares": 2465412,
            "book_valuer_per_share": 13.19,
            "book_valuer_per_share_4q_avg": 14.25,
            "equity": 3211738,
            "current_ratio": 245.87,
            "debt_ratio": 25.59,
            "inventory_turnover_ratio": 0.95,
            "account_receivable_turnover_ratio": 1.4,
            "reinvestment_rate": -23.84,
            "research_to_sale_ratio": 4.29,
            "price_fair": 70.09,
            "eps_avg_yearly": 2,
            "eps_latest_yearly": 2.6,
            "eps_growth_yearly": 33.24
        },
        "20163": {
            "year_quarter": 20163,
            "year": 2016,
            "quarter": 3,
            "eps": 0.41,
            "eps_growth_year": -40.58,
            "eps_4q": 2.86,
            "eps_4q_growth_year": 12.54,
            "roe": 2.89,
            "roe_4q": 15.14,
            "gross_profit": 162143,
            "gross_margin": 35.28,
            "gross_margin_4q_avg": 37.51,
            "net_income": 84958,
            "net_income_4q": null,
            "revenue": 459590,
            "revenue_4q": null,
            "common_shares": 1849059,
            "book_valuer_per_share": 14.72,
            "book_valuer_per_share_4q_avg": 14.42,
            "equity": 2676968,
            "current_ratio": 208.4,
            "debt_ratio": 27.34,
            "inventory_turnover_ratio": 0.77,
            "account_receivable_turnover_ratio": 1.29,
            "reinvestment_rate": -24.59,
            "research_to_sale_ratio": 6.48,
            "price_fair": 71.4,
            "eps_avg_yearly": 2.04,
            "eps_latest_yearly": 1.64,
            "eps_growth_yearly": 39.31
        },
        "20164": {
            "year_quarter": 20164,
            "year": 2016,
            "quarter": 4,
            "eps": 0.34,
            "eps_growth_year": -27.47,
            "eps_4q": 2.56,
            "eps_4q_growth_year": 6.38,
            "roe": 2.3,
            "roe_4q": 14.14,
            "gross_profit": 143510,
            "gross_margin": 33.01,
            "gross_margin_4q_avg": 36.6,
            "net_income": 62547,
            "net_income_4q": null,
            "revenue": 434702,
            "revenue_4q": null,
            "common_shares": 1849059,
            "book_valuer_per_share": 15.16,
            "book_valuer_per_share_4q_avg": 14.57,
            "equity": 2768240,
            "current_ratio": 354.1,
            "debt_ratio": 14.6,
            "inventory_turnover_ratio": 0.78,
            "account_receivable_turnover_ratio": 1.65,
            "reinvestment_rate": -23.92,
            "research_to_sale_ratio": 7.51,
            "price_fair": 71.93,
            "eps_avg_yearly": 2.06,
            "eps_latest_yearly": 1.36,
            "eps_growth_yearly": 33.12
        },
        "20171": {
            "year_quarter": 20171,
            "year": 2017,
            "quarter": 1,
            "eps": 0.41,
            "eps_growth_year": -36.92,
            "eps_4q": 2.08,
            "eps_4q_growth_year": -17.11,
            "roe": 2.64,
            "roe_4q": 12.41,
            "gross_profit": 170476,
            "gross_margin": 34.57,
            "gross_margin_4q_avg": 35.44,
            "net_income": 73989,
            "net_income_4q": null,
            "revenue": 493156,
            "revenue_4q": null,
            "common_shares": 1849059,
            "book_valuer_per_share": 15.53,
            "book_valuer_per_share_4q_avg": 14.65,
            "equity": 2836808,
            "current_ratio": 354.91,
            "debt_ratio": 15.27,
            "inventory_turnover_ratio": 0.85,
            "account_receivable_turnover_ratio": 1.81,
            "reinvestment_rate": -19.86,
            "research_to_sale_ratio": 6.35,
            "price_fair": 50.67,
            "eps_avg_yearly": 2.02,
            "eps_latest_yearly": 1.64,
            "eps_growth_yearly": 15.05
        },
        "20172": {
            "year_quarter": 20172,
            "year": 2017,
            "quarter": 2,
            "eps": 0.65,
            "eps_growth_year": 0,
            "eps_4q": 1.86,
            "eps_4q_growth_year": -25.28,
            "roe": 4.44,
            "roe_4q": 12.27,
            "gross_profit": 197365,
            "gross_margin": 35.04,
            "gross_margin_4q_avg": 34.48,
            "net_income": 118447,
            "net_income_4q": null,
            "revenue": 563248,
            "revenue_4q": null,
            "common_shares": 1849059,
            "book_valuer_per_share": 13.65,
            "book_valuer_per_share_4q_avg": 14.77,
            "equity": 2492656,
            "current_ratio": 203.38,
            "debt_ratio": 27.74,
            "inventory_turnover_ratio": 0.97,
            "account_receivable_turnover_ratio": 1.66,
            "reinvestment_rate": -20.48,
            "research_to_sale_ratio": 5.6,
            "price_fair": 59.85,
            "eps_avg_yearly": 2,
            "eps_latest_yearly": 2.6,
            "eps_growth_yearly": 19.96
        },
        "20173": {
            "year_quarter": 20173,
            "year": 2017,
            "quarter": 3,
            "eps": 0.51,
            "eps_growth_year": 24.39,
            "eps_4q": 1.9,
            "eps_4q_growth_year": -33.77,
            "roe": 3.62,
            "roe_4q": 13,
            "gross_profit": 168694,
            "gross_margin": 33.74,
            "gross_margin_4q_avg": 34.09,
            "net_income": 92682,
            "net_income_4q": null,
            "revenue": 499929,
            "revenue_4q": null,
            "common_shares": 1849059,
            "book_valuer_per_share": 14.32,
            "book_valuer_per_share_4q_avg": 14.67,
            "equity": 2625468,
            "current_ratio": 327.97,
            "debt_ratio": 15.4,
            "inventory_turnover_ratio": 0.91,
            "account_receivable_turnover_ratio": 1.46,
            "reinvestment_rate": -21.11,
            "research_to_sale_ratio": 5.96,
            "price_fair": 71.49,
            "eps_avg_yearly": 2.04,
            "eps_latest_yearly": 2.04,
            "eps_growth_yearly": 28.58
        },
        "20174": {
            "year_quarter": 20174,
            "year": 2017,
            "quarter": 4,
            "eps": 0.59,
            "eps_growth_year": 72.52,
            "eps_4q": 2.13,
            "eps_4q_growth_year": -16.6,
            "roe": 4,
            "roe_4q": 14.700000000000001,
            "gross_profit": 206932,
            "gross_margin": 35.63,
            "gross_margin_4q_avg": 34.75,
            "net_income": 109234,
            "net_income_4q": null,
            "revenue": 580776,
            "revenue_4q": null,
            "common_shares": 1849059,
            "book_valuer_per_share": 15.37,
            "book_valuer_per_share_4q_avg": 14.72,
            "equity": 2841155,
            "current_ratio": 358.85,
            "debt_ratio": 14.8,
            "inventory_turnover_ratio": 1.1,
            "account_receivable_turnover_ratio": 1.47,
            "reinvestment_rate": -22.38,
            "research_to_sale_ratio": 5.81,
            "price_fair": 74.46,
            "eps_avg_yearly": 2.13,
            "eps_latest_yearly": 2.36,
            "eps_growth_yearly": 38.56
        },
        "20181": {
            "year_quarter": 20181,
            "year": 2018,
            "quarter": 1,
            "eps": 0.61,
            "eps_growth_year": 48.78,
            "eps_4q": 2.34,
            "eps_4q_growth_year": 12.22,
            "roe": 3.87,
            "roe_4q": 15.93,
            "gross_profit": 211203,
            "gross_margin": 37.52,
            "gross_margin_4q_avg": 35.48,
            "net_income": 112167,
            "net_income_4q": null,
            "revenue": 562879,
            "revenue_4q": null,
            "common_shares": 1849059,
            "book_valuer_per_share": 15.97,
            "book_valuer_per_share_4q_avg": 14.83,
            "equity": 2953834,
            "current_ratio": 311.5,
            "debt_ratio": 15.1,
            "inventory_turnover_ratio": 1.07,
            "account_receivable_turnover_ratio": 1.29,
            "reinvestment_rate": -25.58,
            "research_to_sale_ratio": 6.55,
            "price_fair": 77.18,
            "eps_avg_yearly": 2.21,
            "eps_latest_yearly": 2.44,
            "eps_growth_yearly": 34.41
        },
        "20182": {
            "year_quarter": 20182,
            "year": 2018,
            "quarter": 2,
            "eps": 0.75,
            "eps_growth_year": 15.38,
            "eps_4q": 2.45,
            "eps_4q_growth_year": 31.56,
            "roe": 4.97,
            "roe_4q": 16.46,
            "gross_profit": 212703,
            "gross_margin": 38.52,
            "gross_margin_4q_avg": 36.35,
            "net_income": 138659,
            "net_income_4q": null,
            "revenue": 552226,
            "revenue_4q": null,
            "common_shares": 1849059,
            "book_valuer_per_share": 14.22,
            "book_valuer_per_share_4q_avg": 14.97,
            "equity": 2630228,
            "current_ratio": 156.36,
            "debt_ratio": 39.44,
            "inventory_turnover_ratio": 1,
            "account_receivable_turnover_ratio": 1.4,
            "reinvestment_rate": -18.37,
            "research_to_sale_ratio": 8.45,
            "price_fair": 80.59,
            "eps_avg_yearly": 2.3,
            "eps_latest_yearly": 3,
            "eps_growth_yearly": 35.15
        },
        "20183": {
            "year_quarter": 20183,
            "year": 2018,
            "quarter": 3,
            "eps": 0.37,
            "eps_growth_year": -27.45,
            "eps_4q": 2.32,
            "eps_4q_growth_year": 22.24,
            "roe": 2.56,
            "roe_4q": 15.399999999999999,
            "gross_profit": 168001,
            "gross_margin": 36.65,
            "gross_margin_4q_avg": 37.08,
            "net_income": 67911,
            "net_income_4q": null,
            "revenue": 458415,
            "revenue_4q": null,
            "common_shares": 1849059,
            "book_valuer_per_share": 14.48,
            "book_valuer_per_share_4q_avg": 15.01,
            "equity": 2671927,
            "current_ratio": 163.29,
            "debt_ratio": 32.87,
            "inventory_turnover_ratio": 0.83,
            "account_receivable_turnover_ratio": 1.39,
            "reinvestment_rate": -15.29,
            "research_to_sale_ratio": 12.42,
            "price_fair": 30.72,
            "eps_avg_yearly": 2.24,
            "eps_latest_yearly": 1.48,
            "eps_growth_yearly": 3.73
        },
        "20184": {
            "year_quarter": 20184,
            "year": 2018,
            "quarter": 4,
            "eps": 0.43,
            "eps_growth_year": -26.66,
            "eps_4q": 2.19,
            "eps_4q_growth_year": 2.86,
            "roe": 3.01,
            "roe_4q": 14.41,
            "gross_profit": 182452,
            "gross_margin": 37.34,
            "gross_margin_4q_avg": 37.51,
            "net_income": 78433,
            "net_income_4q": null,
            "revenue": 488600,
            "revenue_4q": null,
            "common_shares": 1849059,
            "book_valuer_per_share": 14.01,
            "book_valuer_per_share_4q_avg": 14.67,
            "equity": 2535852,
            "current_ratio": 129.88,
            "debt_ratio": 35.51,
            "inventory_turnover_ratio": 0.84,
            "account_receivable_turnover_ratio": 1.84,
            "reinvestment_rate": 39.57,
            "research_to_sale_ratio": 10.84,
            "price_fair": 40.73,
            "eps_avg_yearly": 2.19,
            "eps_latest_yearly": 1.72,
            "eps_growth_yearly": 8.58
        },
        "20191": {
            "year_quarter": 20191,
            "year": 2019,
            "quarter": 1,
            "eps": 0.5,
            "eps_growth_year": -18.03,
            "eps_4q": 2.03,
            "eps_4q_growth_year": -13.06,
            "roe": 3.37,
            "roe_4q": 13.91,
            "gross_profit": 204704,
            "gross_margin": 43.43,
            "gross_margin_4q_avg": 38.99,
            "net_income": 91060,
            "net_income_4q": null,
            "revenue": 471306,
            "revenue_4q": null,
            "common_shares": 1849059,
            "book_valuer_per_share": 15.52,
            "book_valuer_per_share_4q_avg": 14.56,
            "equity": 2870345,
            "current_ratio": 154.95,
            "debt_ratio": 30.46,
            "inventory_turnover_ratio": 0.68,
            "account_receivable_turnover_ratio": 1.57,
            "reinvestment_rate": 45.68,
            "research_to_sale_ratio": 13.33,
            "price_fair": 55.69,
            "eps_avg_yearly": 2.18,
            "eps_latest_yearly": 2,
            "eps_growth_yearly": 15.52
        },
        "20192": {
            "year_quarter": 20192,
            "year": 2019,
            "quarter": 2,
            "eps": 0.78,
            "eps_growth_year": 4,
            "eps_4q": 2.06,
            "eps_4q_growth_year": -15.86,
            "roe": 5.29,
            "roe_4q": 14.23,
            "gross_profit": 256133,
            "gross_margin": 41.42,
            "gross_margin_4q_avg": 39.71,
            "net_income": 143529,
            "net_income_4q": null,
            "revenue": 618320,
            "revenue_4q": null,
            "common_shares": 1849059,
            "book_valuer_per_share": 13.8,
            "book_valuer_per_share_4q_avg": 14.45,
            "equity": 2551609,
            "current_ratio": 114.82,
            "debt_ratio": 40.23,
            "inventory_turnover_ratio": 0.88,
            "account_receivable_turnover_ratio": 1.61,
            "reinvestment_rate": 48.14,
            "research_to_sale_ratio": 10.02,
            "price_fair": 70.72,
            "eps_avg_yearly": 2.2,
            "eps_latest_yearly": 3.12,
            "eps_growth_yearly": 22.11
        },
        "20193": {
            "year_quarter": 20193,
            "year": 2019,
            "quarter": 3,
            "eps": 0.83,
            "eps_growth_year": 124.32,
            "eps_4q": 2.52,
            "eps_4q_growth_year": 8.78,
            "roe": 5.84,
            "roe_4q": 17.509999999999998,
            "gross_profit": 285532,
            "gross_margin": 40.91,
            "gross_margin_4q_avg": 40.78,
            "net_income": 153398,
            "net_income_4q": null,
            "revenue": 697985,
            "revenue_4q": null,
            "common_shares": 1849059,
            "book_valuer_per_share": 14.63,
            "book_valuer_per_share_4q_avg": 14.49,
            "equity": 2705008,
            "current_ratio": 135.63,
            "debt_ratio": 35.39,
            "inventory_turnover_ratio": 1.03,
            "account_receivable_turnover_ratio": 1.39,
            "reinvestment_rate": 49.75,
            "research_to_sale_ratio": 8.7,
            "price_fair": 76.23,
            "eps_avg_yearly": 2.24,
            "eps_latest_yearly": 3.32,
            "eps_growth_yearly": 24.07
        },
        "20194": {
            "year_quarter": 20194,
            "year": 2019,
            "quarter": 4,
            "eps": 0.68,
            "eps_growth_year": 57.71,
            "eps_4q": 2.78,
            "eps_4q_growth_year": 26.79,
            "roe": 4.56,
            "roe_4q": 19.06,
            "gross_profit": 287903,
            "gross_margin": 38.73,
            "gross_margin_4q_avg": 41.12,
            "net_income": 126338,
            "net_income_4q": null,
            "revenue": 743298,
            "revenue_4q": null,
            "common_shares": 1849059,
            "book_valuer_per_share": 15.31,
            "book_valuer_per_share_4q_avg": 14.82,
            "equity": 2830879,
            "current_ratio": 161.15,
            "debt_ratio": 34.77,
            "inventory_turnover_ratio": 1.26,
            "account_receivable_turnover_ratio": 1.38,
            "reinvestment_rate": 49.02,
            "research_to_sale_ratio": 9.56,
            "price_fair": 80.15,
            "eps_avg_yearly": 2.29,
            "eps_latest_yearly": 2.72,
            "eps_growth_yearly": 27.52
        },
        "20201": {
            "year_quarter": 20201,
            "year": 2020,
            "quarter": 1,
            "eps": 0.76,
            "eps_growth_year": 52,
            "eps_4q": 3.05,
            "eps_4q_growth_year": 50.05,
            "roe": 4.86,
            "roe_4q": 20.55,
            "gross_profit": 266264,
            "gross_margin": 40.99,
            "gross_margin_4q_avg": 40.51,
            "net_income": 141012,
            "net_income_4q": null,
            "revenue": 649635,
            "revenue_4q": null,
            "common_shares": 1849059,
            "book_valuer_per_share": 16.07,
            "book_valuer_per_share_4q_avg": 14.95,
            "equity": 2971765,
            "current_ratio": 186.35,
            "debt_ratio": 32.1,
            "inventory_turnover_ratio": 1.11,
            "account_receivable_turnover_ratio": 1.34,
            "reinvestment_rate": 50.53,
            "research_to_sale_ratio": 10.78,
            "price_fair": 71.58,
            "eps_avg_yearly": 2.32,
            "eps_latest_yearly": 3.04,
            "eps_growth_yearly": 20.89
        },
        "20202": {
            "year_quarter": 20202,
            "year": 2020,
            "quarter": 2,
            "eps": 0.72,
            "eps_growth_year": -7.69,
            "eps_4q": 2.99,
            "eps_4q_growth_year": 45.35,
            "roe": 4.74,
            "roe_4q": 20,
            "gross_profit": 262426,
            "gross_margin": 44.2,
            "gross_margin_4q_avg": 41.21,
            "net_income": 132934,
            "net_income_4q": null,
            "revenue": 593745,
            "revenue_4q": null,
            "common_shares": 1849059,
            "book_valuer_per_share": 14.29,
            "book_valuer_per_share_4q_avg": 15.08,
            "equity": 2642435,
            "current_ratio": 137.14,
            "debt_ratio": 38.25,
            "inventory_turnover_ratio": 0.87,
            "account_receivable_turnover_ratio": 1.34,
            "reinvestment_rate": 48.45,
            "research_to_sale_ratio": 12.04,
            "price_fair": 69.05,
            "eps_avg_yearly": 2.34,
            "eps_latest_yearly": 2.88,
            "eps_growth_yearly": 19.57
        },
        "20203": {
            "year_quarter": 20203,
            "year": 2020,
            "quarter": 3,
            "eps": 0.61,
            "eps_growth_year": -26.51,
            "eps_4q": 2.78,
            "eps_4q_growth_year": 10.01,
            "roe": 4.18,
            "roe_4q": 18.34,
            "gross_profit": 270365,
            "gross_margin": 41.96,
            "gross_margin_4q_avg": 41.47,
            "net_income": 112847,
            "net_income_4q": null,
            "revenue": 644391,
            "revenue_4q": null,
            "common_shares": 1849059,
            "book_valuer_per_share": 14.9,
            "book_valuer_per_share_4q_avg": 15.14,
            "equity": 2755453,
            "current_ratio": 169.26,
            "debt_ratio": 35.22,
            "inventory_turnover_ratio": 0.93,
            "account_receivable_turnover_ratio": 1.59,
            "reinvestment_rate": 47.68,
            "research_to_sale_ratio": 12.1,
            "price_fair": 83.43,
            "eps_avg_yearly": 2.39,
            "eps_latest_yearly": 2.44,
            "eps_growth_yearly": 24.98
        },
        "20204": {
            "year_quarter": 20204,
            "year": 2020,
            "quarter": 4,
            "eps": 0.79,
            "eps_growth_year": 15.4,
            "eps_4q": 2.88,
            "eps_4q_growth_year": 3.55,
            "roe": 5.15,
            "roe_4q": 18.93,
            "gross_profit": 315349,
            "gross_margin": 41.64,
            "gross_margin_4q_avg": 42.2,
            "net_income": 145795,
            "net_income_4q": null,
            "revenue": 757232,
            "revenue_4q": null,
            "common_shares": 1849059,
            "book_valuer_per_share": 15.69,
            "book_valuer_per_share_4q_avg": 15.24,
            "equity": 2901719,
            "current_ratio": 194,
            "debt_ratio": 32.81,
            "inventory_turnover_ratio": 1.15,
            "account_receivable_turnover_ratio": 1.78,
            "reinvestment_rate": 43.25,
            "research_to_sale_ratio": 10.54,
            "price_fair": 87.41,
            "eps_avg_yearly": 2.5,
            "eps_latest_yearly": 3.16,
            "eps_growth_yearly": 36.63
        },
        "20211": {
            "year_quarter": 20211,
            "year": 2021,
            "quarter": 1,
            "eps": 1.22,
            "eps_growth_year": 60.53,
            "eps_4q": 3.33,
            "eps_4q_growth_year": 9.22,
            "roe": 7.46,
            "roe_4q": 21.53,
            "gross_profit": 379250,
            "gross_margin": 42.65,
            "gross_margin_4q_avg": 42.61,
            "net_income": 224741,
            "net_income_4q": null,
            "revenue": 889217,
            "revenue_4q": null,
            "common_shares": 1849059,
            "book_valuer_per_share": 16.91,
            "book_valuer_per_share_4q_avg": 15.45,
            "equity": 3126460,
            "current_ratio": 204.52,
            "debt_ratio": 33.57,
            "inventory_turnover_ratio": 1.33,
            "account_receivable_turnover_ratio": 1.65,
            "reinvestment_rate": 37.61,
            "research_to_sale_ratio": 6.68,
            "price_fair": 94.5,
            "eps_avg_yearly": 2.7,
            "eps_latest_yearly": 4.88,
            "eps_growth_yearly": 45.09
        },
        "20212": {
            "year_quarter": 20212,
            "year": 2021,
            "quarter": 2,
            "eps": 1.23,
            "eps_growth_year": 70.83,
            "eps_4q": 3.84,
            "eps_4q_growth_year": 28.26,
            "roe": 7,
            "roe_4q": 23.79,
            "gross_profit": 390922,
            "gross_margin": 43.63,
            "gross_margin_4q_avg": 42.47,
            "net_income": 226778,
            "net_income_4q": null,
            "revenue": 896062,
            "revenue_4q": null,
            "common_shares": 1849059,
            "book_valuer_per_share": 18.13,
            "book_valuer_per_share_4q_avg": 16.41,
            "equity": 3353238,
            "current_ratio": 193.26,
            "debt_ratio": 31.56,
            "inventory_turnover_ratio": 1.24,
            "account_receivable_turnover_ratio": 1.51,
            "reinvestment_rate": 34.58,
            "research_to_sale_ratio": 7.48,
            "price_fair": 99.58,
            "eps_avg_yearly": 2.85,
            "eps_latest_yearly": 4.92,
            "eps_growth_yearly": 30.66
        },
        "20213": {
            "year_quarter": 20213,
            "year": 2021,
            "quarter": 3,
            "eps": 1.15,
            "eps_growth_year": 88.52,
            "eps_4q": 4.38,
            "eps_4q_growth_year": 57.68,
            "roe": 6.58,
            "roe_4q": 26.189999999999998,
            "gross_profit": 402279,
            "gross_margin": 42.46,
            "gross_margin_4q_avg": 42.6,
            "net_income": 211771,
            "net_income_4q": null,
            "revenue": 947399,
            "revenue_4q": null,
            "common_shares": 1849059,
            "book_valuer_per_share": 16.69,
            "book_valuer_per_share_4q_avg": 16.86,
            "equity": 3086103,
            "current_ratio": 160.66,
            "debt_ratio": 35.1,
            "inventory_turnover_ratio": 1.31,
            "account_receivable_turnover_ratio": 1.63,
            "reinvestment_rate": 32.76,
            "research_to_sale_ratio": 8.7,
            "price_fair": 105.18,
            "eps_avg_yearly": 3.01,
            "eps_latest_yearly": 4.6,
            "eps_growth_yearly": 34.42
        },
        "20214": {
            "year_quarter": 20214,
            "year": 2021,
            "quarter": 4,
            "eps": 1.04,
            "eps_growth_year": 31.55,
            "eps_4q": 4.62,
            "eps_4q_growth_year": 60.55,
            "roe": 6.03,
            "roe_4q": 27.07,
            "gross_profit": 347262,
            "gross_margin": 39.65,
            "gross_margin_4q_avg": 42.1,
            "net_income": 191791,
            "net_income_4q": null,
            "revenue": 875843,
            "revenue_4q": null,
            "common_shares": 1849059,
            "book_valuer_per_share": 17.73,
            "book_valuer_per_share_4q_avg": 17.37,
            "equity": 3277914,
            "current_ratio": 167.76,
            "debt_ratio": 32.42,
            "inventory_turnover_ratio": 1.28,
            "account_receivable_turnover_ratio": 1.49,
            "reinvestment_rate": 42.83,
            "research_to_sale_ratio": 8.32,
            "price_fair": 109.11,
            "eps_avg_yearly": 3.12,
            "eps_latest_yearly": 4.16,
            "eps_growth_yearly": 28.1
        },
        "20221": {
            "year_quarter": 20221,
            "year": 2022,
            "quarter": 1,
            "eps": 1.18,
            "eps_growth_year": -3.28,
            "eps_4q": 4.59,
            "eps_4q_growth_year": 37.56,
            "roe": 6.42,
            "roe_4q": 26.03,
            "gross_profit": 363138,
            "gross_margin": 43.27,
            "gross_margin_4q_avg": 42.25,
            "net_income": 217481,
            "net_income_4q": null,
            "revenue": 839197,
            "revenue_4q": null,
            "common_shares": 1849059,
            "book_valuer_per_share": 18.9,
            "book_valuer_per_share_4q_avg": 17.86,
            "equity": 3495395,
            "current_ratio": 167.65,
            "debt_ratio": 32.93,
            "inventory_turnover_ratio": 1.03,
            "account_receivable_turnover_ratio": 1.59,
            "reinvestment_rate": 48.94,
            "research_to_sale_ratio": 8.45,
            "price_fair": 114.1,
            "eps_avg_yearly": 3.26,
            "eps_latest_yearly": 4.72,
            "eps_growth_yearly": 30.62
        },
        "20222": {
            "year_quarter": 20222,
            "year": 2022,
            "quarter": 2,
            "eps": 1,
            "eps_growth_year": -18.7,
            "eps_4q": 4.36,
            "eps_4q_growth_year": 13.42,
            "roe": 5.73,
            "roe_4q": 24.759999999999998,
            "gross_profit": 303299,
            "gross_margin": 41.19,
            "gross_margin_4q_avg": 41.64,
            "net_income": 184441,
            "net_income_4q": null,
            "revenue": 736276,
            "revenue_4q": null,
            "common_shares": 1849059,
            "book_valuer_per_share": 15.9,
            "book_valuer_per_share_4q_avg": 17.31,
            "equity": 2940212,
            "current_ratio": 110.24,
            "debt_ratio": 40.84,
            "inventory_turnover_ratio": 0.82,
            "account_receivable_turnover_ratio": 1.64,
            "reinvestment_rate": 51.32,
            "research_to_sale_ratio": 11.53,
            "price_fair": 103.24,
            "eps_avg_yearly": 3.32,
            "eps_latest_yearly": 4,
            "eps_growth_yearly": 21.07
        },
        "20223": {
            "year_quarter": 20223,
            "year": 2022,
            "quarter": 3,
            "eps": 0.57,
            "eps_growth_year": -50.43,
            "eps_4q": 3.78,
            "eps_4q_growth_year": -13.55,
            "roe": 3.53,
            "roe_4q": 21.71,
            "gross_profit": 221557,
            "gross_margin": 42.44,
            "gross_margin_4q_avg": 41.64,
            "net_income": 105773,
            "net_income_4q": null,
            "revenue": 522089,
            "revenue_4q": null,
            "common_shares": 1849059,
            "book_valuer_per_share": 16.47,
            "book_valuer_per_share_4q_avg": 17.25,
            "equity": 3045985,
            "current_ratio": 160.67,
            "debt_ratio": 31.91,
            "inventory_turnover_ratio": 0.55,
            "account_receivable_turnover_ratio": 1.53,
            "reinvestment_rate": 50.6,
            "research_to_sale_ratio": 17.47,
            "price_fair": 111.25,
            "eps_avg_yearly": 3.37,
            "eps_latest_yearly": 2.28,
            "eps_growth_yearly": 22.99
        },
        "20224": {
            "year_quarter": 20224,
            "year": 2022,
            "quarter": 4,
            "eps": 0.2,
            "eps_growth_year": -80.69,
            "eps_4q": 2.95,
            "eps_4q_growth_year": -36.3,
            "roe": 1.21,
            "roe_4q": 16.89,
            "gross_profit": 201013,
            "gross_margin": 39.72,
            "gross_margin_4q_avg": 41.66,
            "net_income": 37033,
            "net_income_4q": null,
            "revenue": 506067,
            "revenue_4q": null,
            "common_shares": 1849059,
            "book_valuer_per_share": 16.67,
            "book_valuer_per_share_4q_avg": 16.99,
            "equity": 3082590,
            "current_ratio": 221.27,
            "debt_ratio": 30.13,
            "inventory_turnover_ratio": 0.58,
            "account_receivable_turnover_ratio": 1.86,
            "reinvestment_rate": 5.7,
            "research_to_sale_ratio": 21.94,
            "price_fair": 42.12,
            "eps_avg_yearly": 3.32,
            "eps_latest_yearly": 0.8,
            "eps_growth_yearly": 2.71
        },
        "20231": {
            "year_quarter": 20231,
            "year": 2023,
            "quarter": 1,
            "eps": 0.06,
            "eps_growth_year": -94.92,
            "eps_4q": 1.83,
            "eps_4q_growth_year": -60.02,
            "roe": 0.38,
            "roe_4q": 10.85,
            "gross_profit": 154035,
            "gross_margin": 39.05,
            "gross_margin_4q_avg": 40.6,
            "net_income": 11750,
            "net_income_4q": null,
            "revenue": 394417,
            "revenue_4q": null,
            "common_shares": 1849059,
            "book_valuer_per_share": 16.73,
            "book_valuer_per_share_4q_avg": 16.44,
            "equity": 3094340,
            "current_ratio": 237.59,
            "debt_ratio": 29.37,
            "inventory_turnover_ratio": 0.49,
            "account_receivable_turnover_ratio": 1.52,
            "reinvestment_rate": 1.92,
            "research_to_sale_ratio": 27.25,
            "price_fair": 9.62,
            "eps_avg_yearly": 3.21,
            "eps_latest_yearly": 0.24,
            "eps_growth_yearly": -18.86
        },
        "20232": {
            "year_quarter": 20232,
            "year": 2023,
            "quarter": 2,
            "eps": 0.57,
            "eps_growth_year": -43,
            "eps_4q": 1.41,
            "eps_4q_growth_year": -67.63,
            "roe": 3.62,
            "roe_4q": 8.74,
            "gross_profit": 235781,
            "gross_margin": 39.67,
            "gross_margin_4q_avg": 40.22,
            "net_income": 106159,
            "net_income_4q": null,
            "revenue": 594323,
            "revenue_4q": null,
            "common_shares": 1849059,
            "book_valuer_per_share": 15.01,
            "book_valuer_per_share_4q_avg": 16.22,
            "equity": 2775215,
            "current_ratio": 163.7,
            "debt_ratio": 37.75,
            "inventory_turnover_ratio": 0.75,
            "account_receivable_turnover_ratio": 2.12,
            "reinvestment_rate": 0.3,
            "research_to_sale_ratio": 18,
            "price_fair": 110.34,
            "eps_avg_yearly": 3.15,
            "eps_latest_yearly": 2.28,
            "eps_growth_yearly": 179.64
        },
        "20233": {
            "year_quarter": 20233,
            "year": 2023,
            "quarter": 3,
            "eps": 0.78,
            "eps_growth_year": 36.84,
            "eps_4q": 1.62,
            "eps_4q_growth_year": -57.27,
            "roe": 5.06,
            "roe_4q": 10.27,
            "gross_profit": 307139,
            "gross_margin": 39.97,
            "gross_margin_4q_avg": 39.6,
            "net_income": 143945,
            "net_income_4q": null,
            "revenue": 768427,
            "revenue_4q": null,
            "common_shares": 1849059,
            "book_valuer_per_share": 15.79,
            "book_valuer_per_share_4q_avg": 16.05,
            "equity": 2919160,
            "current_ratio": 224,
            "debt_ratio": 34.21,
            "inventory_turnover_ratio": 0.96,
            "account_receivable_turnover_ratio": 1.73,
            "reinvestment_rate": -0.87,
            "research_to_sale_ratio": 14.73,
            "price_fair": 109.9,
            "eps_avg_yearly": 3.14,
            "eps_latest_yearly": 3.12,
            "eps_growth_yearly": 187.24
        },
        "20234": {
            "year_quarter": 20234,
            "year": 2023,
            "quarter": 4,
            "eps": 1.02,
            "eps_growth_year": 408.68,
            "eps_4q": 2.43,
            "eps_4q_growth_year": -17.35,
            "roe": 6.29,
            "roe_4q": 15.35,
            "gross_profit": 411959,
            "gross_margin": 43.97,
            "gross_margin_4q_avg": 40.67,
            "net_income": 188378,
            "net_income_4q": null,
            "revenue": 936937,
            "revenue_4q": null,
            "common_shares": 1849059,
            "book_valuer_per_share": 16.6,
            "book_valuer_per_share_4q_avg": 16.03,
            "equity": 3069341,
            "current_ratio": 255.94,
            "debt_ratio": 32.95,
            "inventory_turnover_ratio": 1.05,
            "account_receivable_turnover_ratio": 1.59,
            "reinvestment_rate": -1.65,
            "research_to_sale_ratio": 10.65,
            "price_fair": 112.88,
            "eps_avg_yearly": 3.23,
            "eps_latest_yearly": 4.08,
            "eps_growth_yearly": 199.45
        }
    },
    "months": {
        "2002-01": {
            "month": "2002-01",
            "price": "29.23",
            "revenue": 22635
        },
        "2002-02": {
            "month": "2002-02",
            "price": "43.89",
            "revenue": 13386
        },
        "2002-03": {
            "month": "2002-03",
            "price": "43.06",
            "revenue": 20133
        },
        "2002-04": {
            "month": "2002-04",
            "price": "38.66",
            "revenue": 20308
        },
        "2002-05": {
            "month": "2002-05",
            "price": "27.96",
            "revenue": 33841
        },
        "2002-06": {
            "month": "2002-06",
            "price": "27.24",
            "revenue": 46837
        },
        "2002-07": {
            "month": "2002-07",
            "price": "23.60",
            "revenue": 40402
        },
        "2002-08": {
            "month": "2002-08",
            "price": "19.51",
            "revenue": 47067
        },
        "2002-09": {
            "month": "2002-09",
            "price": "16.93",
            "revenue": 39076
        },
        "2002-10": {
            "month": "2002-10",
            "price": "17.01",
            "revenue": 26504
        },
        "2002-11": {
            "month": "2002-11",
            "price": "14.85",
            "revenue": 22326
        },
        "2002-12": {
            "month": "2002-12",
            "price": "13.46",
            "revenue": 22024
        },
        "2003-01": {
            "month": "2003-01",
            "price": "14.92",
            "revenue": 43819
        },
        "2003-02": {
            "month": "2003-02",
            "price": "21.66",
            "revenue": 49065
        },
        "2003-03": {
            "month": "2003-03",
            "price": "22.91",
            "revenue": 67308
        },
        "2003-04": {
            "month": "2003-04",
            "price": "20.10",
            "revenue": 52723
        },
        "2003-05": {
            "month": "2003-05",
            "price": "17.29",
            "revenue": 31577
        },
        "2003-06": {
            "month": "2003-06",
            "price": "18.62",
            "revenue": 31896
        },
        "2003-07": {
            "month": "2003-07",
            "price": "16.97",
            "revenue": 29395
        },
        "2003-08": {
            "month": "2003-08",
            "price": "13.27",
            "revenue": 30638
        },
        "2003-09": {
            "month": "2003-09",
            "price": "11.54",
            "revenue": 26507
        },
        "2003-10": {
            "month": "2003-10",
            "price": "11.95",
            "revenue": 30329
        },
        "2003-11": {
            "month": "2003-11",
            "price": "13.12",
            "revenue": 28458
        },
        "2003-12": {
            "month": "2003-12",
            "price": "14.14",
            "revenue": 25593
        },
        "2004-01": {
            "month": "2004-01",
            "price": "14.20",
            "revenue": 27569
        },
        "2004-02": {
            "month": "2004-02",
            "price": "17.52",
            "revenue": 37307
        },
        "2004-03": {
            "month": "2004-03",
            "price": "21.31",
            "revenue": 46605
        },
        "2004-04": {
            "month": "2004-04",
            "price": "22.73",
            "revenue": 47879
        },
        "2004-05": {
            "month": "2004-05",
            "price": "17.87",
            "revenue": 39245
        },
        "2004-06": {
            "month": "2004-06",
            "price": "15.97",
            "revenue": 53109
        },
        "2004-07": {
            "month": "2004-07",
            "price": "13.23",
            "revenue": 53009
        },
        "2004-08": {
            "month": "2004-08",
            "price": "13.92",
            "revenue": 37114
        },
        "2004-09": {
            "month": "2004-09",
            "price": "12.31",
            "revenue": 39444
        },
        "2004-10": {
            "month": "2004-10",
            "price": "10.02",
            "revenue": 40055
        },
        "2004-11": {
            "month": "2004-11",
            "price": "8.32",
            "revenue": 33262
        },
        "2004-12": {
            "month": "2004-12",
            "price": "8.17",
            "revenue": 20692
        },
        "2005-01": {
            "month": "2005-01",
            "price": "8.71",
            "revenue": 28092
        },
        "2005-02": {
            "month": "2005-02",
            "price": "8.94",
            "revenue": 29365
        },
        "2005-03": {
            "month": "2005-03",
            "price": "9.20",
            "revenue": 36308
        },
        "2005-04": {
            "month": "2005-04",
            "price": "8.36",
            "revenue": 33470
        },
        "2005-05": {
            "month": "2005-05",
            "price": "7.02",
            "revenue": 43356
        },
        "2005-06": {
            "month": "2005-06",
            "price": "7.35",
            "revenue": 46235
        },
        "2005-07": {
            "month": "2005-07",
            "price": "7.97",
            "revenue": 34846
        },
        "2005-08": {
            "month": "2005-08",
            "price": "7.53",
            "revenue": 48555
        },
        "2005-09": {
            "month": "2005-09",
            "price": "9.31",
            "revenue": 58945
        },
        "2005-10": {
            "month": "2005-10",
            "price": "12.61",
            "revenue": 54247
        },
        "2005-11": {
            "month": "2005-11",
            "price": "13.49",
            "revenue": 65750
        },
        "2005-12": {
            "month": "2005-12",
            "price": "16.70",
            "revenue": 55095
        },
        "2006-01": {
            "month": "2006-01",
            "price": "15.39",
            "revenue": 48038
        },
        "2006-02": {
            "month": "2006-02",
            "price": "14.80",
            "revenue": 58356
        },
        "2006-03": {
            "month": "2006-03",
            "price": "17.19",
            "revenue": 73936
        },
        "2006-04": {
            "month": "2006-04",
            "price": "26.57",
            "revenue": 74391
        },
        "2006-05": {
            "month": "2006-05",
            "price": "36.45",
            "revenue": 88412
        },
        "2006-06": {
            "month": "2006-06",
            "price": "35.32",
            "revenue": 104521
        },
        "2006-07": {
            "month": "2006-07",
            "price": "37.70",
            "revenue": 98064
        },
        "2006-08": {
            "month": "2006-08",
            "price": "37.63",
            "revenue": 91842
        },
        "2006-09": {
            "month": "2006-09",
            "price": "38.56",
            "revenue": 80456
        },
        "2006-10": {
            "month": "2006-10",
            "price": "45.46",
            "revenue": 75616
        },
        "2006-11": {
            "month": "2006-11",
            "price": "49.67",
            "revenue": 68180
        },
        "2006-12": {
            "month": "2006-12",
            "price": "48.51",
            "revenue": 53596
        },
        "2007-01": {
            "month": "2007-01",
            "price": "42.71",
            "revenue": 62340
        },
        "2007-02": {
            "month": "2007-02",
            "price": "43.08",
            "revenue": 58190
        },
        "2007-03": {
            "month": "2007-03",
            "price": "48.39",
            "revenue": 84746
        },
        "2007-04": {
            "month": "2007-04",
            "price": "51.88",
            "revenue": 82247
        },
        "2007-05": {
            "month": "2007-05",
            "price": "49.80",
            "revenue": 99125
        },
        "2007-06": {
            "month": "2007-06",
            "price": "51.98",
            "revenue": 87370
        },
        "2007-07": {
            "month": "2007-07",
            "price": "64.40",
            "revenue": 89173
        },
        "2007-08": {
            "month": "2007-08",
            "price": "66.81",
            "revenue": 92445
        },
        "2007-09": {
            "month": "2007-09",
            "price": "67.15",
            "revenue": 81463
        },
        "2007-10": {
            "month": "2007-10",
            "price": "64.20",
            "revenue": 86011
        },
        "2007-11": {
            "month": "2007-11",
            "price": "48.91",
            "revenue": 93456
        },
        "2007-12": {
            "month": "2007-12",
            "price": "50.24",
            "revenue": 82375
        },
        "2008-01": {
            "month": "2008-01",
            "price": "43.79",
            "revenue": 115753
        },
        "2008-02": {
            "month": "2008-02",
            "price": "41.13",
            "revenue": 102205
        },
        "2008-03": {
            "month": "2008-03",
            "price": "46.88",
            "revenue": 109525
        },
        "2008-04": {
            "month": "2008-04",
            "price": "47.47",
            "revenue": 102370
        },
        "2008-05": {
            "month": "2008-05",
            "price": "51.07",
            "revenue": 109248
        },
        "2008-06": {
            "month": "2008-06",
            "price": "44.65",
            "revenue": 114117
        },
        "2008-07": {
            "month": "2008-07",
            "price": "42.89",
            "revenue": 111847
        },
        "2008-08": {
            "month": "2008-08",
            "price": "40.12",
            "revenue": 106636
        },
        "2008-09": {
            "month": "2008-09",
            "price": "25.27",
            "revenue": 114020
        },
        "2008-10": {
            "month": "2008-10",
            "price": "20.12",
            "revenue": 105041
        },
        "2008-11": {
            "month": "2008-11",
            "price": "13.32",
            "revenue": 41855
        },
        "2008-12": {
            "month": "2008-12",
            "price": "11.75",
            "revenue": 37744
        },
        "2009-01": {
            "month": "2009-01",
            "price": "11.68",
            "revenue": 59795
        },
        "2009-02": {
            "month": "2009-02",
            "price": "12.84",
            "revenue": 65158
        },
        "2009-03": {
            "month": "2009-03",
            "price": "17.22",
            "revenue": 88446
        },
        "2009-04": {
            "month": "2009-04",
            "price": "20.22",
            "revenue": 92028
        },
        "2009-05": {
            "month": "2009-05",
            "price": "25.76",
            "revenue": 141829
        },
        "2009-06": {
            "month": "2009-06",
            "price": "36.75",
            "revenue": 177016
        },
        "2009-07": {
            "month": "2009-07",
            "price": "49.73",
            "revenue": 170648
        },
        "2009-08": {
            "month": "2009-08",
            "price": "53.38",
            "revenue": 143564
        },
        "2009-09": {
            "month": "2009-09",
            "price": "61.96",
            "revenue": 158515
        },
        "2009-10": {
            "month": "2009-10",
            "price": "66.63",
            "revenue": 167479
        },
        "2009-11": {
            "month": "2009-11",
            "price": "72.47",
            "revenue": 162906
        },
        "2009-12": {
            "month": "2009-12",
            "price": "84.83",
            "revenue": 131651
        },
        "2010-01": {
            "month": "2010-01",
            "price": "79.64",
            "revenue": 115988
        },
        "2010-02": {
            "month": "2010-02",
            "price": "71.75",
            "revenue": 127785
        },
        "2010-03": {
            "month": "2010-03",
            "price": "84.04",
            "revenue": 146487
        },
        "2010-04": {
            "month": "2010-04",
            "price": "84.42",
            "revenue": 148641
        },
        "2010-05": {
            "month": "2010-05",
            "price": "76.92",
            "revenue": 180166
        },
        "2010-06": {
            "month": "2010-06",
            "price": "78.99",
            "revenue": 156826
        },
        "2010-07": {
            "month": "2010-07",
            "price": "70.70",
            "revenue": 122716
        },
        "2010-08": {
            "month": "2010-08",
            "price": "56.02",
            "revenue": 131772
        },
        "2010-09": {
            "month": "2010-09",
            "price": "57.54",
            "revenue": 145132
        },
        "2010-10": {
            "month": "2010-10",
            "price": "61.51",
            "revenue": 176223
        },
        "2010-11": {
            "month": "2010-11",
            "price": "56.07",
            "revenue": 161423
        },
        "2010-12": {
            "month": "2010-12",
            "price": "60.88",
            "revenue": 159775
        },
        "2011-01": {
            "month": "2011-01",
            "price": "63.14",
            "revenue": 185756
        },
        "2011-02": {
            "month": "2011-02",
            "price": "74.79",
            "revenue": 186533
        },
        "2011-03": {
            "month": "2011-03",
            "price": "76.88",
            "revenue": 209127
        },
        "2011-04": {
            "month": "2011-04",
            "price": "77.95",
            "revenue": 209668
        },
        "2011-05": {
            "month": "2011-05",
            "price": "73.58",
            "revenue": 211213
        },
        "2011-06": {
            "month": "2011-06",
            "price": "73.20",
            "revenue": 172941
        },
        "2011-07": {
            "month": "2011-07",
            "price": "61.40",
            "revenue": 187346
        },
        "2011-08": {
            "month": "2011-08",
            "price": "44.66",
            "revenue": 170716
        },
        "2011-09": {
            "month": "2011-09",
            "price": "38.55",
            "revenue": 156521
        },
        "2011-10": {
            "month": "2011-10",
            "price": "39.94",
            "revenue": 144203
        },
        "2011-11": {
            "month": "2011-11",
            "price": "39.10",
            "revenue": 132707
        },
        "2011-12": {
            "month": "2011-12",
            "price": "31.41",
            "revenue": 185790
        },
        "2012-01": {
            "month": "2012-01",
            "price": "38.08",
            "revenue": 228263
        },
        "2012-02": {
            "month": "2012-02",
            "price": "47.81",
            "revenue": 222038
        },
        "2012-03": {
            "month": "2012-03",
            "price": "52.95",
            "revenue": 242278
        },
        "2012-04": {
            "month": "2012-04",
            "price": "51.28",
            "revenue": 232680
        },
        "2012-05": {
            "month": "2012-05",
            "price": "49.33",
            "revenue": 193359
        },
        "2012-06": {
            "month": "2012-06",
            "price": "44.99",
            "revenue": 220157
        },
        "2012-07": {
            "month": "2012-07",
            "price": "47.89",
            "revenue": 170053
        },
        "2012-08": {
            "month": "2012-08",
            "price": "43.76",
            "revenue": 182880
        },
        "2012-09": {
            "month": "2012-09",
            "price": "42.62",
            "revenue": 122626
        },
        "2012-10": {
            "month": "2012-10",
            "price": "35.66",
            "revenue": 134730
        },
        "2012-11": {
            "month": "2012-11",
            "price": "31.76",
            "revenue": 137119
        },
        "2012-12": {
            "month": "2012-12",
            "price": "34.43",
            "revenue": 162339
        },
        "2013-01": {
            "month": "2013-01",
            "price": "35.99",
            "revenue": 150360
        },
        "2013-02": {
            "month": "2013-02",
            "price": "33.65",
            "revenue": 184250
        },
        "2013-03": {
            "month": "2013-03",
            "price": "32.76",
            "revenue": 204040
        },
        "2013-04": {
            "month": "2013-04",
            "price": "34.56",
            "revenue": 243004
        },
        "2013-05": {
            "month": "2013-05",
            "price": "36.48",
            "revenue": 251817
        },
        "2013-06": {
            "month": "2013-06",
            "price": "37.22",
            "revenue": 222833
        },
        "2013-07": {
            "month": "2013-07",
            "price": "33.76",
            "revenue": 160054
        },
        "2013-08": {
            "month": "2013-08",
            "price": "33.08",
            "revenue": 167331
        },
        "2013-09": {
            "month": "2013-09",
            "price": "31.36",
            "revenue": 158778
        },
        "2013-10": {
            "month": "2013-10",
            "price": "30.39",
            "revenue": 140485
        },
        "2013-11": {
            "month": "2013-11",
            "price": "27.57",
            "revenue": 127031
        },
        "2013-12": {
            "month": "2013-12",
            "price": "28.50",
            "revenue": 140410
        },
        "2014-01": {
            "month": "2014-01",
            "price": "29.94",
            "revenue": 136834
        },
        "2014-02": {
            "month": "2014-02",
            "price": "28.99",
            "revenue": 116686
        },
        "2014-03": {
            "month": "2014-03",
            "price": "29.48",
            "revenue": 122583
        },
        "2014-04": {
            "month": "2014-04",
            "price": "30.21",
            "revenue": 163784
        },
        "2014-05": {
            "month": "2014-05",
            "price": "32.82",
            "revenue": 178685
        },
        "2014-06": {
            "month": "2014-06",
            "price": "33.45",
            "revenue": 184112
        },
        "2014-07": {
            "month": "2014-07",
            "price": "31.15",
            "revenue": 207038
        },
        "2014-08": {
            "month": "2014-08",
            "price": "30.33",
            "revenue": 218281
        },
        "2014-09": {
            "month": "2014-09",
            "price": "32.06",
            "revenue": 180165
        },
        "2014-10": {
            "month": "2014-10",
            "price": "27.60",
            "revenue": 198670
        },
        "2014-11": {
            "month": "2014-11",
            "price": "27.72",
            "revenue": 174879
        },
        "2014-12": {
            "month": "2014-12",
            "price": "28.33",
            "revenue": 191653
        },
        "2015-01": {
            "month": "2015-01",
            "price": "31.87",
            "revenue": 153003
        },
        "2015-02": {
            "month": "2015-02",
            "price": "32.86",
            "revenue": 178401
        },
        "2015-03": {
            "month": "2015-03",
            "price": "37.90",
            "revenue": 193400
        },
        "2015-04": {
            "month": "2015-04",
            "price": "37.60",
            "revenue": 199940
        },
        "2015-05": {
            "month": "2015-05",
            "price": "39.52",
            "revenue": 188854
        },
        "2015-06": {
            "month": "2015-06",
            "price": "45.79",
            "revenue": 261357
        },
        "2015-07": {
            "month": "2015-07",
            "price": "47.29",
            "revenue": 210327
        },
        "2015-08": {
            "month": "2015-08",
            "price": "38.28",
            "revenue": 192442
        },
        "2015-09": {
            "month": "2015-09",
            "price": "38.85",
            "revenue": 187025
        },
        "2015-10": {
            "month": "2015-10",
            "price": "40.02",
            "revenue": 174233
        },
        "2015-11": {
            "month": "2015-11",
            "price": "37.71",
            "revenue": 200158
        },
        "2015-12": {
            "month": "2015-12",
            "price": "45.51",
            "revenue": 254890
        },
        "2016-01": {
            "month": "2016-01",
            "price": "47.73",
            "revenue": 221675
        },
        "2016-02": {
            "month": "2016-02",
            "price": "50.83",
            "revenue": 188226
        },
        "2016-03": {
            "month": "2016-03",
            "price": "53.78",
            "revenue": 253367
        },
        "2016-04": {
            "month": "2016-04",
            "price": "51.03",
            "revenue": 208838
        },
        "2016-05": {
            "month": "2016-05",
            "price": "47.45",
            "revenue": 252692
        },
        "2016-06": {
            "month": "2016-06",
            "price": "49.44",
            "revenue": 163735
        },
        "2016-07": {
            "month": "2016-07",
            "price": "42.61",
            "revenue": 164061
        },
        "2016-08": {
            "month": "2016-08",
            "price": "40.88",
            "revenue": 161289
        },
        "2016-09": {
            "month": "2016-09",
            "price": "43.11",
            "revenue": 134240
        },
        "2016-10": {
            "month": "2016-10",
            "price": "46.43",
            "revenue": 164323
        },
        "2016-11": {
            "month": "2016-11",
            "price": "43.48",
            "revenue": 145821
        },
        "2016-12": {
            "month": "2016-12",
            "price": "47.74",
            "revenue": 124558
        },
        "2017-01": {
            "month": "2017-01",
            "price": "48.82",
            "revenue": 157902
        },
        "2017-02": {
            "month": "2017-02",
            "price": "57.24",
            "revenue": 137160
        },
        "2017-03": {
            "month": "2017-03",
            "price": "57.31",
            "revenue": 198095
        },
        "2017-04": {
            "month": "2017-04",
            "price": "55.48",
            "revenue": 183311
        },
        "2017-05": {
            "month": "2017-05",
            "price": "56.54",
            "revenue": 191958
        },
        "2017-06": {
            "month": "2017-06",
            "price": "60.64",
            "revenue": 187978
        },
        "2017-07": {
            "month": "2017-07",
            "price": "63.78",
            "revenue": 159251
        },
        "2017-08": {
            "month": "2017-08",
            "price": "64.40",
            "revenue": 165747
        },
        "2017-09": {
            "month": "2017-09",
            "price": "59.54",
            "revenue": 174931
        },
        "2017-10": {
            "month": "2017-10",
            "price": "64.19",
            "revenue": 186023
        },
        "2017-11": {
            "month": "2017-11",
            "price": "82.45",
            "revenue": 200219
        },
        "2017-12": {
            "month": "2017-12",
            "price": "102.71",
            "revenue": 194534
        },
        "2018-01": {
            "month": "2018-01",
            "price": "104.70",
            "revenue": 209421
        },
        "2018-02": {
            "month": "2018-02",
            "price": "109.12",
            "revenue": 174631
        },
        "2018-03": {
            "month": "2018-03",
            "price": "123.07",
            "revenue": 178827
        },
        "2018-04": {
            "month": "2018-04",
            "price": "104.84",
            "revenue": 189331
        },
        "2018-05": {
            "month": "2018-05",
            "price": "103.35",
            "revenue": 190062
        },
        "2018-06": {
            "month": "2018-06",
            "price": "115.65",
            "revenue": 172834
        },
        "2018-07": {
            "month": "2018-07",
            "price": "102.76",
            "revenue": 150812
        },
        "2018-08": {
            "month": "2018-08",
            "price": "91.35",
            "revenue": 175224
        },
        "2018-09": {
            "month": "2018-09",
            "price": "84.85",
            "revenue": 132378
        },
        "2018-10": {
            "month": "2018-10",
            "price": "63.55",
            "revenue": 179157
        },
        "2018-11": {
            "month": "2018-11",
            "price": "57.12",
            "revenue": 166511
        },
        "2018-12": {
            "month": "2018-12",
            "price": "60.20",
            "revenue": 142933
        },
        "2019-01": {
            "month": "2019-01",
            "price": "64.79",
            "revenue": 142855
        },
        "2019-02": {
            "month": "2019-02",
            "price": "69.41",
            "revenue": 136370
        },
        "2019-03": {
            "month": "2019-03",
            "price": "80.90",
            "revenue": 192082
        },
        "2019-04": {
            "month": "2019-04",
            "price": "91.72",
            "revenue": 210175
        },
        "2019-05": {
            "month": "2019-05",
            "price": "79.23",
            "revenue": 202003
        },
        "2019-06": {
            "month": "2019-06",
            "price": "76.47",
            "revenue": 206141
        },
        "2019-07": {
            "month": "2019-07",
            "price": "94.57",
            "revenue": 246921
        },
        "2019-08": {
            "month": "2019-08",
            "price": "97.27",
            "revenue": 233977
        },
        "2019-09": {
            "month": "2019-09",
            "price": "104.37",
            "revenue": 217087
        },
        "2019-10": {
            "month": "2019-10",
            "price": "115.83",
            "revenue": 276836
        },
        "2019-11": {
            "month": "2019-11",
            "price": "122.86",
            "revenue": 241033
        },
        "2019-12": {
            "month": "2019-12",
            "price": "113.00",
            "revenue": 225429
        },
        "2020-01": {
            "month": "2020-01",
            "price": "111.67",
            "revenue": 217250
        },
        "2020-02": {
            "month": "2020-02",
            "price": "105.60",
            "revenue": 208324
        },
        "2020-03": {
            "month": "2020-03",
            "price": "83.12",
            "revenue": 224061
        },
        "2020-04": {
            "month": "2020-04",
            "price": "85.67",
            "revenue": 197081
        },
        "2020-05": {
            "month": "2020-05",
            "price": "88.71",
            "revenue": 193321
        },
        "2020-06": {
            "month": "2020-06",
            "price": "89.03",
            "revenue": 203343
        },
        "2020-07": {
            "month": "2020-07",
            "price": "92.58",
            "revenue": 216211
        },
        "2020-08": {
            "month": "2020-08",
            "price": "82.66",
            "revenue": 208044
        },
        "2020-09": {
            "month": "2020-09",
            "price": "80.51",
            "revenue": 220135
        },
        "2020-10": {
            "month": "2020-10",
            "price": "83.59",
            "revenue": 229601
        },
        "2020-11": {
            "month": "2020-11",
            "price": "88.11",
            "revenue": 238210
        },
        "2020-12": {
            "month": "2020-12",
            "price": "106.82",
            "revenue": 289420
        },
        "2021-01": {
            "month": "2021-01",
            "price": "115.25",
            "revenue": 273020
        },
        "2021-02": {
            "month": "2021-02",
            "price": "109.35",
            "revenue": 274574
        },
        "2021-03": {
            "month": "2021-03",
            "price": "108.57",
            "revenue": 341623
        },
        "2021-04": {
            "month": "2021-04",
            "price": "120.53",
            "revenue": 288878
        },
        "2021-05": {
            "month": "2021-05",
            "price": "103.98",
            "revenue": 288522
        },
        "2021-06": {
            "month": "2021-06",
            "price": "122.67",
            "revenue": 318661
        },
        "2021-07": {
            "month": "2021-07",
            "price": "141.30",
            "revenue": 290471
        },
        "2021-08": {
            "month": "2021-08",
            "price": "124.82",
            "revenue": 315199
        },
        "2021-09": {
            "month": "2021-09",
            "price": "128.52",
            "revenue": 341730
        },
        "2021-10": {
            "month": "2021-10",
            "price": "126.10",
            "revenue": 302871
        },
        "2021-11": {
            "month": "2021-11",
            "price": "139.68",
            "revenue": 303209
        },
        "2021-12": {
            "month": "2021-12",
            "price": "143.32",
            "revenue": 269763
        },
        "2022-01": {
            "month": "2022-01",
            "price": "130.47",
            "revenue": 290401
        },
        "2022-02": {
            "month": "2022-02",
            "price": "120.60",
            "revenue": 262538
        },
        "2022-03": {
            "month": "2022-03",
            "price": "115.96",
            "revenue": 286258
        },
        "2022-04": {
            "month": "2022-04",
            "price": "95.56",
            "revenue": 256100
        },
        "2022-05": {
            "month": "2022-05",
            "price": "90.25",
            "revenue": 225721
        },
        "2022-06": {
            "month": "2022-06",
            "price": "88.20",
            "revenue": 254455
        },
        "2022-07": {
            "month": "2022-07",
            "price": "71.13",
            "revenue": 190831
        },
        "2022-08": {
            "month": "2022-08",
            "price": "70.48",
            "revenue": 173020
        },
        "2022-09": {
            "month": "2022-09",
            "price": "64.12",
            "revenue": 158239
        },
        "2022-10": {
            "month": "2022-10",
            "price": "57.12",
            "revenue": 175235
        },
        "2022-11": {
            "month": "2022-11",
            "price": "68.81",
            "revenue": 147708
        },
        "2022-12": {
            "month": "2022-12",
            "price": "70.64",
            "revenue": 183123
        },
        "2023-01": {
            "month": "2023-01",
            "price": "78.38",
            "revenue": 112004
        },
        "2023-02": {
            "month": "2023-02",
            "price": "85.37",
            "revenue": 98236
        },
        "2023-03": {
            "month": "2023-03",
            "price": "86.93",
            "revenue": 184177
        },
        "2023-04": {
            "month": "2023-04",
            "price": "95.35",
            "revenue": 157232
        },
        "2023-05": {
            "month": "2023-05",
            "price": "96.92",
            "revenue": 220638
        },
        "2023-06": {
            "month": "2023-06",
            "price": "120.15",
            "revenue": 216453
        },
        "2023-07": {
            "month": "2023-07",
            "price": "119.88",
            "revenue": 224340
        },
        "2023-08": {
            "month": "2023-08",
            "price": "128.93",
            "revenue": 257156
        },
        "2023-09": {
            "month": "2023-09",
            "price": "148.82",
            "revenue": 286930
        },
        "2023-10": {
            "month": "2023-10",
            "price": "149.15",
            "revenue": 316680
        },
        "2023-11": {
            "month": "2023-11",
            "price": "157.16",
            "revenue": 325709
        },
        "2023-12": {
            "month": "2023-12",
            "price": "161.74",
            "revenue": 294549
        },
        "2024-01": {
            "month": "2024-01",
            "price": "130.07",
            "revenue": 277694
        },
        "2024-02": {
            "month": "2024-02",
            "price": "154.23",
            "revenue": 263703
        }
    }
}
