{
    "summary": {
        "stock_name": "奇力新",
        "stock_id": "2456",
        "category": "電子零組件",
        "main_business": "電氣器材之製造<br>金屬粉末加工及製造<br>電氣器材生產設備之製造及組裝",
        "website_url": "http://www.chilisin.com",
        "ceo": "郭耀井",
        "pe_ratio": 21,
        "report_year_from": 2001,
        "report_year_to": 2021,
        "age": 22,
        "eps_negative_percentage": 0,
        "eps_growth_avg": {
            "last_all": 10.23,
            "last_2y": -20.55,
            "last_4y": 6.06,
            "last_8y": 18.59,
            "last_12y": 21.56,
            "last_16y": 13.37,
            "last_20y": null,
            "at_2006_last_3y": 16.75,
            "at_2007_last_3y": 7.75,
            "at_2008_last_3y": -13.27,
            "at_2009_last_3y": -7.55,
            "at_2010_last_3y": 14.04,
            "at_2011_last_3y": 6.12,
            "at_2012_last_3y": 28.26,
            "at_2013_last_3y": 20.48,
            "at_2014_last_3y": 7.98,
            "at_2015_last_3y": 34.03,
            "at_2016_last_3y": 34.25,
            "at_2017_last_3y": 38.21,
            "at_2018_last_3y": 43.59,
            "at_2019_last_3y": 13.9,
            "at_2020_last_3y": 15.26,
            "at_2021_last_3y": 2.46,
            "at_2022_last_3y": 2.46,
            "at_2023_last_3y": 2.46,
            "at_2006_last_all": 0.75,
            "at_2007_last_all": -1.21,
            "at_2008_last_all": -10.83,
            "at_2009_last_all": -5.01,
            "at_2010_last_all": 6.66,
            "at_2011_last_all": 1.72,
            "at_2012_last_all": 3.38,
            "at_2013_last_all": 3.49,
            "at_2014_last_all": 7.06,
            "at_2015_last_all": 10.96,
            "at_2016_last_all": 11.62,
            "at_2017_last_all": 12.17,
            "at_2018_last_all": 15.66,
            "at_2019_last_all": 11.61,
            "at_2020_last_all": 12.38,
            "at_2021_last_all": 10.23,
            "at_2022_last_all": 10.23,
            "at_2023_last_all": 10.23
        },
        "latest_eps": 4.61,
        "latest_price": 94.6,
        "latest_roe": 5.04,
        "latest_gross_margin": 28.9,
        "latest_equity": 25875730,
        "latest_revenue": 4448082,
        "latest_gross_profit": 1285456,
        "latest_net_income": 188716,
        "latest_debt_ratio": 32.46,
        "latest_current_ratio": 192.77,
        "latest_account_receivable_turnover_ratio": 0.7,
        "latest_inventory_turnover_ratio": 0.94,
        "latest_reinvestment_rate": 28.16,
        "latest_research_to_sale_ratio": 4.2
    },
    "eps_dividends": {
        "2000": {
            "cash": 0.37,
            "stock": 0.5,
            "eps": 0
        },
        "2001": {
            "cash": 1,
            "stock": 0.5,
            "eps": 2.94
        },
        "2002": {
            "cash": 1,
            "stock": 1,
            "eps": 1.08
        },
        "2003": {
            "cash": 0.8,
            "stock": 0,
            "eps": 1.35
        },
        "2004": {
            "cash": 0.8,
            "stock": 0.2,
            "eps": 1.56
        },
        "2005": {
            "cash": 1,
            "stock": 0.2,
            "eps": 1.76
        },
        "2006": {
            "cash": 1.19,
            "stock": 0.1,
            "eps": 2
        },
        "2007": {
            "cash": 1.3,
            "stock": 0.1,
            "eps": 1.78
        },
        "2008": {
            "cash": 1,
            "stock": 0.2,
            "eps": 0.56
        },
        "2009": {
            "cash": 0.3,
            "stock": 0,
            "eps": 0.76
        },
        "2010": {
            "cash": 0.5,
            "stock": 0,
            "eps": 2.53
        },
        "2011": {
            "cash": 1.6,
            "stock": 0,
            "eps": 1.45
        },
        "2012": {
            "cash": 0,
            "stock": 0,
            "eps": 1.74
        },
        "2013": {
            "cash": 0.2,
            "stock": 0,
            "eps": 1.82
        },
        "2014": {
            "cash": 0.2,
            "stock": 0,
            "eps": 2.73
        },
        "2015": {
            "cash": 2.5,
            "stock": 0,
            "eps": 4.41
        },
        "2016": {
            "cash": 3.2,
            "stock": 0,
            "eps": 5.33
        },
        "2017": {
            "cash": 4,
            "stock": 0,
            "eps": 6.42
        },
        "2018": {
            "cash": 2,
            "stock": 0,
            "eps": 11.01
        },
        "2019": {
            "cash": 8,
            "stock": 0,
            "eps": 4.71
        },
        "2020": {
            "cash": 3.5,
            "stock": 0,
            "eps": 5.95
        },
        "2021": {
            "cash": 2,
            "stock": 0,
            "eps": 4.12
        }
    },
    "dividends": {
        "2000-07-12": {
            "cash": 0.37,
            "stock": 0.5
        },
        "2001-07-11": {
            "cash": 1,
            "stock": 0.5
        },
        "2002-06-18": {
            "cash": 1,
            "stock": 1
        },
        "2003-04-01": {
            "cash": 0.8,
            "stock": 0
        },
        "2004-04-22": {
            "cash": 0.8,
            "stock": 0.2
        },
        "2005-04-25": {
            "cash": 1,
            "stock": 0.2
        },
        "2006-04-28": {
            "cash": 1.19,
            "stock": 0.1
        },
        "2007-05-02": {
            "cash": 1.3,
            "stock": 0.1
        },
        "2008-05-05": {
            "cash": 1,
            "stock": 0.2
        },
        "2009-04-29": {
            "cash": 0.3,
            "stock": 0
        },
        "2010-04-26": {
            "cash": 0.5,
            "stock": 0
        },
        "2011-01-01": {
            "cash": 0.4,
            "stock": 0
        },
        "2011-04-29": {
            "cash": 1.2,
            "stock": 0
        },
        "2013-03-15": {
            "cash": 0.2,
            "stock": 0
        },
        "2014-08-15": {
            "cash": 0.2,
            "stock": 0
        },
        "2015-07-31": {
            "cash": 2.5,
            "stock": 0
        },
        "2016-07-29": {
            "cash": 3.2,
            "stock": 0
        },
        "2017-08-16": {
            "cash": 4,
            "stock": 0
        },
        "2018-07-27": {
            "cash": 2,
            "stock": 0
        },
        "2019-07-26": {
            "cash": 8,
            "stock": 0
        },
        "2020-07-29": {
            "cash": 3.5,
            "stock": 0
        },
        "2021-08-27": {
            "cash": 2,
            "stock": 0
        }
    },
    "prices": {
        "200101": "無",
        "200102": "無",
        "200103": "無",
        "200104": "無",
        "200105": "無",
        "200106": "無",
        "200107": "無",
        "200108": "無",
        "200109": "30.10",
        "200110": "24.31",
        "200111": "33.16",
        "200112": "42.05",
        "200201": "43.66",
        "200202": "40.67",
        "200203": "47.00",
        "200204": "52.21",
        "200205": "35.92",
        "200206": "29.44",
        "200207": "24.00",
        "200208": "24.99",
        "200209": "16.32",
        "200210": "15.58",
        "200211": "16.47",
        "200212": "17.56",
        "200301": "16.18",
        "200302": "15.90",
        "200303": "14.70",
        "200304": "13.94",
        "200305": "13.19",
        "200306": "16.43",
        "200307": "18.85",
        "200308": "16.47",
        "200309": "16.41",
        "200310": "16.90",
        "200311": "19.71",
        "200312": "20.93",
        "200401": "20.85",
        "200402": "22.96",
        "200403": "22.73",
        "200404": "23.84",
        "200405": "20.58",
        "200406": "18.63",
        "200407": "17.15",
        "200408": "16.23",
        "200409": "15.69",
        "200410": "13.89",
        "200411": "12.83",
        "200412": "12.67",
        "200501": "12.35",
        "200502": "13.15",
        "200503": "13.79",
        "200504": "13.84",
        "200505": "13.75",
        "200506": "15.08",
        "200507": "16.31",
        "200508": "15.41",
        "200509": "14.65",
        "200510": "14.33",
        "200511": "13.58",
        "200512": "15.58",
        "200601": "19.65",
        "200602": "17.72",
        "200603": "17.86",
        "200604": "20.37",
        "200605": "19.35",
        "200606": "16.52",
        "200607": "16.58",
        "200608": "17.31",
        "200609": "17.59",
        "200610": "17.39",
        "200611": "18.25",
        "200612": "18.79",
        "200701": "22.24",
        "200702": "22.88",
        "200703": "24.12",
        "200704": "27.38",
        "200705": "26.15",
        "200706": "30.82",
        "200707": "31.92",
        "200708": "27.93",
        "200709": "25.46",
        "200710": "24.47",
        "200711": "20.27",
        "200712": "18.44",
        "200801": "15.77",
        "200802": "15.29",
        "200803": "15.79",
        "200804": "16.64",
        "200805": "16.69",
        "200806": "15.26",
        "200807": "13.30",
        "200808": "13.31",
        "200809": "10.64",
        "200810": "8.73",
        "200811": "7.22",
        "200812": "7.10",
        "200901": "7.01",
        "200902": "6.98",
        "200903": "8.17",
        "200904": "10.16",
        "200905": "11.26",
        "200906": "10.37",
        "200907": "11.29",
        "200908": "12.32",
        "200909": "13.19",
        "200910": "16.19",
        "200911": "15.93",
        "200912": "19.68",
        "201001": "23.48",
        "201002": "24.98",
        "201003": "29.35",
        "201004": "31.20",
        "201005": "31.10",
        "201006": "30.19",
        "201007": "31.82",
        "201008": "32.33",
        "201009": "30.71",
        "201010": "28.03",
        "201011": "26.65",
        "201012": "28.71",
        "201101": "29.45",
        "201102": "27.33",
        "201103": "26.38",
        "201104": "28.29",
        "201105": "24.37",
        "201106": "22.96",
        "201107": "19.76",
        "201108": "15.58",
        "201109": "14.80",
        "201110": "14.51",
        "201111": "13.39",
        "201112": "12.00",
        "201201": "12.99",
        "201202": "16.38",
        "201203": "17.42",
        "201204": "15.46",
        "201205": "14.94",
        "201206": "14.51",
        "201207": "14.49",
        "201208": "15.44",
        "201209": "17.44",
        "201210": "16.60",
        "201211": "15.40",
        "201212": "16.07",
        "201301": "16.98",
        "201302": "17.77",
        "201303": "17.34",
        "201304": "16.71",
        "201305": "17.40",
        "201306": "17.23",
        "201307": "16.73",
        "201308": "17.23",
        "201309": "22.20",
        "201310": "26.42",
        "201311": "27.68",
        "201312": "28.15",
        "201401": "30.34",
        "201402": "29.11",
        "201403": "29.78",
        "201404": "27.06",
        "201405": "24.79",
        "201406": "27.46",
        "201407": "29.83",
        "201408": "29.95",
        "201409": "33.72",
        "201410": "28.05",
        "201411": "28.16",
        "201412": "32.89",
        "201501": "36.12",
        "201502": "44.96",
        "201503": "49.93",
        "201504": "57.06",
        "201505": "68.98",
        "201506": "66.08",
        "201507": "55.21",
        "201508": "46.07",
        "201509": "44.73",
        "201510": "46.61",
        "201511": "51.53",
        "201512": "59.26",
        "201601": "65.41",
        "201602": "67.28",
        "201603": "61.78",
        "201604": "56.64",
        "201605": "52.98",
        "201606": "57.25",
        "201607": "61.84",
        "201608": "68.92",
        "201609": "70.86",
        "201610": "72.84",
        "201611": "68.41",
        "201612": "71.66",
        "201701": "71.33",
        "201702": "80.79",
        "201703": "78.81",
        "201704": "75.86",
        "201705": "83.76",
        "201706": "85.67",
        "201707": "78.40",
        "201708": "78.93",
        "201709": "86.30",
        "201710": "93.31",
        "201711": "103.41",
        "201712": "93.05",
        "201801": "100.33",
        "201802": "91.95",
        "201803": "99.20",
        "201804": "104.32",
        "201805": "120.52",
        "201806": "176.00",
        "201807": "162.05",
        "201808": "112.07",
        "201809": "95.38",
        "201810": "86.75",
        "201811": "80.86",
        "201812": "85.38",
        "201901": "79.99",
        "201902": "90.28",
        "201903": "88.45",
        "201904": "100.62",
        "201905": "89.04",
        "201906": "85.32",
        "201907": "87.44",
        "201908": "75.94",
        "201909": "82.17",
        "201910": "86.86",
        "201911": "90.42",
        "201912": "110.66",
        "202001": "127.03",
        "202002": "124.58",
        "202003": "88.55",
        "202004": "98.26",
        "202005": "101.78",
        "202006": "96.02",
        "202007": "91.30",
        "202008": "100.37",
        "202009": "96.98",
        "202010": "102.42",
        "202011": "120.02",
        "202012": "122.83",
        "202101": "108.18",
        "202102": "106.12",
        "202103": "107.77",
        "202104": "108.24",
        "202105": "96.20",
        "202106": "98.84",
        "202107": "112.45",
        "202108": "96.92",
        "202109": "90.52",
        "202110": "82.14",
        "202111": "87.08",
        "202112": "91.08",
        "202201": "無",
        "202202": "無",
        "202203": "無",
        "202204": "無",
        "202205": "無",
        "202206": "無",
        "202207": "無",
        "202208": "無",
        "202209": "無",
        "202210": "無",
        "202211": "無",
        "202212": "無",
        "202301": "無",
        "202302": "無",
        "202303": "無",
        "202304": "無",
        "202305": "無",
        "202306": "無",
        "202307": "無",
        "202308": "無",
        "202309": "無"
    },
    "quarters": {
        "20011": {
            "year_quarter": 20011,
            "year": 2001,
            "quarter": 1,
            "eps": 0.72,
            "eps_growth_year": -13.25,
            "eps_4q": 2.02,
            "eps_4q_growth_year": null,
            "roe": 5.56,
            "roe_4q": 5.56,
            "gross_profit": 60643,
            "gross_margin": 24.91,
            "gross_margin_4q_avg": 24.91,
            "net_income": 61024,
            "revenue": 243434,
            "common_shares": 844800,
            "book_valuer_per_share": 13.34,
            "book_valuer_per_share_4q_avg": 13.34,
            "equity": 1127161,
            "current_ratio": 212.27,
            "debt_ratio": 21.45,
            "inventory_turnover_ratio": 0.67,
            "account_receivable_turnover_ratio": null,
            "reinvestment_rate": null,
            "research_to_sale_ratio": null,
            "price_fair": 0,
            "eps_avg_yearly": 0,
            "eps_latest_yearly": 0,
            "eps_growth_yearly": 0
        },
        "20012": {
            "year_quarter": 20012,
            "year": 2001,
            "quarter": 2,
            "eps": 0.68,
            "eps_growth_year": 38.78,
            "eps_4q": 2.13,
            "eps_4q_growth_year": null,
            "roe": 5.5,
            "roe_4q": 11.059999999999999,
            "gross_profit": 53208,
            "gross_margin": 25,
            "gross_margin_4q_avg": 24.96,
            "net_income": 61526,
            "revenue": 212807,
            "common_shares": 844800,
            "book_valuer_per_share": 13.13,
            "book_valuer_per_share_4q_avg": 13.24,
            "equity": 1109322,
            "current_ratio": 165.19,
            "debt_ratio": 25.36,
            "inventory_turnover_ratio": 0.67,
            "account_receivable_turnover_ratio": null,
            "reinvestment_rate": null,
            "research_to_sale_ratio": null,
            "price_fair": 0,
            "eps_avg_yearly": 0,
            "eps_latest_yearly": 0,
            "eps_growth_yearly": 0
        },
        "20013": {
            "year_quarter": 20013,
            "year": 2001,
            "quarter": 3,
            "eps": 0.81,
            "eps_growth_year": 88.37,
            "eps_4q": 2.55,
            "eps_4q_growth_year": null,
            "roe": 6.36,
            "roe_4q": 17.419999999999998,
            "gross_profit": 70869,
            "gross_margin": 27.19,
            "gross_margin_4q_avg": 25.7,
            "net_income": 72852,
            "revenue": 260675,
            "common_shares": 903000,
            "book_valuer_per_share": 13.09,
            "book_valuer_per_share_4q_avg": 13.19,
            "equity": 1182174,
            "current_ratio": 151.42,
            "debt_ratio": 25.11,
            "inventory_turnover_ratio": 0.84,
            "account_receivable_turnover_ratio": null,
            "reinvestment_rate": null,
            "research_to_sale_ratio": null,
            "price_fair": 0,
            "eps_avg_yearly": 0,
            "eps_latest_yearly": 0,
            "eps_growth_yearly": 0
        },
        "20014": {
            "year_quarter": 20014,
            "year": 2001,
            "quarter": 4,
            "eps": 0.73,
            "eps_growth_year": 82.5,
            "eps_4q": 2.9,
            "eps_4q_growth_year": 39.98,
            "roe": 5.41,
            "roe_4q": 22.83,
            "gross_profit": 52692,
            "gross_margin": 24.88,
            "gross_margin_4q_avg": 25.5,
            "net_income": 65823,
            "revenue": 211787,
            "common_shares": 903000,
            "book_valuer_per_share": 13.86,
            "book_valuer_per_share_4q_avg": 13.36,
            "equity": 1251689,
            "current_ratio": 184.5,
            "debt_ratio": 28.46,
            "inventory_turnover_ratio": 0.55,
            "account_receivable_turnover_ratio": null,
            "reinvestment_rate": null,
            "research_to_sale_ratio": null,
            "price_fair": 0,
            "eps_avg_yearly": 0,
            "eps_latest_yearly": 0,
            "eps_growth_yearly": 0
        },
        "20021": {
            "year_quarter": 20021,
            "year": 2002,
            "quarter": 1,
            "eps": 0.38,
            "eps_growth_year": -47.22,
            "eps_4q": 2.6,
            "eps_4q_growth_year": 28.79,
            "roe": 2.7,
            "roe_4q": 19.97,
            "gross_profit": 49476,
            "gross_margin": 22.76,
            "gross_margin_4q_avg": 24.96,
            "net_income": 34260,
            "revenue": 217371,
            "common_shares": 903000,
            "book_valuer_per_share": 14.24,
            "book_valuer_per_share_4q_avg": 13.58,
            "equity": 1285949,
            "current_ratio": 151.33,
            "debt_ratio": 29.43,
            "inventory_turnover_ratio": 0.56,
            "account_receivable_turnover_ratio": null,
            "reinvestment_rate": null,
            "research_to_sale_ratio": null,
            "price_fair": 4.56,
            "eps_avg_yearly": 1.52,
            "eps_latest_yearly": 1.52,
            "eps_growth_yearly": -191.78
        },
        "20022": {
            "year_quarter": 20022,
            "year": 2002,
            "quarter": 2,
            "eps": 0.29,
            "eps_growth_year": -57.35,
            "eps_4q": 2.22,
            "eps_4q_growth_year": 4.09,
            "roe": 2.08,
            "roe_4q": 16.55,
            "gross_profit": 47434,
            "gross_margin": 22.93,
            "gross_margin_4q_avg": 24.44,
            "net_income": 25979,
            "revenue": 206888,
            "common_shares": 903000,
            "book_valuer_per_share": 13.37,
            "book_valuer_per_share_4q_avg": 13.64,
            "equity": 1207204,
            "current_ratio": 327.88,
            "debt_ratio": 48.04,
            "inventory_turnover_ratio": 0.65,
            "account_receivable_turnover_ratio": null,
            "reinvestment_rate": null,
            "research_to_sale_ratio": null,
            "price_fair": 4.02,
            "eps_avg_yearly": 1.34,
            "eps_latest_yearly": 1.16,
            "eps_growth_yearly": -143.26
        },
        "20023": {
            "year_quarter": 20023,
            "year": 2002,
            "quarter": 3,
            "eps": 0.28,
            "eps_growth_year": -65.43,
            "eps_4q": 1.53,
            "eps_4q_growth_year": -39.91,
            "roe": 2.31,
            "roe_4q": 12.5,
            "gross_profit": 45004,
            "gross_margin": 19.5,
            "gross_margin_4q_avg": 22.52,
            "net_income": 28152,
            "revenue": 230843,
            "common_shares": 1016800,
            "book_valuer_per_share": 12.15,
            "book_valuer_per_share_4q_avg": 13.41,
            "equity": 1235393,
            "current_ratio": 257.11,
            "debt_ratio": 48.21,
            "inventory_turnover_ratio": 0.77,
            "account_receivable_turnover_ratio": null,
            "reinvestment_rate": null,
            "research_to_sale_ratio": null,
            "price_fair": 3.8,
            "eps_avg_yearly": 1.27,
            "eps_latest_yearly": 1.12,
            "eps_growth_yearly": -100.1
        },
        "20024": {
            "year_quarter": 20024,
            "year": 2002,
            "quarter": 4,
            "eps": 0.13,
            "eps_growth_year": -82.19,
            "eps_4q": 1.03,
            "eps_4q_growth_year": -64.54,
            "roe": 1.03,
            "roe_4q": 8.120000000000001,
            "gross_profit": 37956,
            "gross_margin": 16.74,
            "gross_margin_4q_avg": 20.48,
            "net_income": 12804,
            "revenue": 226778,
            "common_shares": 1016800,
            "book_valuer_per_share": 12.4,
            "book_valuer_per_share_4q_avg": 13.04,
            "equity": 1260938,
            "current_ratio": 398.41,
            "debt_ratio": 44.38,
            "inventory_turnover_ratio": 0.66,
            "account_receivable_turnover_ratio": null,
            "reinvestment_rate": null,
            "research_to_sale_ratio": null,
            "price_fair": 3.24,
            "eps_avg_yearly": 1.08,
            "eps_latest_yearly": 0.52,
            "eps_growth_yearly": -128.65
        },
        "20031": {
            "year_quarter": 20031,
            "year": 2003,
            "quarter": 1,
            "eps": 0.34,
            "eps_growth_year": -10.53,
            "eps_4q": 1.01,
            "eps_4q_growth_year": -61.01,
            "roe": 2.7,
            "roe_4q": 8.120000000000001,
            "gross_profit": 43600,
            "gross_margin": 19.25,
            "gross_margin_4q_avg": 19.61,
            "net_income": 33764,
            "revenue": 226455,
            "common_shares": 1016800,
            "book_valuer_per_share": 12.23,
            "book_valuer_per_share_4q_avg": 12.54,
            "equity": 1243224,
            "current_ratio": 339.13,
            "debt_ratio": 44.24,
            "inventory_turnover_ratio": 0.65,
            "account_receivable_turnover_ratio": null,
            "reinvestment_rate": null,
            "research_to_sale_ratio": null,
            "price_fair": 39.76,
            "eps_avg_yearly": 1.14,
            "eps_latest_yearly": 1.36,
            "eps_growth_yearly": 26.31
        },
        "20032": {
            "year_quarter": 20032,
            "year": 2003,
            "quarter": 2,
            "eps": 0.34,
            "eps_growth_year": 17.24,
            "eps_4q": 1.1,
            "eps_4q_growth_year": -50.25,
            "roe": 2.73,
            "roe_4q": 8.77,
            "gross_profit": 33690,
            "gross_margin": 17.55,
            "gross_margin_4q_avg": 18.26,
            "net_income": 33225,
            "revenue": 191946,
            "common_shares": 1016800,
            "book_valuer_per_share": 11.75,
            "book_valuer_per_share_4q_avg": 12.13,
            "equity": 1195109,
            "current_ratio": 266.55,
            "debt_ratio": 47.36,
            "inventory_turnover_ratio": 0.7,
            "account_receivable_turnover_ratio": null,
            "reinvestment_rate": null,
            "research_to_sale_ratio": null,
            "price_fair": 37.46,
            "eps_avg_yearly": 1.17,
            "eps_latest_yearly": 1.36,
            "eps_growth_yearly": 21.93
        },
        "20033": {
            "year_quarter": 20033,
            "year": 2003,
            "quarter": 3,
            "eps": 0.42,
            "eps_growth_year": 50,
            "eps_4q": 1.22,
            "eps_4q_growth_year": -20.23,
            "roe": 3.43,
            "roe_4q": 9.889999999999999,
            "gross_profit": 53251,
            "gross_margin": 21.11,
            "gross_margin_4q_avg": 18.66,
            "net_income": 41707,
            "revenue": 252306,
            "common_shares": 1025890,
            "book_valuer_per_share": 12.07,
            "book_valuer_per_share_4q_avg": 12.11,
            "equity": 1238135,
            "current_ratio": 281.98,
            "debt_ratio": 46.96,
            "inventory_turnover_ratio": 0.87,
            "account_receivable_turnover_ratio": null,
            "reinvestment_rate": null,
            "research_to_sale_ratio": null,
            "price_fair": 43.6,
            "eps_avg_yearly": 1.25,
            "eps_latest_yearly": 1.68,
            "eps_growth_yearly": 32.24
        },
        "20034": {
            "year_quarter": 20034,
            "year": 2003,
            "quarter": 4,
            "eps": 0.25,
            "eps_growth_year": 92.31,
            "eps_4q": 1.33,
            "eps_4q_growth_year": 29.45,
            "roe": 1.98,
            "roe_4q": 10.84,
            "gross_profit": 64859,
            "gross_margin": 23.26,
            "gross_margin_4q_avg": 20.29,
            "net_income": 25160,
            "revenue": 278852,
            "common_shares": 1026248,
            "book_valuer_per_share": 12.72,
            "book_valuer_per_share_4q_avg": 12.19,
            "equity": 1305212,
            "current_ratio": 411.08,
            "debt_ratio": 44.98,
            "inventory_turnover_ratio": 0.75,
            "account_receivable_turnover_ratio": null,
            "reinvestment_rate": 63.41,
            "research_to_sale_ratio": null,
            "price_fair": 21.84,
            "eps_avg_yearly": 1.22,
            "eps_latest_yearly": 1,
            "eps_growth_yearly": 7.97
        },
        "20041": {
            "year_quarter": 20041,
            "year": 2004,
            "quarter": 1,
            "eps": 0.39,
            "eps_growth_year": 14.71,
            "eps_4q": 1.36,
            "eps_4q_growth_year": 33.98,
            "roe": 3.11,
            "roe_4q": 11.25,
            "gross_profit": 57973,
            "gross_margin": 23.07,
            "gross_margin_4q_avg": 21.25,
            "net_income": 40302,
            "revenue": 251331,
            "common_shares": 1026248,
            "book_valuer_per_share": 12.55,
            "book_valuer_per_share_4q_avg": 12.27,
            "equity": 1287901,
            "current_ratio": 291.44,
            "debt_ratio": 48.24,
            "inventory_turnover_ratio": 0.68,
            "account_receivable_turnover_ratio": null,
            "reinvestment_rate": 59.29,
            "research_to_sale_ratio": null,
            "price_fair": 43.87,
            "eps_avg_yearly": 1.25,
            "eps_latest_yearly": 1.56,
            "eps_growth_yearly": 31.97
        },
        "20042": {
            "year_quarter": 20042,
            "year": 2004,
            "quarter": 2,
            "eps": 0.45,
            "eps_growth_year": 32.35,
            "eps_4q": 1.53,
            "eps_4q_growth_year": 38.18,
            "roe": 3.59,
            "roe_4q": 12.11,
            "gross_profit": 75993,
            "gross_margin": 27.58,
            "gross_margin_4q_avg": 23.76,
            "net_income": 44804,
            "revenue": 275497,
            "common_shares": 1026248,
            "book_valuer_per_share": 11.76,
            "book_valuer_per_share_4q_avg": 12.28,
            "equity": 1207262,
            "current_ratio": 100.62,
            "debt_ratio": 52.43,
            "inventory_turnover_ratio": 0.85,
            "account_receivable_turnover_ratio": null,
            "reinvestment_rate": 59.92,
            "research_to_sale_ratio": null,
            "price_fair": 45.78,
            "eps_avg_yearly": 1.31,
            "eps_latest_yearly": 1.8,
            "eps_growth_yearly": 34.93
        },
        "20043": {
            "year_quarter": 20043,
            "year": 2004,
            "quarter": 3,
            "eps": 0.33,
            "eps_growth_year": -21.43,
            "eps_4q": 1.41,
            "eps_4q_growth_year": 15.38,
            "roe": 2.74,
            "roe_4q": 11.42,
            "gross_profit": 74824,
            "gross_margin": 25.47,
            "gross_margin_4q_avg": 24.85,
            "net_income": 33638,
            "revenue": 293764,
            "common_shares": 1058059,
            "book_valuer_per_share": 11.77,
            "book_valuer_per_share_4q_avg": 12.2,
            "equity": 1244825,
            "current_ratio": 101.86,
            "debt_ratio": 47.75,
            "inventory_turnover_ratio": 0.95,
            "account_receivable_turnover_ratio": null,
            "reinvestment_rate": 65.3,
            "research_to_sale_ratio": null,
            "price_fair": 41.97,
            "eps_avg_yearly": 1.31,
            "eps_latest_yearly": 1.32,
            "eps_growth_yearly": 22.06
        },
        "20044": {
            "year_quarter": 20044,
            "year": 2004,
            "quarter": 4,
            "eps": 0.39,
            "eps_growth_year": 56,
            "eps_4q": 1.56,
            "eps_4q_growth_year": 16.92,
            "roe": 3.19,
            "roe_4q": 12.629999999999999,
            "gross_profit": 70318,
            "gross_margin": 24.71,
            "gross_margin_4q_avg": 25.21,
            "net_income": 39748,
            "revenue": 284528,
            "common_shares": 1058059,
            "book_valuer_per_share": 11.79,
            "book_valuer_per_share_4q_avg": 11.97,
            "equity": 1247370,
            "current_ratio": 172.31,
            "debt_ratio": 48.61,
            "inventory_turnover_ratio": 0.79,
            "account_receivable_turnover_ratio": null,
            "reinvestment_rate": 68.16,
            "research_to_sale_ratio": null,
            "price_fair": 46.55,
            "eps_avg_yearly": 1.33,
            "eps_latest_yearly": 1.56,
            "eps_growth_yearly": 26.28
        },
        "20051": {
            "year_quarter": 20051,
            "year": 2005,
            "quarter": 1,
            "eps": 0.31,
            "eps_growth_year": -20.51,
            "eps_4q": 1.49,
            "eps_4q_growth_year": 9.81,
            "roe": 2.45,
            "roe_4q": 11.97,
            "gross_profit": 68682,
            "gross_margin": 24.43,
            "gross_margin_4q_avg": 25.55,
            "net_income": 31002,
            "revenue": 281159,
            "common_shares": 1058059,
            "book_valuer_per_share": 12.08,
            "book_valuer_per_share_4q_avg": 11.85,
            "equity": 1278372,
            "current_ratio": 135.47,
            "debt_ratio": 45.25,
            "inventory_turnover_ratio": 0.82,
            "account_receivable_turnover_ratio": null,
            "reinvestment_rate": 50.76,
            "research_to_sale_ratio": null,
            "price_fair": 36.98,
            "eps_avg_yearly": 1.32,
            "eps_latest_yearly": 1.24,
            "eps_growth_yearly": 17.95
        },
        "20052": {
            "year_quarter": 20052,
            "year": 2005,
            "quarter": 2,
            "eps": 0.52,
            "eps_growth_year": 15.56,
            "eps_4q": 1.55,
            "eps_4q_growth_year": 1.75,
            "roe": 4.19,
            "roe_4q": 12.57,
            "gross_profit": 79119,
            "gross_margin": 26.07,
            "gross_margin_4q_avg": 25.17,
            "net_income": 52544,
            "revenue": 303492,
            "common_shares": 1058059,
            "book_valuer_per_share": 11.6,
            "book_valuer_per_share_4q_avg": 11.81,
            "equity": 1227127,
            "current_ratio": 131.42,
            "debt_ratio": 46.12,
            "inventory_turnover_ratio": 1.1,
            "account_receivable_turnover_ratio": null,
            "reinvestment_rate": 46.34,
            "research_to_sale_ratio": null,
            "price_fair": 48.2,
            "eps_avg_yearly": 1.38,
            "eps_latest_yearly": 2.08,
            "eps_growth_yearly": 36.02
        },
        "20053": {
            "year_quarter": 20053,
            "year": 2005,
            "quarter": 3,
            "eps": 0.44,
            "eps_growth_year": 33.33,
            "eps_4q": 1.62,
            "eps_4q_growth_year": 14.79,
            "roe": 3.62,
            "roe_4q": 13.450000000000001,
            "gross_profit": 95169,
            "gross_margin": 25.72,
            "gross_margin_4q_avg": 25.23,
            "net_income": 45953,
            "revenue": 369964,
            "common_shares": 1094166,
            "book_valuer_per_share": 12.01,
            "book_valuer_per_share_4q_avg": 11.87,
            "equity": 1314052,
            "current_ratio": 183.35,
            "debt_ratio": 49.74,
            "inventory_turnover_ratio": 1.32,
            "account_receivable_turnover_ratio": null,
            "reinvestment_rate": 56.88,
            "research_to_sale_ratio": null,
            "price_fair": 49.09,
            "eps_avg_yearly": 1.4,
            "eps_latest_yearly": 1.76,
            "eps_growth_yearly": 29.52
        },
        "20054": {
            "year_quarter": 20054,
            "year": 2005,
            "quarter": 4,
            "eps": 0.49,
            "eps_growth_year": 25.64,
            "eps_4q": 1.72,
            "eps_4q_growth_year": 10.29,
            "roe": 3.84,
            "roe_4q": 14.100000000000001,
            "gross_profit": 128888,
            "gross_margin": 31.9,
            "gross_margin_4q_avg": 27.03,
            "net_income": 51797,
            "revenue": 404085,
            "common_shares": 1104348,
            "book_valuer_per_share": 12.54,
            "book_valuer_per_share_4q_avg": 12.06,
            "equity": 1385137,
            "current_ratio": 201.45,
            "debt_ratio": 52.24,
            "inventory_turnover_ratio": 0.9,
            "account_receivable_turnover_ratio": null,
            "reinvestment_rate": 95.42,
            "research_to_sale_ratio": null,
            "price_fair": 50.31,
            "eps_avg_yearly": 1.44,
            "eps_latest_yearly": 1.96,
            "eps_growth_yearly": 30.51
        },
        "20061": {
            "year_quarter": 20061,
            "year": 2006,
            "quarter": 1,
            "eps": 0.36,
            "eps_growth_year": 16.13,
            "eps_4q": 1.52,
            "eps_4q_growth_year": 1.92,
            "roe": 2.96,
            "roe_4q": 14.61,
            "gross_profit": 101653,
            "gross_margin": 28.13,
            "gross_margin_4q_avg": 27.96,
            "net_income": 46622,
            "revenue": 361350,
            "common_shares": 1331872,
            "book_valuer_per_share": 13.26,
            "book_valuer_per_share_4q_avg": 12.35,
            "equity": 1765561,
            "current_ratio": 140.18,
            "debt_ratio": 36.99,
            "inventory_turnover_ratio": 0.8,
            "account_receivable_turnover_ratio": null,
            "reinvestment_rate": 86.47,
            "research_to_sale_ratio": null,
            "price_fair": 50.14,
            "eps_avg_yearly": 1.43,
            "eps_latest_yearly": 1.44,
            "eps_growth_yearly": 35.87
        },
        "20062": {
            "year_quarter": 20062,
            "year": 2006,
            "quarter": 2,
            "eps": 0.5,
            "eps_growth_year": -3.85,
            "eps_4q": 1.61,
            "eps_4q_growth_year": 3.86,
            "roe": 3.76,
            "roe_4q": 14.18,
            "gross_profit": 104111,
            "gross_margin": 29,
            "gross_margin_4q_avg": 28.69,
            "net_income": 64857,
            "revenue": 358982,
            "common_shares": 1356368,
            "book_valuer_per_share": 12.44,
            "book_valuer_per_share_4q_avg": 12.56,
            "equity": 1687965,
            "current_ratio": 115.03,
            "debt_ratio": 40.4,
            "inventory_turnover_ratio": 1.04,
            "account_receivable_turnover_ratio": null,
            "reinvestment_rate": 84.36,
            "research_to_sale_ratio": null,
            "price_fair": 51.98,
            "eps_avg_yearly": 1.49,
            "eps_latest_yearly": 2,
            "eps_growth_yearly": 51.51
        },
        "20063": {
            "year_quarter": 20063,
            "year": 2006,
            "quarter": 3,
            "eps": 0.65,
            "eps_growth_year": 47.73,
            "eps_4q": 1.87,
            "eps_4q_growth_year": 15.41,
            "roe": 4.97,
            "roe_4q": 15.530000000000001,
            "gross_profit": 131816,
            "gross_margin": 29.78,
            "gross_margin_4q_avg": 29.7,
            "net_income": 86974,
            "revenue": 442705,
            "common_shares": 1356368,
            "book_valuer_per_share": 13.34,
            "book_valuer_per_share_4q_avg": 12.9,
            "equity": 1809795,
            "current_ratio": 127.59,
            "debt_ratio": 39.77,
            "inventory_turnover_ratio": 1.24,
            "account_receivable_turnover_ratio": null,
            "reinvestment_rate": 79.13,
            "research_to_sale_ratio": null,
            "price_fair": 55.21,
            "eps_avg_yearly": 1.58,
            "eps_latest_yearly": 2.6,
            "eps_growth_yearly": 59.87
        },
        "20064": {
            "year_quarter": 20064,
            "year": 2006,
            "quarter": 4,
            "eps": 0.49,
            "eps_growth_year": 0,
            "eps_4q": 1.97,
            "eps_4q_growth_year": 14.68,
            "roe": 3.59,
            "roe_4q": 15.279999999999998,
            "gross_profit": 137063,
            "gross_margin": 33.44,
            "gross_margin_4q_avg": 30.09,
            "net_income": 65845,
            "revenue": 409893,
            "common_shares": 1407482,
            "book_valuer_per_share": 13.2,
            "book_valuer_per_share_4q_avg": 13.06,
            "equity": 1857405,
            "current_ratio": 197.2,
            "debt_ratio": 42.48,
            "inventory_turnover_ratio": 0.77,
            "account_receivable_turnover_ratio": null,
            "reinvestment_rate": 91.77,
            "research_to_sale_ratio": null,
            "price_fair": 58.36,
            "eps_avg_yearly": 1.67,
            "eps_latest_yearly": 1.96,
            "eps_growth_yearly": 67.11
        },
        "20071": {
            "year_quarter": 20071,
            "year": 2007,
            "quarter": 1,
            "eps": 0.42,
            "eps_growth_year": 16.67,
            "eps_4q": 2,
            "eps_4q_growth_year": 31.32,
            "roe": 3.01,
            "roe_4q": 15.33,
            "gross_profit": 113965,
            "gross_margin": 29.14,
            "gross_margin_4q_avg": 30.34,
            "net_income": 57985,
            "revenue": 391156,
            "common_shares": 1436038,
            "book_valuer_per_share": 13.89,
            "book_valuer_per_share_4q_avg": 13.22,
            "equity": 1994381,
            "current_ratio": 157.91,
            "debt_ratio": 37.7,
            "inventory_turnover_ratio": 0.78,
            "account_receivable_turnover_ratio": null,
            "reinvestment_rate": 70.58,
            "research_to_sale_ratio": null,
            "price_fair": 55.95,
            "eps_avg_yearly": 1.69,
            "eps_latest_yearly": 1.68,
            "eps_growth_yearly": 23.15
        },
        "20072": {
            "year_quarter": 20072,
            "year": 2007,
            "quarter": 2,
            "eps": 0.46,
            "eps_growth_year": -8,
            "eps_4q": 1.91,
            "eps_4q_growth_year": 18.12,
            "roe": 3.4,
            "roe_4q": 14.969999999999999,
            "gross_profit": 117120,
            "gross_margin": 28.49,
            "gross_margin_4q_avg": 30.21,
            "net_income": 67096,
            "revenue": 411157,
            "common_shares": 1436428,
            "book_valuer_per_share": 13.55,
            "book_valuer_per_share_4q_avg": 13.5,
            "equity": 1946824,
            "current_ratio": 132.07,
            "debt_ratio": 42.02,
            "inventory_turnover_ratio": 1.17,
            "account_receivable_turnover_ratio": null,
            "reinvestment_rate": 68.44,
            "research_to_sale_ratio": null,
            "price_fair": 60.11,
            "eps_avg_yearly": 1.72,
            "eps_latest_yearly": 1.84,
            "eps_growth_yearly": 25.54
        },
        "20073": {
            "year_quarter": 20073,
            "year": 2007,
            "quarter": 3,
            "eps": 0.46,
            "eps_growth_year": -29.23,
            "eps_4q": 1.79,
            "eps_4q_growth_year": -4.54,
            "roe": 3.33,
            "roe_4q": 13.33,
            "gross_profit": 134471,
            "gross_margin": 28.54,
            "gross_margin_4q_avg": 29.9,
            "net_income": 66265,
            "revenue": 471118,
            "common_shares": 1470387,
            "book_valuer_per_share": 13.82,
            "book_valuer_per_share_4q_avg": 13.62,
            "equity": 2031707,
            "current_ratio": 197.61,
            "debt_ratio": 49.26,
            "inventory_turnover_ratio": 1.32,
            "account_receivable_turnover_ratio": null,
            "reinvestment_rate": 64.61,
            "research_to_sale_ratio": null,
            "price_fair": 51.23,
            "eps_avg_yearly": 1.73,
            "eps_latest_yearly": 1.84,
            "eps_growth_yearly": 19.65
        },
        "20074": {
            "year_quarter": 20074,
            "year": 2007,
            "quarter": 4,
            "eps": 0.44,
            "eps_growth_year": -10.2,
            "eps_4q": 1.77,
            "eps_4q_growth_year": -10.1,
            "roe": 3.03,
            "roe_4q": 12.77,
            "gross_profit": 108049,
            "gross_margin": 25.44,
            "gross_margin_4q_avg": 27.9,
            "net_income": 63388,
            "revenue": 424662,
            "common_shares": 1471227,
            "book_valuer_per_share": 14.65,
            "book_valuer_per_share_4q_avg": 13.98,
            "equity": 2155002,
            "current_ratio": 293.95,
            "debt_ratio": 40.68,
            "inventory_turnover_ratio": 0.83,
            "account_receivable_turnover_ratio": null,
            "reinvestment_rate": 85.3,
            "research_to_sale_ratio": null,
            "price_fair": 62.13,
            "eps_avg_yearly": 1.78,
            "eps_latest_yearly": 1.76,
            "eps_growth_yearly": 28.69
        },
        "20081": {
            "year_quarter": 20081,
            "year": 2008,
            "quarter": 1,
            "eps": 0.17,
            "eps_growth_year": -59.52,
            "eps_4q": 1.55,
            "eps_4q_growth_year": -22.44,
            "roe": 1.12,
            "roe_4q": 10.88,
            "gross_profit": 130720,
            "gross_margin": 23.57,
            "gross_margin_4q_avg": 26.51,
            "net_income": 24261,
            "revenue": 554708,
            "common_shares": 1477677,
            "book_valuer_per_share": 14.63,
            "book_valuer_per_share_4q_avg": 14.16,
            "equity": 2161539,
            "current_ratio": 304.77,
            "debt_ratio": 39.25,
            "inventory_turnover_ratio": 0.85,
            "account_receivable_turnover_ratio": null,
            "reinvestment_rate": 91.15,
            "research_to_sale_ratio": null,
            "price_fair": 5.16,
            "eps_avg_yearly": 1.72,
            "eps_latest_yearly": 0.68,
            "eps_growth_yearly": -0.66
        },
        "20082": {
            "year_quarter": 20082,
            "year": 2008,
            "quarter": 2,
            "eps": 0.24,
            "eps_growth_year": -47.83,
            "eps_4q": 1.31,
            "eps_4q_growth_year": -31.25,
            "roe": 1.64,
            "roe_4q": 9.12,
            "gross_profit": 123964,
            "gross_margin": 21.7,
            "gross_margin_4q_avg": 24.81,
            "net_income": 34529,
            "revenue": 571341,
            "common_shares": 1477677,
            "book_valuer_per_share": 13.94,
            "book_valuer_per_share_4q_avg": 14.26,
            "equity": 2060409,
            "current_ratio": 237.54,
            "debt_ratio": 43.31,
            "inventory_turnover_ratio": 0.87,
            "account_receivable_turnover_ratio": null,
            "reinvestment_rate": 92.47,
            "research_to_sale_ratio": null,
            "price_fair": 26.33,
            "eps_avg_yearly": 1.67,
            "eps_latest_yearly": 0.96,
            "eps_growth_yearly": 5.79
        },
        "20083": {
            "year_quarter": 20083,
            "year": 2008,
            "quarter": 3,
            "eps": 0.26,
            "eps_growth_year": -43.48,
            "eps_4q": 1.07,
            "eps_4q_growth_year": -39.8,
            "roe": 1.85,
            "roe_4q": 7.640000000000001,
            "gross_profit": 145260,
            "gross_margin": 21.84,
            "gross_margin_4q_avg": 23.14,
            "net_income": 38983,
            "revenue": 665253,
            "common_shares": 1523506,
            "book_valuer_per_share": 14.13,
            "book_valuer_per_share_4q_avg": 14.34,
            "equity": 2153326,
            "current_ratio": 223.01,
            "debt_ratio": 43.02,
            "inventory_turnover_ratio": 0.99,
            "account_receivable_turnover_ratio": null,
            "reinvestment_rate": 88.91,
            "research_to_sale_ratio": null,
            "price_fair": 40.49,
            "eps_avg_yearly": 1.65,
            "eps_latest_yearly": 1.04,
            "eps_growth_yearly": 14.54
        },
        "20084": {
            "year_quarter": 20084,
            "year": 2008,
            "quarter": 4,
            "eps": -0.11,
            "eps_growth_year": -125,
            "eps_4q": 0.55,
            "eps_4q_growth_year": -68.9,
            "roe": -0.75,
            "roe_4q": 3.8600000000000003,
            "gross_profit": 96349,
            "gross_margin": 18.5,
            "gross_margin_4q_avg": 21.4,
            "net_income": -16170,
            "revenue": 520837,
            "common_shares": 1523506,
            "book_valuer_per_share": 14.13,
            "book_valuer_per_share_4q_avg": 14.21,
            "equity": 2152653,
            "current_ratio": 224.45,
            "debt_ratio": 40.96,
            "inventory_turnover_ratio": 0.87,
            "account_receivable_turnover_ratio": 1.42,
            "reinvestment_rate": 87.37,
            "research_to_sale_ratio": null,
            "price_fair": 34.22,
            "eps_avg_yearly": 1.66,
            "eps_latest_yearly": 1.04,
            "eps_growth_yearly": 10.66
        },
        "20091": {
            "year_quarter": 20091,
            "year": 2009,
            "quarter": 1,
            "eps": 0.06,
            "eps_growth_year": -64.71,
            "eps_4q": 0.44,
            "eps_4q_growth_year": -71.77,
            "roe": 0.42,
            "roe_4q": 3.16,
            "gross_profit": 65922,
            "gross_margin": 16.03,
            "gross_margin_4q_avg": 19.52,
            "net_income": 9121,
            "revenue": 411151,
            "common_shares": 1523506,
            "book_valuer_per_share": 14.39,
            "book_valuer_per_share_4q_avg": 14.15,
            "equity": 2192762,
            "current_ratio": 357.62,
            "debt_ratio": 37.55,
            "inventory_turnover_ratio": 0.81,
            "account_receivable_turnover_ratio": 0.62,
            "reinvestment_rate": 98.4,
            "research_to_sale_ratio": null,
            "price_fair": 46,
            "eps_avg_yearly": 1.69,
            "eps_latest_yearly": 1.04,
            "eps_growth_yearly": 17.29
        },
        "20092": {
            "year_quarter": 20092,
            "year": 2009,
            "quarter": 2,
            "eps": 0.12,
            "eps_growth_year": -50,
            "eps_4q": 0.33,
            "eps_4q_growth_year": -74.75,
            "roe": 0.84,
            "roe_4q": 2.3600000000000003,
            "gross_profit": 105650,
            "gross_margin": 20.96,
            "gross_margin_4q_avg": 19.33,
            "net_income": 18190,
            "revenue": 504164,
            "common_shares": 1523506,
            "book_valuer_per_share": 13.98,
            "book_valuer_per_share_4q_avg": 14.16,
            "equity": 2130140,
            "current_ratio": 300.54,
            "debt_ratio": 40.33,
            "inventory_turnover_ratio": 1,
            "account_receivable_turnover_ratio": 0.83,
            "reinvestment_rate": 91.21,
            "research_to_sale_ratio": null,
            "price_fair": 55,
            "eps_avg_yearly": 1.57,
            "eps_latest_yearly": 0.48,
            "eps_growth_yearly": 26.5
        },
        "20093": {
            "year_quarter": 20093,
            "year": 2009,
            "quarter": 3,
            "eps": 0.39,
            "eps_growth_year": 50,
            "eps_4q": 0.47,
            "eps_4q_growth_year": -56.67,
            "roe": 2.67,
            "roe_4q": 3.1799999999999997,
            "gross_profit": 138322,
            "gross_margin": 23.29,
            "gross_margin_4q_avg": 19.7,
            "net_income": 57348,
            "revenue": 593991,
            "common_shares": 1523506,
            "book_valuer_per_share": 14.25,
            "book_valuer_per_share_4q_avg": 14.19,
            "equity": 2171122,
            "current_ratio": 290,
            "debt_ratio": 40.27,
            "inventory_turnover_ratio": 1.17,
            "account_receivable_turnover_ratio": 0.88,
            "reinvestment_rate": 78.74,
            "research_to_sale_ratio": null,
            "price_fair": 54.5,
            "eps_avg_yearly": 1.56,
            "eps_latest_yearly": 1.56,
            "eps_growth_yearly": 95.18
        },
        "20094": {
            "year_quarter": 20094,
            "year": 2009,
            "quarter": 4,
            "eps": 0.19,
            "eps_growth_year": null,
            "eps_4q": 0.76,
            "eps_4q_growth_year": 38.63,
            "roe": 1.32,
            "roe_4q": 5.25,
            "gross_profit": 124080,
            "gross_margin": 22.5,
            "gross_margin_4q_avg": 20.7,
            "net_income": 28909,
            "revenue": 551346,
            "common_shares": 1524976,
            "book_valuer_per_share": 14.78,
            "book_valuer_per_share_4q_avg": 14.35,
            "equity": 2201514,
            "current_ratio": 291.96,
            "debt_ratio": 35.12,
            "inventory_turnover_ratio": 1.1,
            "account_receivable_turnover_ratio": 1.63,
            "reinvestment_rate": 41.12,
            "research_to_sale_ratio": null,
            "price_fair": 51.5,
            "eps_avg_yearly": 1.47,
            "eps_latest_yearly": 0.76,
            "eps_growth_yearly": 77.28
        },
        "20101": {
            "year_quarter": 20101,
            "year": 2010,
            "quarter": 1,
            "eps": 0.71,
            "eps_growth_year": 1080.44,
            "eps_4q": 1.4,
            "eps_4q_growth_year": 219.15,
            "roe": 4.72,
            "roe_4q": 9.55,
            "gross_profit": 164756,
            "gross_margin": 25.27,
            "gross_margin_4q_avg": 23.01,
            "net_income": 107663,
            "revenue": 651917,
            "common_shares": 1559981,
            "book_valuer_per_share": 15.52,
            "book_valuer_per_share_4q_avg": 14.63,
            "equity": 2358384,
            "current_ratio": 273.45,
            "debt_ratio": 34.73,
            "inventory_turnover_ratio": 1.13,
            "account_receivable_turnover_ratio": 0.81,
            "reinvestment_rate": 67.55,
            "research_to_sale_ratio": 1.93,
            "price_fair": 55,
            "eps_avg_yearly": 1.57,
            "eps_latest_yearly": 2.84,
            "eps_growth_yearly": 163.06
        },
        "20102": {
            "year_quarter": 20102,
            "year": 2010,
            "quarter": 2,
            "eps": 0.82,
            "eps_growth_year": 580.59,
            "eps_4q": 2.09,
            "eps_4q_growth_year": 532.78,
            "roe": 5.19,
            "roe_4q": 13.9,
            "gross_profit": 214288,
            "gross_margin": 28.75,
            "gross_margin_4q_avg": 24.95,
            "net_income": 124147,
            "revenue": 745455,
            "common_shares": 1559981,
            "book_valuer_per_share": 15.97,
            "book_valuer_per_share_4q_avg": 15.13,
            "equity": 2427325,
            "current_ratio": 210.77,
            "debt_ratio": 38.73,
            "inventory_turnover_ratio": 1.06,
            "account_receivable_turnover_ratio": 0.78,
            "reinvestment_rate": 247.93,
            "research_to_sale_ratio": 1.31,
            "price_fair": 58.2,
            "eps_avg_yearly": 1.66,
            "eps_latest_yearly": 3.28,
            "eps_growth_yearly": 156.38
        },
        "20103": {
            "year_quarter": 20103,
            "year": 2010,
            "quarter": 3,
            "eps": 0.83,
            "eps_growth_year": 112.67,
            "eps_4q": 2.54,
            "eps_4q_growth_year": 446.32,
            "roe": 4.99,
            "roe_4q": 16.22,
            "gross_profit": 224744,
            "gross_margin": 24.41,
            "gross_margin_4q_avg": 25.23,
            "net_income": 126078,
            "revenue": 920574,
            "common_shares": 1560094,
            "book_valuer_per_share": 16.69,
            "book_valuer_per_share_4q_avg": 15.74,
            "equity": 2621325,
            "current_ratio": 161.28,
            "debt_ratio": 43.61,
            "inventory_turnover_ratio": 1.13,
            "account_receivable_turnover_ratio": 0.88,
            "reinvestment_rate": 294.35,
            "research_to_sale_ratio": 1.3,
            "price_fair": 60,
            "eps_avg_yearly": 1.71,
            "eps_latest_yearly": 3.32,
            "eps_growth_yearly": 148.15
        },
        "20104": {
            "year_quarter": 20104,
            "year": 2010,
            "quarter": 4,
            "eps": 0.17,
            "eps_growth_year": -10.33,
            "eps_4q": 2.5,
            "eps_4q_growth_year": 228.44,
            "roe": 1.02,
            "roe_4q": 15.919999999999998,
            "gross_profit": 125697,
            "gross_margin": 19.02,
            "gross_margin_4q_avg": 24.36,
            "net_income": 26463,
            "revenue": 660762,
            "common_shares": 1533444,
            "book_valuer_per_share": 16.32,
            "book_valuer_per_share_4q_avg": 16.13,
            "equity": 2580766,
            "current_ratio": 146.35,
            "debt_ratio": 44.53,
            "inventory_turnover_ratio": 0.79,
            "account_receivable_turnover_ratio": 0.64,
            "reinvestment_rate": 301.94,
            "research_to_sale_ratio": 1.92,
            "price_fair": 56.8,
            "eps_avg_yearly": 1.62,
            "eps_latest_yearly": 0.68,
            "eps_growth_yearly": 132.47
        },
        "20111": {
            "year_quarter": 20111,
            "year": 2011,
            "quarter": 1,
            "eps": 0.27,
            "eps_growth_year": -61.88,
            "eps_4q": 2.02,
            "eps_4q_growth_year": 44.62,
            "roe": 1.27,
            "roe_4q": 12.47,
            "gross_profit": 109204,
            "gross_margin": 15.36,
            "gross_margin_4q_avg": 21.89,
            "net_income": 33136,
            "revenue": 711029,
            "common_shares": 1533444,
            "book_valuer_per_share": 16.63,
            "book_valuer_per_share_4q_avg": 16.4,
            "equity": 2626305,
            "current_ratio": 122.37,
            "debt_ratio": 49.72,
            "inventory_turnover_ratio": 0.84,
            "account_receivable_turnover_ratio": 0.76,
            "reinvestment_rate": 378.49,
            "research_to_sale_ratio": 1.4,
            "price_fair": 55.3,
            "eps_avg_yearly": 1.58,
            "eps_latest_yearly": 1.08,
            "eps_growth_yearly": 153.35
        },
        "20112": {
            "year_quarter": 20112,
            "year": 2011,
            "quarter": 2,
            "eps": 0.44,
            "eps_growth_year": -45.76,
            "eps_4q": 1.65,
            "eps_4q_growth_year": -21.08,
            "roe": 2.48,
            "roe_4q": 9.76,
            "gross_profit": 182427,
            "gross_margin": 20.39,
            "gross_margin_4q_avg": 19.8,
            "net_income": 63487,
            "revenue": 894606,
            "common_shares": 1533444,
            "book_valuer_per_share": 15.77,
            "book_valuer_per_share_4q_avg": 16.35,
            "equity": 2490804,
            "current_ratio": 143.88,
            "debt_ratio": 55.86,
            "inventory_turnover_ratio": 0.87,
            "account_receivable_turnover_ratio": 0.85,
            "reinvestment_rate": 430.54,
            "research_to_sale_ratio": 1.27,
            "price_fair": 55.1,
            "eps_avg_yearly": 1.57,
            "eps_latest_yearly": 1.76,
            "eps_growth_yearly": 168.62
        },
        "20113": {
            "year_quarter": 20113,
            "year": 2011,
            "quarter": 3,
            "eps": 0.37,
            "eps_growth_year": -54.88,
            "eps_4q": 1.2,
            "eps_4q_growth_year": -52.7,
            "roe": 1.99,
            "roe_4q": 6.76,
            "gross_profit": 160697,
            "gross_margin": 17.92,
            "gross_margin_4q_avg": 18.17,
            "net_income": 51799,
            "revenue": 896693,
            "common_shares": 1533444,
            "book_valuer_per_share": 17.26,
            "book_valuer_per_share_4q_avg": 16.5,
            "equity": 2716891,
            "current_ratio": 146.5,
            "debt_ratio": 55.67,
            "inventory_turnover_ratio": 0.82,
            "account_receivable_turnover_ratio": 0.74,
            "reinvestment_rate": 524.11,
            "research_to_sale_ratio": 1.42,
            "price_fair": 54.2,
            "eps_avg_yearly": 1.55,
            "eps_latest_yearly": 1.48,
            "eps_growth_yearly": 164.08
        },
        "20114": {
            "year_quarter": 20114,
            "year": 2011,
            "quarter": 4,
            "eps": 0.37,
            "eps_growth_year": 119.23,
            "eps_4q": 1.41,
            "eps_4q_growth_year": -43.83,
            "roe": 2.02,
            "roe_4q": 7.76,
            "gross_profit": 140625,
            "gross_margin": 16.54,
            "gross_margin_4q_avg": 17.55,
            "net_income": 55378,
            "revenue": 850337,
            "common_shares": 1533444,
            "book_valuer_per_share": 17.64,
            "book_valuer_per_share_4q_avg": 16.83,
            "equity": 2776632,
            "current_ratio": 129.27,
            "debt_ratio": 53.2,
            "inventory_turnover_ratio": 0.74,
            "account_receivable_turnover_ratio": 0.72,
            "reinvestment_rate": 512.94,
            "research_to_sale_ratio": 1.45,
            "price_fair": 53.5,
            "eps_avg_yearly": 1.53,
            "eps_latest_yearly": 1.48,
            "eps_growth_yearly": 165.32
        },
        "20121": {
            "year_quarter": 20121,
            "year": 2012,
            "quarter": 1,
            "eps": 0.28,
            "eps_growth_year": 3.7,
            "eps_4q": 1.47,
            "eps_4q_growth_year": -27.29,
            "roe": 1.52,
            "roe_4q": 8.01,
            "gross_profit": 152478,
            "gross_margin": 18.19,
            "gross_margin_4q_avg": 18.26,
            "net_income": 42144,
            "revenue": 838296,
            "common_shares": 1533444,
            "book_valuer_per_share": 17.6,
            "book_valuer_per_share_4q_avg": 17.07,
            "equity": 2766932,
            "current_ratio": 133.65,
            "debt_ratio": 51.81,
            "inventory_turnover_ratio": 0.7,
            "account_receivable_turnover_ratio": 0.76,
            "reinvestment_rate": 490.17,
            "research_to_sale_ratio": 1.37,
            "price_fair": 54.6,
            "eps_avg_yearly": 1.56,
            "eps_latest_yearly": 1.12,
            "eps_growth_yearly": 175.9
        },
        "20122": {
            "year_quarter": 20122,
            "year": 2012,
            "quarter": 2,
            "eps": 0.55,
            "eps_growth_year": 23.85,
            "eps_4q": 1.57,
            "eps_4q_growth_year": -4.75,
            "roe": 2.97,
            "roe_4q": 8.5,
            "gross_profit": 230736,
            "gross_margin": 24.83,
            "gross_margin_4q_avg": 19.37,
            "net_income": 82653,
            "revenue": 929104,
            "common_shares": 1533444,
            "book_valuer_per_share": 17.8,
            "book_valuer_per_share_4q_avg": 17.58,
            "equity": 2797501,
            "current_ratio": 133.12,
            "debt_ratio": 53.09,
            "inventory_turnover_ratio": 0.71,
            "account_receivable_turnover_ratio": 0.8,
            "reinvestment_rate": 463.54,
            "research_to_sale_ratio": 1.43,
            "price_fair": 57.7,
            "eps_avg_yearly": 1.65,
            "eps_latest_yearly": 2.2,
            "eps_growth_yearly": 191.69
        },
        "20123": {
            "year_quarter": 20123,
            "year": 2012,
            "quarter": 3,
            "eps": 0.57,
            "eps_growth_year": 52.49,
            "eps_4q": 1.77,
            "eps_4q_growth_year": 47.03,
            "roe": 3.04,
            "roe_4q": 9.549999999999999,
            "gross_profit": 214856,
            "gross_margin": 22.94,
            "gross_margin_4q_avg": 20.63,
            "net_income": 85704,
            "revenue": 936602,
            "common_shares": 1533444,
            "book_valuer_per_share": 18.1,
            "book_valuer_per_share_4q_avg": 17.79,
            "equity": 2840587,
            "current_ratio": 131.72,
            "debt_ratio": 51.95,
            "inventory_turnover_ratio": 0.75,
            "account_receivable_turnover_ratio": 0.73,
            "reinvestment_rate": 426.95,
            "research_to_sale_ratio": 1.68,
            "price_fair": 60.8,
            "eps_avg_yearly": 1.74,
            "eps_latest_yearly": 2.28,
            "eps_growth_yearly": 190.35
        },
        "20124": {
            "year_quarter": 20124,
            "year": 2012,
            "quarter": 4,
            "eps": 0.34,
            "eps_growth_year": -9.74,
            "eps_4q": 1.73,
            "eps_4q_growth_year": 23.21,
            "roe": 1.7,
            "roe_4q": 9.23,
            "gross_profit": 166216,
            "gross_margin": 19.14,
            "gross_margin_4q_avg": 21.28,
            "net_income": 49042,
            "revenue": 868450,
            "common_shares": 1533444,
            "book_valuer_per_share": 18.63,
            "book_valuer_per_share_4q_avg": 18.03,
            "equity": 2917638,
            "current_ratio": 167.11,
            "debt_ratio": 49.23,
            "inventory_turnover_ratio": 0.75,
            "account_receivable_turnover_ratio": 0.69,
            "reinvestment_rate": 389.55,
            "research_to_sale_ratio": 2.12,
            "price_fair": 59.92,
            "eps_avg_yearly": 1.71,
            "eps_latest_yearly": 1.36,
            "eps_growth_yearly": 166.9
        },
        "20131": {
            "year_quarter": 20131,
            "year": 2013,
            "quarter": 1,
            "eps": 0.46,
            "eps_growth_year": 64.29,
            "eps_4q": 1.92,
            "eps_4q_growth_year": 30.63,
            "roe": 2.19,
            "roe_4q": 9.9,
            "gross_profit": 193473,
            "gross_margin": 21.39,
            "gross_margin_4q_avg": 22.08,
            "net_income": 65146,
            "revenue": 904475,
            "common_shares": 1533444,
            "book_valuer_per_share": 19.45,
            "book_valuer_per_share_4q_avg": 18.5,
            "equity": 3030629,
            "current_ratio": 154.9,
            "debt_ratio": 48.85,
            "inventory_turnover_ratio": 0.73,
            "account_receivable_turnover_ratio": 0.72,
            "reinvestment_rate": 119.76,
            "research_to_sale_ratio": 1.94,
            "price_fair": 60.2,
            "eps_avg_yearly": 1.72,
            "eps_latest_yearly": 1.84,
            "eps_growth_yearly": 165.29
        },
        "20132": {
            "year_quarter": 20132,
            "year": 2013,
            "quarter": 2,
            "eps": 0.5,
            "eps_growth_year": -8.87,
            "eps_4q": 1.87,
            "eps_4q_growth_year": 18.56,
            "roe": 2.43,
            "roe_4q": 9.36,
            "gross_profit": 206764,
            "gross_margin": 21.42,
            "gross_margin_4q_avg": 21.22,
            "net_income": 74711,
            "revenue": 965159,
            "common_shares": 1533444,
            "book_valuer_per_share": 20.04,
            "book_valuer_per_share_4q_avg": 19.06,
            "equity": 3120029,
            "current_ratio": 159.51,
            "debt_ratio": 49.99,
            "inventory_turnover_ratio": 0.74,
            "account_receivable_turnover_ratio": 0.75,
            "reinvestment_rate": 112.94,
            "research_to_sale_ratio": 1.8,
            "price_fair": 63.53,
            "eps_avg_yearly": 1.82,
            "eps_latest_yearly": 2,
            "eps_growth_yearly": 142.46
        },
        "20133": {
            "year_quarter": 20133,
            "year": 2013,
            "quarter": 3,
            "eps": 0.49,
            "eps_growth_year": -14.14,
            "eps_4q": 1.91,
            "eps_4q_growth_year": 8.14,
            "roe": 2.19,
            "roe_4q": 8.51,
            "gross_profit": 201840,
            "gross_margin": 20.42,
            "gross_margin_4q_avg": 20.59,
            "net_income": 67386,
            "revenue": 988282,
            "common_shares": 1410768,
            "book_valuer_per_share": 21.19,
            "book_valuer_per_share_4q_avg": 19.83,
            "equity": 3032072,
            "current_ratio": 140.94,
            "debt_ratio": 51.09,
            "inventory_turnover_ratio": 0.81,
            "account_receivable_turnover_ratio": 0.76,
            "reinvestment_rate": 140.12,
            "research_to_sale_ratio": 1.67,
            "price_fair": 64.4,
            "eps_avg_yearly": 1.84,
            "eps_latest_yearly": 1.96,
            "eps_growth_yearly": 85.71
        },
        "20134": {
            "year_quarter": 20134,
            "year": 2013,
            "quarter": 4,
            "eps": 0.37,
            "eps_growth_year": 9.5,
            "eps_4q": 1.92,
            "eps_4q_growth_year": 10.57,
            "roe": 1.69,
            "roe_4q": 8.5,
            "gross_profit": 166049,
            "gross_margin": 19.6,
            "gross_margin_4q_avg": 20.71,
            "net_income": 52274,
            "revenue": 847018,
            "common_shares": 1410768,
            "book_valuer_per_share": 21.99,
            "book_valuer_per_share_4q_avg": 20.67,
            "equity": 3151965,
            "current_ratio": 156.48,
            "debt_ratio": 51.49,
            "inventory_turnover_ratio": 0.7,
            "account_receivable_turnover_ratio": 0.68,
            "reinvestment_rate": 140.58,
            "research_to_sale_ratio": 1.84,
            "price_fair": 65.98,
            "eps_avg_yearly": 1.89,
            "eps_latest_yearly": 1.48,
            "eps_growth_yearly": 92.41
        },
        "20141": {
            "year_quarter": 20141,
            "year": 2014,
            "quarter": 1,
            "eps": 0.4,
            "eps_growth_year": -13.04,
            "eps_4q": 1.81,
            "eps_4q_growth_year": -5.41,
            "roe": 1.67,
            "roe_4q": 7.98,
            "gross_profit": 196552,
            "gross_margin": 21.7,
            "gross_margin_4q_avg": 20.79,
            "net_income": 53035,
            "revenue": 905885,
            "common_shares": 1410768,
            "book_valuer_per_share": 22.28,
            "book_valuer_per_share_4q_avg": 21.38,
            "equity": 3190669,
            "current_ratio": 155.27,
            "debt_ratio": 53.27,
            "inventory_turnover_ratio": 0.67,
            "account_receivable_turnover_ratio": 0.74,
            "reinvestment_rate": 140.71,
            "research_to_sale_ratio": 1.73,
            "price_fair": 63.26,
            "eps_avg_yearly": 1.81,
            "eps_latest_yearly": 1.6,
            "eps_growth_yearly": 26.02
        },
        "20142": {
            "year_quarter": 20142,
            "year": 2014,
            "quarter": 2,
            "eps": 0.58,
            "eps_growth_year": 16,
            "eps_4q": 1.85,
            "eps_4q_growth_year": -0.61,
            "roe": 2.56,
            "roe_4q": 8.11,
            "gross_profit": 232162,
            "gross_margin": 24.34,
            "gross_margin_4q_avg": 21.52,
            "net_income": 81895,
            "revenue": 953857,
            "common_shares": 1410768,
            "book_valuer_per_share": 22.3,
            "book_valuer_per_share_4q_avg": 21.94,
            "equity": 3206965,
            "current_ratio": 158.71,
            "debt_ratio": 53.92,
            "inventory_turnover_ratio": 0.69,
            "account_receivable_turnover_ratio": 0.73,
            "reinvestment_rate": 1.81,
            "research_to_sale_ratio": 1.92,
            "price_fair": 61.16,
            "eps_avg_yearly": 1.75,
            "eps_latest_yearly": 2.32,
            "eps_growth_yearly": 33.39
        },
        "20143": {
            "year_quarter": 20143,
            "year": 2014,
            "quarter": 3,
            "eps": 0.87,
            "eps_growth_year": 77.55,
            "eps_4q": 2.39,
            "eps_4q_growth_year": 25.05,
            "roe": 3.56,
            "roe_4q": 9.48,
            "gross_profit": 251367,
            "gross_margin": 23.64,
            "gross_margin_4q_avg": 22.32,
            "net_income": 115283,
            "revenue": 1063163,
            "common_shares": 1269692,
            "book_valuer_per_share": 25.25,
            "book_valuer_per_share_4q_avg": 22.96,
            "equity": 3270220,
            "current_ratio": 150.6,
            "debt_ratio": 52.82,
            "inventory_turnover_ratio": 0.77,
            "account_receivable_turnover_ratio": 0.75,
            "reinvestment_rate": -41.54,
            "research_to_sale_ratio": 1.8,
            "price_fair": 61.51,
            "eps_avg_yearly": 1.76,
            "eps_latest_yearly": 3.48,
            "eps_growth_yearly": 45.59
        },
        "20144": {
            "year_quarter": 20144,
            "year": 2014,
            "quarter": 4,
            "eps": 0.88,
            "eps_growth_year": 139.19,
            "eps_4q": 2.87,
            "eps_4q_growth_year": 49.54,
            "roe": 3.34,
            "roe_4q": 11.13,
            "gross_profit": 243891,
            "gross_margin": 23.76,
            "gross_margin_4q_avg": 23.36,
            "net_income": 112696,
            "revenue": 1026400,
            "common_shares": 1269692,
            "book_valuer_per_share": 26.92,
            "book_valuer_per_share_4q_avg": 24.19,
            "equity": 3485158,
            "current_ratio": 168.17,
            "debt_ratio": 52.35,
            "inventory_turnover_ratio": 0.69,
            "account_receivable_turnover_ratio": 0.68,
            "reinvestment_rate": -42.79,
            "research_to_sale_ratio": 2.06,
            "price_fair": 67.73,
            "eps_avg_yearly": 1.94,
            "eps_latest_yearly": 3.52,
            "eps_growth_yearly": 65.76
        },
        "20151": {
            "year_quarter": 20151,
            "year": 2015,
            "quarter": 1,
            "eps": 1.11,
            "eps_growth_year": 177.5,
            "eps_4q": 3.53,
            "eps_4q_growth_year": 94.91,
            "roe": 4.03,
            "roe_4q": 13.49,
            "gross_profit": 295471,
            "gross_margin": 25.48,
            "gross_margin_4q_avg": 24.31,
            "net_income": 142602,
            "revenue": 1159699,
            "common_shares": 1269692,
            "book_valuer_per_share": 27.81,
            "book_valuer_per_share_4q_avg": 25.57,
            "equity": 3599041,
            "current_ratio": 166.67,
            "debt_ratio": 51.86,
            "inventory_turnover_ratio": 0.71,
            "account_receivable_turnover_ratio": 0.73,
            "reinvestment_rate": -69.56,
            "research_to_sale_ratio": 1.69,
            "price_fair": 75.08,
            "eps_avg_yearly": 2.15,
            "eps_latest_yearly": 4.44,
            "eps_growth_yearly": 57.58
        },
        "20152": {
            "year_quarter": 20152,
            "year": 2015,
            "quarter": 2,
            "eps": 1.06,
            "eps_growth_year": 82.76,
            "eps_4q": 3.95,
            "eps_4q_growth_year": 112.96,
            "roe": 3.84,
            "roe_4q": 14.770000000000001,
            "gross_profit": 289772,
            "gross_margin": 24.21,
            "gross_margin_4q_avg": 24.27,
            "net_income": 135968,
            "revenue": 1196776,
            "common_shares": 1269692,
            "book_valuer_per_share": 26.93,
            "book_valuer_per_share_4q_avg": 26.73,
            "equity": 3488611,
            "current_ratio": 172.66,
            "debt_ratio": 55.82,
            "inventory_turnover_ratio": 0.7,
            "account_receivable_turnover_ratio": 0.71,
            "reinvestment_rate": -89.35,
            "research_to_sale_ratio": 1.74,
            "price_fair": 80.5,
            "eps_avg_yearly": 2.3,
            "eps_latest_yearly": 4.24,
            "eps_growth_yearly": 40.72
        },
        "20153": {
            "year_quarter": 20153,
            "year": 2015,
            "quarter": 3,
            "eps": 1.2,
            "eps_growth_year": 37.93,
            "eps_4q": 4.26,
            "eps_4q_growth_year": 77.84,
            "roe": 4.21,
            "roe_4q": 15.420000000000002,
            "gross_profit": 299111,
            "gross_margin": 24.59,
            "gross_margin_4q_avg": 24.51,
            "net_income": 152837,
            "revenue": 1216156,
            "common_shares": 1269692,
            "book_valuer_per_share": 29.19,
            "book_valuer_per_share_4q_avg": 27.71,
            "equity": 3779340,
            "current_ratio": 163.01,
            "debt_ratio": 55.41,
            "inventory_turnover_ratio": 0.67,
            "account_receivable_turnover_ratio": 0.67,
            "reinvestment_rate": -110.39,
            "research_to_sale_ratio": 1.81,
            "price_fair": 87.76,
            "eps_avg_yearly": 2.51,
            "eps_latest_yearly": 4.8,
            "eps_growth_yearly": 48
        },
        "20154": {
            "year_quarter": 20154,
            "year": 2015,
            "quarter": 4,
            "eps": 1.04,
            "eps_growth_year": 17.82,
            "eps_4q": 4.41,
            "eps_4q_growth_year": 53.99,
            "roe": 3.51,
            "roe_4q": 15.59,
            "gross_profit": 299017,
            "gross_margin": 25.18,
            "gross_margin_4q_avg": 24.87,
            "net_income": 133705,
            "revenue": 1187693,
            "common_shares": 1269692,
            "book_valuer_per_share": 29.7,
            "book_valuer_per_share_4q_avg": 28.41,
            "equity": 3844878,
            "current_ratio": 161.94,
            "debt_ratio": 55.64,
            "inventory_turnover_ratio": 0.61,
            "account_receivable_turnover_ratio": 0.64,
            "reinvestment_rate": -102.29,
            "research_to_sale_ratio": 1.68,
            "price_fair": 93.63,
            "eps_avg_yearly": 2.68,
            "eps_latest_yearly": 4.16,
            "eps_growth_yearly": 44.66
        },
        "20161": {
            "year_quarter": 20161,
            "year": 2016,
            "quarter": 1,
            "eps": 1.14,
            "eps_growth_year": 2.7,
            "eps_4q": 4.44,
            "eps_4q_growth_year": 25.78,
            "roe": 3.83,
            "roe_4q": 15.39,
            "gross_profit": 312991,
            "gross_margin": 25.96,
            "gross_margin_4q_avg": 24.99,
            "net_income": 148647,
            "revenue": 1205889,
            "common_shares": 1269845,
            "book_valuer_per_share": 30.16,
            "book_valuer_per_share_4q_avg": 29,
            "equity": 3907730,
            "current_ratio": 171.76,
            "debt_ratio": 54.19,
            "inventory_turnover_ratio": 0.58,
            "account_receivable_turnover_ratio": 0.69,
            "reinvestment_rate": -91.56,
            "research_to_sale_ratio": 1.47,
            "price_fair": 101.15,
            "eps_avg_yearly": 2.89,
            "eps_latest_yearly": 4.56,
            "eps_growth_yearly": 53.15
        },
        "20162": {
            "year_quarter": 20162,
            "year": 2016,
            "quarter": 2,
            "eps": 1.21,
            "eps_growth_year": 14.15,
            "eps_4q": 4.59,
            "eps_4q_growth_year": 16.4,
            "roe": 4.2,
            "roe_4q": 15.75,
            "gross_profit": 335273,
            "gross_margin": 26.67,
            "gross_margin_4q_avg": 25.6,
            "net_income": 156711,
            "revenue": 1257105,
            "common_shares": 1269845,
            "book_valuer_per_share": 27.39,
            "book_valuer_per_share_4q_avg": 29.11,
            "equity": 3557497,
            "current_ratio": 160.7,
            "debt_ratio": 59.25,
            "inventory_turnover_ratio": 0.57,
            "account_receivable_turnover_ratio": 0.72,
            "reinvestment_rate": -84.41,
            "research_to_sale_ratio": 1.59,
            "price_fair": 106.93,
            "eps_avg_yearly": 3.06,
            "eps_latest_yearly": 4.84,
            "eps_growth_yearly": 30.58
        },
        "20163": {
            "year_quarter": 20163,
            "year": 2016,
            "quarter": 3,
            "eps": 1.61,
            "eps_growth_year": 34.17,
            "eps_4q": 4.98,
            "eps_4q_growth_year": 16.94,
            "roe": 5.84,
            "roe_4q": 17.38,
            "gross_profit": 444428,
            "gross_margin": 29.07,
            "gross_margin_4q_avg": 26.72,
            "net_income": 210982,
            "revenue": 1528975,
            "common_shares": 1269845,
            "book_valuer_per_share": 28.08,
            "book_valuer_per_share_4q_avg": 28.83,
            "equity": 3672219,
            "current_ratio": 141.39,
            "debt_ratio": 60.96,
            "inventory_turnover_ratio": 0.65,
            "account_receivable_turnover_ratio": 0.81,
            "reinvestment_rate": -64.75,
            "research_to_sale_ratio": 1.61,
            "price_fair": 116.03,
            "eps_avg_yearly": 3.32,
            "eps_latest_yearly": 6.44,
            "eps_growth_yearly": 37.93
        },
        "20164": {
            "year_quarter": 20164,
            "year": 2016,
            "quarter": 4,
            "eps": 1.37,
            "eps_growth_year": 31.71,
            "eps_4q": 5.29,
            "eps_4q_growth_year": 19.83,
            "roe": 4.93,
            "roe_4q": 18.799999999999997,
            "gross_profit": 376606,
            "gross_margin": 26.99,
            "gross_margin_4q_avg": 27.17,
            "net_income": 185637,
            "revenue": 1395366,
            "common_shares": 1284860,
            "book_valuer_per_share": 29.34,
            "book_valuer_per_share_4q_avg": 28.74,
            "equity": 3863907,
            "current_ratio": 143.06,
            "debt_ratio": 60.6,
            "inventory_turnover_ratio": 0.56,
            "account_receivable_turnover_ratio": 0.69,
            "reinvestment_rate": -55.49,
            "research_to_sale_ratio": 2.08,
            "price_fair": 125.04,
            "eps_avg_yearly": 3.57,
            "eps_latest_yearly": 5.48,
            "eps_growth_yearly": 44.29
        },
        "20171": {
            "year_quarter": 20171,
            "year": 2017,
            "quarter": 1,
            "eps": 1.11,
            "eps_growth_year": -2.63,
            "eps_4q": 5.08,
            "eps_4q_growth_year": 14.18,
            "roe": 3.68,
            "roe_4q": 18.65,
            "gross_profit": 330349,
            "gross_margin": 24.8,
            "gross_margin_4q_avg": 26.88,
            "net_income": 146608,
            "revenue": 1332241,
            "common_shares": 1338988,
            "book_valuer_per_share": 29.9,
            "book_valuer_per_share_4q_avg": 28.68,
            "equity": 4100224,
            "current_ratio": 136.69,
            "debt_ratio": 58.77,
            "inventory_turnover_ratio": 0.51,
            "account_receivable_turnover_ratio": 0.65,
            "reinvestment_rate": 80.03,
            "research_to_sale_ratio": 1.97,
            "price_fair": 130.73,
            "eps_avg_yearly": 3.74,
            "eps_latest_yearly": 4.44,
            "eps_growth_yearly": 30.72
        },
        "20172": {
            "year_quarter": 20172,
            "year": 2017,
            "quarter": 2,
            "eps": 1.58,
            "eps_growth_year": 30.58,
            "eps_4q": 3.83,
            "eps_4q_growth_year": -16.69,
            "roe": 5.34,
            "roe_4q": 19.79,
            "gross_profit": 609706,
            "gross_margin": 24.31,
            "gross_margin_4q_avg": 26.29,
            "net_income": 314255,
            "revenue": 2508389,
            "common_shares": 1994382,
            "book_valuer_per_share": 37.99,
            "book_valuer_per_share_4q_avg": 31.33,
            "equity": 7666627,
            "current_ratio": 146.29,
            "debt_ratio": 55.81,
            "inventory_turnover_ratio": 0.72,
            "account_receivable_turnover_ratio": 0.88,
            "reinvestment_rate": 156.86,
            "research_to_sale_ratio": 1.57,
            "price_fair": 140.18,
            "eps_avg_yearly": 4.01,
            "eps_latest_yearly": 6.32,
            "eps_growth_yearly": 39.14
        },
        "20173": {
            "year_quarter": 20173,
            "year": 2017,
            "quarter": 3,
            "eps": 2.22,
            "eps_growth_year": 37.89,
            "eps_4q": 4.87,
            "eps_4q_growth_year": -2.15,
            "roe": 6.58,
            "roe_4q": 20.53,
            "gross_profit": 934913,
            "gross_margin": 26.74,
            "gross_margin_4q_avg": 25.71,
            "net_income": 453121,
            "revenue": 3495660,
            "common_shares": 1993902,
            "book_valuer_per_share": 26.82,
            "book_valuer_per_share_4q_avg": 31.01,
            "equity": 6112964,
            "current_ratio": 112.16,
            "debt_ratio": 70.99,
            "inventory_turnover_ratio": 0.68,
            "account_receivable_turnover_ratio": 0.88,
            "reinvestment_rate": 156.11,
            "research_to_sale_ratio": 1.74,
            "price_fair": 155.31,
            "eps_avg_yearly": 4.44,
            "eps_latest_yearly": 8.88,
            "eps_growth_yearly": 49.76
        },
        "20174": {
            "year_quarter": 20174,
            "year": 2017,
            "quarter": 4,
            "eps": 1.51,
            "eps_growth_year": 9.98,
            "eps_4q": 4.94,
            "eps_4q_growth_year": -6.6,
            "roe": 4.8,
            "roe_4q": 20.4,
            "gross_profit": 889105,
            "gross_margin": 26.87,
            "gross_margin_4q_avg": 25.68,
            "net_income": 355356,
            "revenue": 3309399,
            "common_shares": 2375047,
            "book_valuer_per_share": 36.2,
            "book_valuer_per_share_4q_avg": 32.73,
            "equity": 8689198,
            "current_ratio": 158.98,
            "debt_ratio": 60.97,
            "inventory_turnover_ratio": 0.6,
            "account_receivable_turnover_ratio": 0.78,
            "reinvestment_rate": 156.98,
            "research_to_sale_ratio": 2.03,
            "price_fair": 165.29,
            "eps_avg_yearly": 4.72,
            "eps_latest_yearly": 6.04,
            "eps_growth_yearly": 47.89
        },
        "20181": {
            "year_quarter": 20181,
            "year": 2018,
            "quarter": 1,
            "eps": 1.1,
            "eps_growth_year": -0.9,
            "eps_4q": 5.42,
            "eps_4q_growth_year": 6.75,
            "roe": 2.92,
            "roe_4q": 19.64,
            "gross_profit": 776911,
            "gross_margin": 25.22,
            "gross_margin_4q_avg": 25.79,
            "net_income": 259795,
            "revenue": 3080908,
            "common_shares": 2375047,
            "book_valuer_per_share": 38.03,
            "book_valuer_per_share_4q_avg": 34.76,
            "equity": 9122569,
            "current_ratio": 163.72,
            "debt_ratio": 60.12,
            "inventory_turnover_ratio": 0.57,
            "account_receivable_turnover_ratio": 0.74,
            "reinvestment_rate": 150.69,
            "research_to_sale_ratio": 1.86,
            "price_fair": 171.41,
            "eps_avg_yearly": 4.9,
            "eps_latest_yearly": 4.4,
            "eps_growth_yearly": 39.07
        },
        "20182": {
            "year_quarter": 20182,
            "year": 2018,
            "quarter": 2,
            "eps": 3.06,
            "eps_growth_year": 93.67,
            "eps_4q": 5.8,
            "eps_4q_growth_year": 51.51,
            "roe": 4.92,
            "roe_4q": 19.22,
            "gross_profit": 1465510,
            "gross_margin": 34.07,
            "gross_margin_4q_avg": 28.23,
            "net_income": 772476,
            "revenue": 4301788,
            "common_shares": 3057359,
            "book_valuer_per_share": 72.69,
            "book_valuer_per_share_4q_avg": 43.44,
            "equity": 22298382,
            "current_ratio": 167.21,
            "debt_ratio": 42.76,
            "inventory_turnover_ratio": 0.6,
            "account_receivable_turnover_ratio": 0.83,
            "reinvestment_rate": 177.5,
            "research_to_sale_ratio": 1.53,
            "price_fair": 193.11,
            "eps_avg_yearly": 5.52,
            "eps_latest_yearly": 12.24,
            "eps_growth_yearly": 72.37
        },
        "20183": {
            "year_quarter": 20183,
            "year": 2018,
            "quarter": 3,
            "eps": 5.28,
            "eps_growth_year": 137.84,
            "eps_4q": 12.63,
            "eps_4q_growth_year": 159.48,
            "roe": 6.52,
            "roe_4q": 19.16,
            "gross_profit": 2536610,
            "gross_margin": 41.98,
            "gross_margin_4q_avg": 32.04,
            "net_income": 1466438,
            "revenue": 6042100,
            "common_shares": 2228496,
            "book_valuer_per_share": 99.95,
            "book_valuer_per_share_4q_avg": 61.72,
            "equity": 22694911,
            "current_ratio": 166.78,
            "debt_ratio": 44.01,
            "inventory_turnover_ratio": 0.66,
            "account_receivable_turnover_ratio": 0.86,
            "reinvestment_rate": 139.46,
            "research_to_sale_ratio": 1.77,
            "price_fair": 231.7,
            "eps_avg_yearly": 6.62,
            "eps_latest_yearly": 21.12,
            "eps_growth_yearly": 78.01
        },
        "20184": {
            "year_quarter": 20184,
            "year": 2018,
            "quarter": 4,
            "eps": 1.57,
            "eps_growth_year": 4.27,
            "eps_4q": 11.85,
            "eps_4q_growth_year": 139.99,
            "roe": 1.55,
            "roe_4q": 15.91,
            "gross_profit": 1351205,
            "gross_margin": 32.73,
            "gross_margin_4q_avg": 33.5,
            "net_income": 367386,
            "revenue": 4128211,
            "common_shares": 2429930,
            "book_valuer_per_share": 100.75,
            "book_valuer_per_share_4q_avg": 77.86,
            "equity": 24574331,
            "current_ratio": 174.57,
            "debt_ratio": 40.13,
            "inventory_turnover_ratio": 0.5,
            "account_receivable_turnover_ratio": 0.57,
            "reinvestment_rate": 143.27,
            "research_to_sale_ratio": 2.22,
            "price_fair": 237.74,
            "eps_avg_yearly": 6.79,
            "eps_latest_yearly": 6.28,
            "eps_growth_yearly": 60.15
        },
        "20191": {
            "year_quarter": 20191,
            "year": 2019,
            "quarter": 1,
            "eps": 1.33,
            "eps_growth_year": 20.91,
            "eps_4q": 12.11,
            "eps_4q_growth_year": 123.53,
            "roe": 1.31,
            "roe_4q": 14.299999999999999,
            "gross_profit": 1077448,
            "gross_margin": 29.14,
            "gross_margin_4q_avg": 34.48,
            "net_income": 325467,
            "revenue": 3697555,
            "common_shares": 2431757,
            "book_valuer_per_share": 103.22,
            "book_valuer_per_share_4q_avg": 94.15,
            "equity": 25182013,
            "current_ratio": 155.43,
            "debt_ratio": 38,
            "inventory_turnover_ratio": 0.45,
            "account_receivable_turnover_ratio": 0.61,
            "reinvestment_rate": 123.95,
            "research_to_sale_ratio": 2.66,
            "price_fair": 239.66,
            "eps_avg_yearly": 6.85,
            "eps_latest_yearly": 5.32,
            "eps_growth_yearly": 49.8
        },
        "20192": {
            "year_quarter": 20192,
            "year": 2019,
            "quarter": 2,
            "eps": 1.27,
            "eps_growth_year": -58.5,
            "eps_4q": 10.18,
            "eps_4q_growth_year": 75.52,
            "roe": 1.27,
            "roe_4q": 10.649999999999999,
            "gross_profit": 1054594,
            "gross_margin": 26.26,
            "gross_margin_4q_avg": 32.53,
            "net_income": 308030,
            "revenue": 4016515,
            "common_shares": 2432385,
            "book_valuer_per_share": 96,
            "book_valuer_per_share_4q_avg": 99.98,
            "equity": 23468793,
            "current_ratio": 132.28,
            "debt_ratio": 42.69,
            "inventory_turnover_ratio": 0.52,
            "account_receivable_turnover_ratio": 0.75,
            "reinvestment_rate": 122.4,
            "research_to_sale_ratio": 2.83,
            "price_fair": 241.5,
            "eps_avg_yearly": 6.9,
            "eps_latest_yearly": 5.08,
            "eps_growth_yearly": 49.8
        },
        "20193": {
            "year_quarter": 20193,
            "year": 2019,
            "quarter": 3,
            "eps": 1.51,
            "eps_growth_year": -71.4,
            "eps_4q": 5.67,
            "eps_4q_growth_year": -55.15,
            "roe": 1.57,
            "roe_4q": 5.7,
            "gross_profit": 943349,
            "gross_margin": 22.65,
            "gross_margin_4q_avg": 27.7,
            "net_income": 367690,
            "revenue": 4164354,
            "common_shares": 2436787,
            "book_valuer_per_share": 95.44,
            "book_valuer_per_share_4q_avg": 98.85,
            "equity": 23337075,
            "current_ratio": 130.44,
            "debt_ratio": 43.09,
            "inventory_turnover_ratio": 0.61,
            "account_receivable_turnover_ratio": 0.76,
            "reinvestment_rate": 110.1,
            "research_to_sale_ratio": 2.88,
            "price_fair": 244.21,
            "eps_avg_yearly": 6.98,
            "eps_latest_yearly": 6.04,
            "eps_growth_yearly": 51.22
        },
        "20194": {
            "year_quarter": 20194,
            "year": 2019,
            "quarter": 4,
            "eps": 0.6,
            "eps_growth_year": -61.76,
            "eps_4q": 4.65,
            "eps_4q_growth_year": -60.81,
            "roe": 0.63,
            "roe_4q": 4.78,
            "gross_profit": 608322,
            "gross_margin": 15.24,
            "gross_margin_4q_avg": 23.32,
            "net_income": 148823,
            "revenue": 3992140,
            "common_shares": 2437199,
            "book_valuer_per_share": 95.33,
            "book_valuer_per_share_4q_avg": 97.5,
            "equity": 23618409,
            "current_ratio": 145.24,
            "debt_ratio": 41.3,
            "inventory_turnover_ratio": 0.71,
            "account_receivable_turnover_ratio": 0.74,
            "reinvestment_rate": 105.31,
            "research_to_sale_ratio": 3,
            "price_fair": 240.36,
            "eps_avg_yearly": 6.87,
            "eps_latest_yearly": 2.4,
            "eps_growth_yearly": 39.49
        },
        "20201": {
            "year_quarter": 20201,
            "year": 2020,
            "quarter": 1,
            "eps": 1.03,
            "eps_growth_year": -22.56,
            "eps_4q": 4.25,
            "eps_4q_growth_year": -64.95,
            "roe": 1.11,
            "roe_4q": 4.58,
            "gross_profit": 912214,
            "gross_margin": 25.19,
            "gross_margin_4q_avg": 22.34,
            "net_income": 262910,
            "revenue": 3620875,
            "common_shares": 2469782,
            "book_valuer_per_share": 91.97,
            "book_valuer_per_share_4q_avg": 94.69,
            "equity": 23559893,
            "current_ratio": 141.29,
            "debt_ratio": 41.63,
            "inventory_turnover_ratio": 0.58,
            "account_receivable_turnover_ratio": 0.71,
            "reinvestment_rate": 103.74,
            "research_to_sale_ratio": 3.4,
            "price_fair": 239.4,
            "eps_avg_yearly": 6.84,
            "eps_latest_yearly": 4.12,
            "eps_growth_yearly": 55
        },
        "20202": {
            "year_quarter": 20202,
            "year": 2020,
            "quarter": 2,
            "eps": 2.31,
            "eps_growth_year": 81.89,
            "eps_4q": 5.33,
            "eps_4q_growth_year": -47.67,
            "roe": 2.51,
            "roe_4q": 5.82,
            "gross_profit": 1388754,
            "gross_margin": 30.88,
            "gross_margin_4q_avg": 23.49,
            "net_income": 596307,
            "revenue": 4497943,
            "common_shares": 2553401,
            "book_valuer_per_share": 93.18,
            "book_valuer_per_share_4q_avg": 93.98,
            "equity": 23984726,
            "current_ratio": 160.54,
            "debt_ratio": 41.64,
            "inventory_turnover_ratio": 0.63,
            "account_receivable_turnover_ratio": 0.83,
            "reinvestment_rate": 92.39,
            "research_to_sale_ratio": 3.2,
            "price_fair": 249.03,
            "eps_avg_yearly": 7.12,
            "eps_latest_yearly": 9.24,
            "eps_growth_yearly": 84.53
        },
        "20203": {
            "year_quarter": 20203,
            "year": 2020,
            "quarter": 3,
            "eps": 2.11,
            "eps_growth_year": 39.74,
            "eps_4q": 5.98,
            "eps_4q_growth_year": 5.51,
            "roe": 2.25,
            "roe_4q": 6.5,
            "gross_profit": 1352151,
            "gross_margin": 28.22,
            "gross_margin_4q_avg": 24.88,
            "net_income": 549431,
            "revenue": 4790935,
            "common_shares": 2565481,
            "book_valuer_per_share": 95.92,
            "book_valuer_per_share_4q_avg": 94.1,
            "equity": 24823750,
            "current_ratio": 173.15,
            "debt_ratio": 40.48,
            "inventory_turnover_ratio": 0.71,
            "account_receivable_turnover_ratio": 0.81,
            "reinvestment_rate": 84.4,
            "research_to_sale_ratio": 3.09,
            "price_fair": 253.4,
            "eps_avg_yearly": 7.24,
            "eps_latest_yearly": 8.44,
            "eps_growth_yearly": 74.1
        },
        "20204": {
            "year_quarter": 20204,
            "year": 2020,
            "quarter": 4,
            "eps": 0.5,
            "eps_growth_year": -17.32,
            "eps_4q": 5.79,
            "eps_4q_growth_year": 24.63,
            "roe": 0.53,
            "roe_4q": 6.4,
            "gross_profit": 1012809,
            "gross_margin": 22.37,
            "gross_margin_4q_avg": 26.67,
            "net_income": 134425,
            "revenue": 4528246,
            "common_shares": 2579450,
            "book_valuer_per_share": 98.92,
            "book_valuer_per_share_4q_avg": 95,
            "equity": 25599669,
            "current_ratio": 170.27,
            "debt_ratio": 39.15,
            "inventory_turnover_ratio": 0.78,
            "account_receivable_turnover_ratio": 0.75,
            "reinvestment_rate": 96.32,
            "research_to_sale_ratio": 3.22,
            "price_fair": 245.79,
            "eps_avg_yearly": 7.02,
            "eps_latest_yearly": 2,
            "eps_growth_yearly": 58.75
        },
        "20211": {
            "year_quarter": 20211,
            "year": 2021,
            "quarter": 1,
            "eps": 1.87,
            "eps_growth_year": 81.55,
            "eps_4q": 6.66,
            "eps_4q_growth_year": 57,
            "roe": 2.09,
            "roe_4q": 7.38,
            "gross_profit": 1242900,
            "gross_margin": 28.49,
            "gross_margin_4q_avg": 27.49,
            "net_income": 533452,
            "revenue": 4362719,
            "common_shares": 2633292,
            "book_valuer_per_share": 96.15,
            "book_valuer_per_share_4q_avg": 96.04,
            "equity": 25513495,
            "current_ratio": 173.27,
            "debt_ratio": 33.58,
            "inventory_turnover_ratio": 0.82,
            "account_receivable_turnover_ratio": 0.73,
            "reinvestment_rate": 72.64,
            "research_to_sale_ratio": 4.01,
            "price_fair": 252.44,
            "eps_avg_yearly": 7.21,
            "eps_latest_yearly": 7.48,
            "eps_growth_yearly": 132
        },
        "20212": {
            "year_quarter": 20212,
            "year": 2021,
            "quarter": 2,
            "eps": 1.57,
            "eps_growth_year": -32.03,
            "eps_4q": 5.99,
            "eps_4q_growth_year": 12.52,
            "roe": 1.64,
            "roe_4q": 6.51,
            "gross_profit": 1431338,
            "gross_margin": 30.76,
            "gross_margin_4q_avg": 27.46,
            "net_income": 421312,
            "revenue": 4653074,
            "common_shares": 2634532,
            "book_valuer_per_share": 96.95,
            "book_valuer_per_share_4q_avg": 96.99,
            "equity": 25717964,
            "current_ratio": 187.04,
            "debt_ratio": 32.25,
            "inventory_turnover_ratio": 0.96,
            "account_receivable_turnover_ratio": 0.76,
            "reinvestment_rate": 43.04,
            "research_to_sale_ratio": 3.78,
            "price_fair": 252.35,
            "eps_avg_yearly": 7.21,
            "eps_latest_yearly": 6.28,
            "eps_growth_yearly": 117.4
        },
        "20213": {
            "year_quarter": 20213,
            "year": 2021,
            "quarter": 3,
            "eps": 0.68,
            "eps_growth_year": -67.77,
            "eps_4q": 4.61,
            "eps_4q_growth_year": -22.89,
            "roe": 0.73,
            "roe_4q": 4.99,
            "gross_profit": 1285456,
            "gross_margin": 28.9,
            "gross_margin_4q_avg": 27.63,
            "net_income": 188716,
            "revenue": 4448082,
            "common_shares": 2634812,
            "book_valuer_per_share": 97.35,
            "book_valuer_per_share_4q_avg": 97.34,
            "equity": 25875730,
            "current_ratio": 192.77,
            "debt_ratio": 32.46,
            "inventory_turnover_ratio": 0.94,
            "account_receivable_turnover_ratio": 0.7,
            "reinvestment_rate": 28.16,
            "research_to_sale_ratio": 4.2,
            "price_fair": 238.88,
            "eps_avg_yearly": 6.83,
            "eps_latest_yearly": 2.72,
            "eps_growth_yearly": 93.1
        }
    },
    "months": {
        "2001-09": {
            "month": "2001-09",
            "price": "30.10",
            "revenue": 93142
        },
        "2001-10": {
            "month": "2001-10",
            "price": "24.31",
            "revenue": 95804
        },
        "2001-11": {
            "month": "2001-11",
            "price": "33.16",
            "revenue": 89239
        },
        "2001-12": {
            "month": "2001-12",
            "price": "42.05",
            "revenue": 59872
        },
        "2002-01": {
            "month": "2002-01",
            "price": "43.66",
            "revenue": 78846
        },
        "2002-02": {
            "month": "2002-02",
            "price": "40.67",
            "revenue": 58173
        },
        "2002-03": {
            "month": "2002-03",
            "price": "47.00",
            "revenue": 80352
        },
        "2002-04": {
            "month": "2002-04",
            "price": "52.21",
            "revenue": 79620
        },
        "2002-05": {
            "month": "2002-05",
            "price": "35.92",
            "revenue": 74950
        },
        "2002-06": {
            "month": "2002-06",
            "price": "29.44",
            "revenue": 63458
        },
        "2002-07": {
            "month": "2002-07",
            "price": "24.00",
            "revenue": 74752
        },
        "2002-08": {
            "month": "2002-08",
            "price": "24.99",
            "revenue": 78018
        },
        "2002-09": {
            "month": "2002-09",
            "price": "16.32",
            "revenue": 76573
        },
        "2002-10": {
            "month": "2002-10",
            "price": "15.58",
            "revenue": 85089
        },
        "2002-11": {
            "month": "2002-11",
            "price": "16.47",
            "revenue": 77445
        },
        "2002-12": {
            "month": "2002-12",
            "price": "17.56",
            "revenue": 65582
        },
        "2003-01": {
            "month": "2003-01",
            "price": "16.18",
            "revenue": 88217
        },
        "2003-02": {
            "month": "2003-02",
            "price": "15.90",
            "revenue": 59802
        },
        "2003-03": {
            "month": "2003-03",
            "price": "14.70",
            "revenue": 78289
        },
        "2003-04": {
            "month": "2003-04",
            "price": "13.94",
            "revenue": 70490
        },
        "2003-05": {
            "month": "2003-05",
            "price": "13.19",
            "revenue": 61840
        },
        "2003-06": {
            "month": "2003-06",
            "price": "16.43",
            "revenue": 59764
        },
        "2003-07": {
            "month": "2003-07",
            "price": "18.85",
            "revenue": 77960
        },
        "2003-08": {
            "month": "2003-08",
            "price": "16.47",
            "revenue": 85063
        },
        "2003-09": {
            "month": "2003-09",
            "price": "16.41",
            "revenue": 88536
        },
        "2003-10": {
            "month": "2003-10",
            "price": "16.90",
            "revenue": 103181
        },
        "2003-11": {
            "month": "2003-11",
            "price": "19.71",
            "revenue": 93006
        },
        "2003-12": {
            "month": "2003-12",
            "price": "20.93",
            "revenue": 82485
        },
        "2004-01": {
            "month": "2004-01",
            "price": "20.85",
            "revenue": 63708
        },
        "2004-02": {
            "month": "2004-02",
            "price": "22.96",
            "revenue": 87629
        },
        "2004-03": {
            "month": "2004-03",
            "price": "22.73",
            "revenue": 100067
        },
        "2004-04": {
            "month": "2004-04",
            "price": "23.84",
            "revenue": 100670
        },
        "2004-05": {
            "month": "2004-05",
            "price": "20.58",
            "revenue": 90330
        },
        "2004-06": {
            "month": "2004-06",
            "price": "18.63",
            "revenue": 84824
        },
        "2004-07": {
            "month": "2004-07",
            "price": "17.15",
            "revenue": 96822
        },
        "2004-08": {
            "month": "2004-08",
            "price": "16.23",
            "revenue": 98281
        },
        "2004-09": {
            "month": "2004-09",
            "price": "15.69",
            "revenue": 98546
        },
        "2004-10": {
            "month": "2004-10",
            "price": "13.89",
            "revenue": 104934
        },
        "2004-11": {
            "month": "2004-11",
            "price": "12.83",
            "revenue": 95848
        },
        "2004-12": {
            "month": "2004-12",
            "price": "12.67",
            "revenue": 83813
        },
        "2005-01": {
            "month": "2005-01",
            "price": "12.35",
            "revenue": 98043
        },
        "2005-02": {
            "month": "2005-02",
            "price": "13.15",
            "revenue": 68180
        },
        "2005-03": {
            "month": "2005-03",
            "price": "13.79",
            "revenue": 119083
        },
        "2005-04": {
            "month": "2005-04",
            "price": "13.84",
            "revenue": 108208
        },
        "2005-05": {
            "month": "2005-05",
            "price": "13.75",
            "revenue": 100098
        },
        "2005-06": {
            "month": "2005-06",
            "price": "15.08",
            "revenue": 95167
        },
        "2005-07": {
            "month": "2005-07",
            "price": "16.31",
            "revenue": 99790
        },
        "2005-08": {
            "month": "2005-08",
            "price": "15.41",
            "revenue": 120193
        },
        "2005-09": {
            "month": "2005-09",
            "price": "14.65",
            "revenue": 150068
        },
        "2005-10": {
            "month": "2005-10",
            "price": "14.33",
            "revenue": 141238
        },
        "2005-11": {
            "month": "2005-11",
            "price": "13.58",
            "revenue": 135505
        },
        "2005-12": {
            "month": "2005-12",
            "price": "15.58",
            "revenue": 128009
        },
        "2006-01": {
            "month": "2006-01",
            "price": "19.65",
            "revenue": 119025
        },
        "2006-02": {
            "month": "2006-02",
            "price": "17.72",
            "revenue": 103325
        },
        "2006-03": {
            "month": "2006-03",
            "price": "17.86",
            "revenue": 146718
        },
        "2006-04": {
            "month": "2006-04",
            "price": "20.37",
            "revenue": 116574
        },
        "2006-05": {
            "month": "2006-05",
            "price": "19.35",
            "revenue": 118445
        },
        "2006-06": {
            "month": "2006-06",
            "price": "16.52",
            "revenue": 123395
        },
        "2006-07": {
            "month": "2006-07",
            "price": "16.58",
            "revenue": 127124
        },
        "2006-08": {
            "month": "2006-08",
            "price": "17.31",
            "revenue": 152077
        },
        "2006-09": {
            "month": "2006-09",
            "price": "17.59",
            "revenue": 163490
        },
        "2006-10": {
            "month": "2006-10",
            "price": "17.39",
            "revenue": 139294
        },
        "2006-11": {
            "month": "2006-11",
            "price": "18.25",
            "revenue": 146730
        },
        "2006-12": {
            "month": "2006-12",
            "price": "18.79",
            "revenue": 123889
        },
        "2007-01": {
            "month": "2007-01",
            "price": "22.24",
            "revenue": 141677
        },
        "2007-02": {
            "month": "2007-02",
            "price": "22.88",
            "revenue": 101449
        },
        "2007-03": {
            "month": "2007-03",
            "price": "24.12",
            "revenue": 151986
        },
        "2007-04": {
            "month": "2007-04",
            "price": "27.38",
            "revenue": 140203
        },
        "2007-05": {
            "month": "2007-05",
            "price": "26.15",
            "revenue": 140761
        },
        "2007-06": {
            "month": "2007-06",
            "price": "30.82",
            "revenue": 130819
        },
        "2007-07": {
            "month": "2007-07",
            "price": "31.92",
            "revenue": 154661
        },
        "2007-08": {
            "month": "2007-08",
            "price": "27.93",
            "revenue": 172652
        },
        "2007-09": {
            "month": "2007-09",
            "price": "25.46",
            "revenue": 143180
        },
        "2007-10": {
            "month": "2007-10",
            "price": "24.47",
            "revenue": 154341
        },
        "2007-11": {
            "month": "2007-11",
            "price": "20.27",
            "revenue": 146414
        },
        "2007-12": {
            "month": "2007-12",
            "price": "18.44",
            "revenue": 123907
        },
        "2008-01": {
            "month": "2008-01",
            "price": "15.77",
            "revenue": 208738
        },
        "2008-02": {
            "month": "2008-02",
            "price": "15.29",
            "revenue": 135517
        },
        "2008-03": {
            "month": "2008-03",
            "price": "15.79",
            "revenue": 210601
        },
        "2008-04": {
            "month": "2008-04",
            "price": "16.64",
            "revenue": 214229
        },
        "2008-05": {
            "month": "2008-05",
            "price": "16.69",
            "revenue": 186969
        },
        "2008-06": {
            "month": "2008-06",
            "price": "15.26",
            "revenue": 171015
        },
        "2008-07": {
            "month": "2008-07",
            "price": "13.30",
            "revenue": 220387
        },
        "2008-08": {
            "month": "2008-08",
            "price": "13.31",
            "revenue": 216026
        },
        "2008-09": {
            "month": "2008-09",
            "price": "10.64",
            "revenue": 227837
        },
        "2008-10": {
            "month": "2008-10",
            "price": "8.73",
            "revenue": 207643
        },
        "2008-11": {
            "month": "2008-11",
            "price": "7.22",
            "revenue": 172029
        },
        "2008-12": {
            "month": "2008-12",
            "price": "7.10",
            "revenue": 137483
        },
        "2009-01": {
            "month": "2009-01",
            "price": "7.01",
            "revenue": 104893
        },
        "2009-02": {
            "month": "2009-02",
            "price": "6.98",
            "revenue": 135094
        },
        "2009-03": {
            "month": "2009-03",
            "price": "8.17",
            "revenue": 168229
        },
        "2009-04": {
            "month": "2009-04",
            "price": "10.16",
            "revenue": 178509
        },
        "2009-05": {
            "month": "2009-05",
            "price": "11.26",
            "revenue": 165136
        },
        "2009-06": {
            "month": "2009-06",
            "price": "10.37",
            "revenue": 164361
        },
        "2009-07": {
            "month": "2009-07",
            "price": "11.29",
            "revenue": 200806
        },
        "2009-08": {
            "month": "2009-08",
            "price": "12.32",
            "revenue": 194740
        },
        "2009-09": {
            "month": "2009-09",
            "price": "13.19",
            "revenue": 195281
        },
        "2009-10": {
            "month": "2009-10",
            "price": "16.19",
            "revenue": 185050
        },
        "2009-11": {
            "month": "2009-11",
            "price": "15.93",
            "revenue": 184769
        },
        "2009-12": {
            "month": "2009-12",
            "price": "19.68",
            "revenue": 182491
        },
        "2010-01": {
            "month": "2010-01",
            "price": "23.48",
            "revenue": 201009
        },
        "2010-02": {
            "month": "2010-02",
            "price": "24.98",
            "revenue": 203724
        },
        "2010-03": {
            "month": "2010-03",
            "price": "29.35",
            "revenue": 248090
        },
        "2010-04": {
            "month": "2010-04",
            "price": "31.20",
            "revenue": 252705
        },
        "2010-05": {
            "month": "2010-05",
            "price": "31.10",
            "revenue": 255837
        },
        "2010-06": {
            "month": "2010-06",
            "price": "30.19",
            "revenue": 237353
        },
        "2010-07": {
            "month": "2010-07",
            "price": "31.82",
            "revenue": 297722
        },
        "2010-08": {
            "month": "2010-08",
            "price": "32.33",
            "revenue": 312744
        },
        "2010-09": {
            "month": "2010-09",
            "price": "30.71",
            "revenue": 306036
        },
        "2010-10": {
            "month": "2010-10",
            "price": "28.03",
            "revenue": 218654
        },
        "2010-11": {
            "month": "2010-11",
            "price": "26.65",
            "revenue": 222783
        },
        "2010-12": {
            "month": "2010-12",
            "price": "28.71",
            "revenue": 221133
        },
        "2011-01": {
            "month": "2011-01",
            "price": "29.45",
            "revenue": 250244
        },
        "2011-02": {
            "month": "2011-02",
            "price": "27.33",
            "revenue": 185061
        },
        "2011-03": {
            "month": "2011-03",
            "price": "26.38",
            "revenue": 283889
        },
        "2011-04": {
            "month": "2011-04",
            "price": "28.29",
            "revenue": 290024
        },
        "2011-05": {
            "month": "2011-05",
            "price": "24.37",
            "revenue": 318363
        },
        "2011-06": {
            "month": "2011-06",
            "price": "22.96",
            "revenue": 287209
        },
        "2011-07": {
            "month": "2011-07",
            "price": "19.76",
            "revenue": 288675
        },
        "2011-08": {
            "month": "2011-08",
            "price": "15.58",
            "revenue": 290294
        },
        "2011-09": {
            "month": "2011-09",
            "price": "14.80",
            "revenue": 299843
        },
        "2011-10": {
            "month": "2011-10",
            "price": "14.51",
            "revenue": 278143
        },
        "2011-11": {
            "month": "2011-11",
            "price": "13.39",
            "revenue": 290588
        },
        "2011-12": {
            "month": "2011-12",
            "price": "12.00",
            "revenue": 279250
        },
        "2012-01": {
            "month": "2012-01",
            "price": "12.99",
            "revenue": 265056
        },
        "2012-02": {
            "month": "2012-02",
            "price": "16.38",
            "revenue": 267584
        },
        "2012-03": {
            "month": "2012-03",
            "price": "17.42",
            "revenue": 303511
        },
        "2012-04": {
            "month": "2012-04",
            "price": "15.46",
            "revenue": 321098
        },
        "2012-05": {
            "month": "2012-05",
            "price": "14.94",
            "revenue": 322263
        },
        "2012-06": {
            "month": "2012-06",
            "price": "14.51",
            "revenue": 291827
        },
        "2012-07": {
            "month": "2012-07",
            "price": "14.49",
            "revenue": 301545
        },
        "2012-08": {
            "month": "2012-08",
            "price": "15.44",
            "revenue": 307726
        },
        "2012-09": {
            "month": "2012-09",
            "price": "17.44",
            "revenue": 326794
        },
        "2012-10": {
            "month": "2012-10",
            "price": "16.60",
            "revenue": 289091
        },
        "2012-11": {
            "month": "2012-11",
            "price": "15.40",
            "revenue": 290626
        },
        "2012-12": {
            "month": "2012-12",
            "price": "16.07",
            "revenue": 291084
        },
        "2013-01": {
            "month": "2013-01",
            "price": "16.98",
            "revenue": 334615
        },
        "2013-02": {
            "month": "2013-02",
            "price": "17.77",
            "revenue": 245570
        },
        "2013-03": {
            "month": "2013-03",
            "price": "17.34",
            "revenue": 322547
        },
        "2013-04": {
            "month": "2013-04",
            "price": "16.71",
            "revenue": 345626
        },
        "2013-05": {
            "month": "2013-05",
            "price": "17.40",
            "revenue": 332317
        },
        "2013-06": {
            "month": "2013-06",
            "price": "17.23",
            "revenue": 285884
        },
        "2013-07": {
            "month": "2013-07",
            "price": "16.73",
            "revenue": 322912
        },
        "2013-08": {
            "month": "2013-08",
            "price": "17.23",
            "revenue": 311532
        },
        "2013-09": {
            "month": "2013-09",
            "price": "22.20",
            "revenue": 352786
        },
        "2013-10": {
            "month": "2013-10",
            "price": "26.42",
            "revenue": 270975
        },
        "2013-11": {
            "month": "2013-11",
            "price": "27.68",
            "revenue": 291950
        },
        "2013-12": {
            "month": "2013-12",
            "price": "28.15",
            "revenue": 281214
        },
        "2014-01": {
            "month": "2014-01",
            "price": "30.34",
            "revenue": 333745
        },
        "2014-02": {
            "month": "2014-02",
            "price": "29.11",
            "revenue": 247333
        },
        "2014-03": {
            "month": "2014-03",
            "price": "29.78",
            "revenue": 324070
        },
        "2014-04": {
            "month": "2014-04",
            "price": "27.06",
            "revenue": 340274
        },
        "2014-05": {
            "month": "2014-05",
            "price": "24.79",
            "revenue": 333722
        },
        "2014-06": {
            "month": "2014-06",
            "price": "27.46",
            "revenue": 280872
        },
        "2014-07": {
            "month": "2014-07",
            "price": "29.83",
            "revenue": 349278
        },
        "2014-08": {
            "month": "2014-08",
            "price": "29.95",
            "revenue": 350187
        },
        "2014-09": {
            "month": "2014-09",
            "price": "33.72",
            "revenue": 361278
        },
        "2014-10": {
            "month": "2014-10",
            "price": "28.05",
            "revenue": 329509
        },
        "2014-11": {
            "month": "2014-11",
            "price": "28.16",
            "revenue": 334244
        },
        "2014-12": {
            "month": "2014-12",
            "price": "32.89",
            "revenue": 358196
        },
        "2015-01": {
            "month": "2015-01",
            "price": "36.12",
            "revenue": 424591
        },
        "2015-02": {
            "month": "2015-02",
            "price": "44.96",
            "revenue": 326635
        },
        "2015-03": {
            "month": "2015-03",
            "price": "49.93",
            "revenue": 412841
        },
        "2015-04": {
            "month": "2015-04",
            "price": "57.06",
            "revenue": 425192
        },
        "2015-05": {
            "month": "2015-05",
            "price": "68.98",
            "revenue": 400565
        },
        "2015-06": {
            "month": "2015-06",
            "price": "66.08",
            "revenue": 371199
        },
        "2015-07": {
            "month": "2015-07",
            "price": "55.21",
            "revenue": 400226
        },
        "2015-08": {
            "month": "2015-08",
            "price": "46.07",
            "revenue": 402232
        },
        "2015-09": {
            "month": "2015-09",
            "price": "44.73",
            "revenue": 412863
        },
        "2015-10": {
            "month": "2015-10",
            "price": "46.61",
            "revenue": 403709
        },
        "2015-11": {
            "month": "2015-11",
            "price": "51.53",
            "revenue": 401943
        },
        "2015-12": {
            "month": "2015-12",
            "price": "59.26",
            "revenue": 377687
        },
        "2016-01": {
            "month": "2016-01",
            "price": "65.41",
            "revenue": 473334
        },
        "2016-02": {
            "month": "2016-02",
            "price": "67.28",
            "revenue": 329270
        },
        "2016-03": {
            "month": "2016-03",
            "price": "61.78",
            "revenue": 401623
        },
        "2016-04": {
            "month": "2016-04",
            "price": "56.64",
            "revenue": 400463
        },
        "2016-05": {
            "month": "2016-05",
            "price": "52.98",
            "revenue": 440392
        },
        "2016-06": {
            "month": "2016-06",
            "price": "57.25",
            "revenue": 416100
        },
        "2016-07": {
            "month": "2016-07",
            "price": "61.84",
            "revenue": 488574
        },
        "2016-08": {
            "month": "2016-08",
            "price": "68.92",
            "revenue": 509027
        },
        "2016-09": {
            "month": "2016-09",
            "price": "70.86",
            "revenue": 524898
        },
        "2016-10": {
            "month": "2016-10",
            "price": "72.84",
            "revenue": 465061
        },
        "2016-11": {
            "month": "2016-11",
            "price": "68.41",
            "revenue": 473919
        },
        "2016-12": {
            "month": "2016-12",
            "price": "71.66",
            "revenue": 455216
        },
        "2017-01": {
            "month": "2017-01",
            "price": "71.33",
            "revenue": 475058
        },
        "2017-02": {
            "month": "2017-02",
            "price": "80.79",
            "revenue": 378997
        },
        "2017-03": {
            "month": "2017-03",
            "price": "78.81",
            "revenue": 477849
        },
        "2017-04": {
            "month": "2017-04",
            "price": "75.86",
            "revenue": 474755
        },
        "2017-05": {
            "month": "2017-05",
            "price": "83.76",
            "revenue": 471041
        },
        "2017-06": {
            "month": "2017-06",
            "price": "85.67",
            "revenue": 824118
        },
        "2017-07": {
            "month": "2017-07",
            "price": "78.40",
            "revenue": 923628
        },
        "2017-08": {
            "month": "2017-08",
            "price": "78.93",
            "revenue": 1152114
        },
        "2017-09": {
            "month": "2017-09",
            "price": "86.30",
            "revenue": 1194808
        },
        "2017-10": {
            "month": "2017-10",
            "price": "93.31",
            "revenue": 1086877
        },
        "2017-11": {
            "month": "2017-11",
            "price": "103.41",
            "revenue": 1120174
        },
        "2017-12": {
            "month": "2017-12",
            "price": "93.05",
            "revenue": 1051371
        },
        "2018-01": {
            "month": "2018-01",
            "price": "100.33",
            "revenue": 1141091
        },
        "2018-02": {
            "month": "2018-02",
            "price": "91.95",
            "revenue": 780488
        },
        "2018-03": {
            "month": "2018-03",
            "price": "99.20",
            "revenue": 1152859
        },
        "2018-04": {
            "month": "2018-04",
            "price": "104.32",
            "revenue": 1227703
        },
        "2018-05": {
            "month": "2018-05",
            "price": "120.52",
            "revenue": 1371802
        },
        "2018-06": {
            "month": "2018-06",
            "price": "176.00",
            "revenue": 1708753
        },
        "2018-07": {
            "month": "2018-07",
            "price": "162.05",
            "revenue": 1962765
        },
        "2018-08": {
            "month": "2018-08",
            "price": "112.07",
            "revenue": 2022063
        },
        "2018-09": {
            "month": "2018-09",
            "price": "95.38",
            "revenue": 2057272
        },
        "2018-10": {
            "month": "2018-10",
            "price": "86.75",
            "revenue": 1525206
        },
        "2018-11": {
            "month": "2018-11",
            "price": "80.86",
            "revenue": 1397496
        },
        "2018-12": {
            "month": "2018-12",
            "price": "85.38",
            "revenue": 1205509
        },
        "2019-01": {
            "month": "2019-01",
            "price": "79.99",
            "revenue": 1428035
        },
        "2019-02": {
            "month": "2019-02",
            "price": "90.28",
            "revenue": 997743
        },
        "2019-03": {
            "month": "2019-03",
            "price": "88.45",
            "revenue": 1271777
        },
        "2019-04": {
            "month": "2019-04",
            "price": "100.62",
            "revenue": 1312565
        },
        "2019-05": {
            "month": "2019-05",
            "price": "89.04",
            "revenue": 1367614
        },
        "2019-06": {
            "month": "2019-06",
            "price": "85.32",
            "revenue": 1336336
        },
        "2019-07": {
            "month": "2019-07",
            "price": "87.44",
            "revenue": 1357195
        },
        "2019-08": {
            "month": "2019-08",
            "price": "75.94",
            "revenue": 1406010
        },
        "2019-09": {
            "month": "2019-09",
            "price": "82.17",
            "revenue": 1401149
        },
        "2019-10": {
            "month": "2019-10",
            "price": "86.86",
            "revenue": 1311561
        },
        "2019-11": {
            "month": "2019-11",
            "price": "90.42",
            "revenue": 1329672
        },
        "2019-12": {
            "month": "2019-12",
            "price": "110.66",
            "revenue": 1350907
        },
        "2020-01": {
            "month": "2020-01",
            "price": "127.03",
            "revenue": 1256698
        },
        "2020-02": {
            "month": "2020-02",
            "price": "124.58",
            "revenue": 962463
        },
        "2020-03": {
            "month": "2020-03",
            "price": "88.55",
            "revenue": 1401714
        },
        "2020-04": {
            "month": "2020-04",
            "price": "98.26",
            "revenue": 1573110
        },
        "2020-05": {
            "month": "2020-05",
            "price": "101.78",
            "revenue": 1472979
        },
        "2020-06": {
            "month": "2020-06",
            "price": "96.02",
            "revenue": 1451854
        },
        "2020-07": {
            "month": "2020-07",
            "price": "91.30",
            "revenue": 1599461
        },
        "2020-08": {
            "month": "2020-08",
            "price": "100.37",
            "revenue": 1564952
        },
        "2020-09": {
            "month": "2020-09",
            "price": "96.98",
            "revenue": 1626522
        },
        "2020-10": {
            "month": "2020-10",
            "price": "102.42",
            "revenue": 1479225
        },
        "2020-11": {
            "month": "2020-11",
            "price": "120.02",
            "revenue": 1518485
        },
        "2020-12": {
            "month": "2020-12",
            "price": "122.83",
            "revenue": 1530536
        },
        "2021-01": {
            "month": "2021-01",
            "price": "108.18",
            "revenue": 1803676
        },
        "2021-02": {
            "month": "2021-02",
            "price": "106.12",
            "revenue": 1172724
        },
        "2021-03": {
            "month": "2021-03",
            "price": "107.77",
            "revenue": 1555260
        },
        "2021-04": {
            "month": "2021-04",
            "price": "108.24",
            "revenue": 1623774
        },
        "2021-05": {
            "month": "2021-05",
            "price": "96.20",
            "revenue": 1563911
        },
        "2021-06": {
            "month": "2021-06",
            "price": "98.84",
            "revenue": 1465389
        },
        "2021-07": {
            "month": "2021-07",
            "price": "112.45",
            "revenue": 1532155
        },
        "2021-08": {
            "month": "2021-08",
            "price": "96.92",
            "revenue": 1509583
        },
        "2021-09": {
            "month": "2021-09",
            "price": "90.52",
            "revenue": 1406344
        },
        "2021-10": {
            "month": "2021-10",
            "price": "82.14",
            "revenue": 1230966
        },
        "2021-11": {
            "month": "2021-11",
            "price": "87.08",
            "revenue": 1230980
        }
    }
}
