{
    "summary": {
        "stock_name": "飛宏",
        "stock_id": "2457",
        "category": "電子零組件",
        "main_business": "電源供應器",
        "website_url": "http://www.phihong.com.tw",
        "ceo": "林洋宏",
        "pe_ratio": 100,
        "report_year_from": 2001,
        "report_year_to": 2023,
        "age": 22,
        "eps_negative_percentage": 26,
        "eps_growth_avg": {
            "last_all": -16.29,
            "last_2y": null,
            "last_4y": -100,
            "last_8y": -67.88,
            "last_12y": -38.2,
            "last_16y": -18.56,
            "last_20y": -16.29,
            "at_2006_last_3y": -0.93,
            "at_2007_last_3y": 15.67,
            "at_2008_last_3y": 15.81,
            "at_2009_last_3y": 15.81,
            "at_2010_last_3y": 30.42,
            "at_2011_last_3y": 27.65,
            "at_2012_last_3y": 21.66,
            "at_2013_last_3y": -15.95,
            "at_2014_last_3y": -33.37,
            "at_2015_last_3y": -58.17,
            "at_2016_last_3y": -51.36,
            "at_2017_last_3y": -51.82,
            "at_2018_last_3y": -100,
            "at_2019_last_3y": -100,
            "at_2020_last_3y": -100,
            "at_2021_last_3y": -100,
            "at_2022_last_3y": null,
            "at_2023_last_3y": null,
            "at_2006_last_all": -6.51,
            "at_2007_last_all": -3.71,
            "at_2008_last_all": -10.99,
            "at_2009_last_all": 2.88,
            "at_2010_last_all": 9.9,
            "at_2011_last_all": 8.83,
            "at_2012_last_all": 0.88,
            "at_2013_last_all": -3.39,
            "at_2014_last_all": -3.41,
            "at_2015_last_all": -10.31,
            "at_2016_last_all": -10.31,
            "at_2017_last_all": -10.31,
            "at_2018_last_all": -16.29,
            "at_2019_last_all": -16.29,
            "at_2020_last_all": -16.29,
            "at_2021_last_all": -16.29,
            "at_2022_last_all": -16.29,
            "at_2023_last_all": -16.29
        },
        "latest_eps": 0.52,
        "latest_price": 76.6,
        "latest_roe": 3.21,
        "latest_gross_margin": 23.78,
        "latest_equity": 6246320,
        "latest_revenue": 2779899,
        "latest_gross_profit": 661124,
        "latest_net_income": 43770,
        "latest_debt_ratio": 57.1,
        "latest_current_ratio": 161.12,
        "latest_account_receivable_turnover_ratio": 1.04,
        "latest_inventory_turnover_ratio": 0.68,
        "latest_reinvestment_rate": null,
        "latest_research_to_sale_ratio": 7.31
    },
    "eps_dividends": {
        "1998": {
            "cash": 0,
            "stock": 7.21,
            "eps": 0
        },
        "1999": {
            "cash": 0,
            "stock": 6.05,
            "eps": 0
        },
        "2000": {
            "cash": 0,
            "stock": 4,
            "eps": 0
        },
        "2001": {
            "cash": 0.5,
            "stock": 2.5,
            "eps": 3.36
        },
        "2002": {
            "cash": 0.7,
            "stock": 1.8,
            "eps": 2.39
        },
        "2003": {
            "cash": 0.82,
            "stock": 1.23,
            "eps": 1.05
        },
        "2004": {
            "cash": 0.55,
            "stock": 0.55,
            "eps": 0.47
        },
        "2005": {
            "cash": 0,
            "stock": 0.3,
            "eps": 1.71
        },
        "2006": {
            "cash": 0.75,
            "stock": 0.75,
            "eps": 1.84
        },
        "2007": {
            "cash": 1,
            "stock": 0.45,
            "eps": 2.03
        },
        "2008": {
            "cash": 0.7,
            "stock": 0.87,
            "eps": 0.92
        },
        "2009": {
            "cash": 0.78,
            "stock": 0,
            "eps": 3.15
        },
        "2010": {
            "cash": 2.83,
            "stock": 0,
            "eps": 5.23
        },
        "2011": {
            "cash": 7.4399999999999995,
            "stock": 0,
            "eps": 5.19
        },
        "2012": {
            "cash": 0,
            "stock": 0,
            "eps": 1.11
        },
        "2013": {
            "cash": 1,
            "stock": 0,
            "eps": 0.55
        },
        "2014": {
            "cash": 0.5,
            "stock": 0,
            "eps": 0.53
        },
        "2015": {
            "cash": 0.48,
            "stock": 0,
            "eps": -1.83
        },
        "2016": {
            "cash": 0,
            "stock": 0,
            "eps": -1.09
        },
        "2017": {
            "cash": 0,
            "stock": 0,
            "eps": 0.04
        },
        "2018": {
            "cash": 0,
            "stock": 0,
            "eps": -0.73
        },
        "2019": {
            "cash": 0,
            "stock": 0,
            "eps": -0.11
        },
        "2020": {
            "cash": 0,
            "stock": 0,
            "eps": -0.46
        },
        "2021": {
            "cash": 0,
            "stock": 0,
            "eps": -0.93
        },
        "2022": {
            "cash": 0,
            "stock": 0,
            "eps": 0.19
        },
        "2023": {
            "cash": 0,
            "stock": 0,
            "eps": 0.12
        }
    },
    "dividends": {
        "1998-06-18": {
            "cash": 0,
            "stock": 7.21
        },
        "1999-05-20": {
            "cash": 0,
            "stock": 6.05
        },
        "2000-04-26": {
            "cash": 0,
            "stock": 4
        },
        "2001-04-27": {
            "cash": 0.5,
            "stock": 2.5
        },
        "2002-06-10": {
            "cash": 0.7,
            "stock": 1.8
        },
        "2003-03-24": {
            "cash": 0.82,
            "stock": 1.23
        },
        "2004-03-08": {
            "cash": 0.55,
            "stock": 0.55
        },
        "2005-04-27": {
            "cash": 0,
            "stock": 0.3
        },
        "2006-04-20": {
            "cash": 0.75,
            "stock": 0.75
        },
        "2007-03-26": {
            "cash": 1,
            "stock": 0.45
        },
        "2008-04-25": {
            "cash": 0.7,
            "stock": 0.87
        },
        "2009-04-24": {
            "cash": 0.78,
            "stock": 0
        },
        "2010-04-27": {
            "cash": 2.83,
            "stock": 0
        },
        "2011-01-01": {
            "cash": 3.59,
            "stock": 0
        },
        "2011-04-22": {
            "cash": 3.85,
            "stock": 0
        },
        "2013-03-22": {
            "cash": 1,
            "stock": 0
        },
        "2014-09-05": {
            "cash": 0.5,
            "stock": 0
        },
        "2015-09-03": {
            "cash": 0.48,
            "stock": 0
        }
    },
    "prices": {
        "200101": "無",
        "200102": "無",
        "200103": "無",
        "200104": "無",
        "200105": "無",
        "200106": "無",
        "200107": "無",
        "200108": "無",
        "200109": "29.36",
        "200110": "31.78",
        "200111": "43.57",
        "200112": "58.40",
        "200201": "59.14",
        "200202": "53.59",
        "200203": "60.00",
        "200204": "64.69",
        "200205": "54.16",
        "200206": "51.46",
        "200207": "46.69",
        "200208": "49.30",
        "200209": "46.02",
        "200210": "39.80",
        "200211": "38.83",
        "200212": "33.40",
        "200301": "30.91",
        "200302": "27.56",
        "200303": "23.32",
        "200304": "23.56",
        "200305": "20.02",
        "200306": "22.86",
        "200307": "23.37",
        "200308": "20.41",
        "200309": "18.55",
        "200310": "19.08",
        "200311": "18.80",
        "200312": "20.59",
        "200401": "21.37",
        "200402": "22.60",
        "200403": "20.51",
        "200404": "20.28",
        "200405": "18.16",
        "200406": "15.66",
        "200407": "13.43",
        "200408": "12.76",
        "200409": "12.09",
        "200410": "11.93",
        "200411": "13.48",
        "200412": "11.87",
        "200501": "9.44",
        "200502": "10.03",
        "200503": "10.78",
        "200504": "10.05",
        "200505": "9.34",
        "200506": "10.72",
        "200507": "12.62",
        "200508": "12.57",
        "200509": "11.03",
        "200510": "10.75",
        "200511": "12.38",
        "200512": "17.62",
        "200601": "21.18",
        "200602": "20.08",
        "200603": "21.59",
        "200604": "22.24",
        "200605": "21.88",
        "200606": "17.14",
        "200607": "16.12",
        "200608": "16.32",
        "200609": "17.14",
        "200610": "18.12",
        "200611": "19.08",
        "200612": "21.18",
        "200701": "27.06",
        "200702": "25.60",
        "200703": "26.63",
        "200704": "25.70",
        "200705": "24.39",
        "200706": "27.15",
        "200707": "37.41",
        "200708": "33.75",
        "200709": "31.90",
        "200710": "31.27",
        "200711": "25.72",
        "200712": "22.58",
        "200801": "17.57",
        "200802": "17.71",
        "200803": "19.01",
        "200804": "20.33",
        "200805": "19.83",
        "200806": "17.51",
        "200807": "13.38",
        "200808": "12.88",
        "200809": "10.29",
        "200810": "8.83",
        "200811": "7.20",
        "200812": "7.08",
        "200901": "7.28",
        "200902": "7.70",
        "200903": "9.81",
        "200904": "10.78",
        "200905": "15.39",
        "200906": "15.31",
        "200907": "17.69",
        "200908": "20.67",
        "200909": "21.51",
        "200910": "25.82",
        "200911": "28.79",
        "200912": "29.88",
        "201001": "31.77",
        "201002": "29.09",
        "201003": "29.98",
        "201004": "30.37",
        "201005": "33.03",
        "201006": "31.87",
        "201007": "34.55",
        "201008": "38.57",
        "201009": "43.78",
        "201010": "59.38",
        "201011": "51.48",
        "201012": "53.89",
        "201101": "51.65",
        "201102": "49.67",
        "201103": "50.69",
        "201104": "54.97",
        "201105": "57.33",
        "201106": "58.63",
        "201107": "54.87",
        "201108": "41.58",
        "201109": "40.35",
        "201110": "38.94",
        "201111": "39.58",
        "201112": "35.92",
        "201201": "36.45",
        "201202": "41.30",
        "201203": "41.85",
        "201204": "39.17",
        "201205": "31.68",
        "201206": "30.43",
        "201207": "29.15",
        "201208": "25.96",
        "201209": "27.06",
        "201210": "23.41",
        "201211": "20.53",
        "201212": "23.89",
        "201301": "24.56",
        "201302": "25.77",
        "201303": "24.87",
        "201304": "23.33",
        "201305": "23.07",
        "201306": "21.24",
        "201307": "20.19",
        "201308": "17.46",
        "201309": "18.29",
        "201310": "17.85",
        "201311": "17.40",
        "201312": "17.48",
        "201401": "19.83",
        "201402": "20.34",
        "201403": "20.96",
        "201404": "20.56",
        "201405": "20.36",
        "201406": "21.54",
        "201407": "21.77",
        "201408": "19.74",
        "201409": "18.99",
        "201410": "16.52",
        "201411": "16.19",
        "201412": "16.88",
        "201501": "17.73",
        "201502": "16.83",
        "201503": "17.10",
        "201504": "16.34",
        "201505": "13.78",
        "201506": "11.75",
        "201507": "10.87",
        "201508": "8.29",
        "201509": "8.21",
        "201510": "9.38",
        "201511": "9.76",
        "201512": "12.92",
        "201601": "11.88",
        "201602": "12.52",
        "201603": "12.34",
        "201604": "11.32",
        "201605": "9.59",
        "201606": "9.55",
        "201607": "9.99",
        "201608": "10.42",
        "201609": "10.32",
        "201610": "9.98",
        "201611": "9.42",
        "201612": "10.71",
        "201701": "11.83",
        "201702": "11.32",
        "201703": "11.97",
        "201704": "14.62",
        "201705": "13.40",
        "201706": "13.22",
        "201707": "12.28",
        "201708": "12.16",
        "201709": "12.85",
        "201710": "12.94",
        "201711": "12.90",
        "201712": "13.46",
        "201801": "13.59",
        "201802": "12.52",
        "201803": "12.35",
        "201804": "11.43",
        "201805": "10.30",
        "201806": "11.16",
        "201807": "10.58",
        "201808": "11.08",
        "201809": "10.48",
        "201810": "8.94",
        "201811": "8.98",
        "201812": "10.45",
        "201901": "10.24",
        "201902": "10.46",
        "201903": "11.08",
        "201904": "10.58",
        "201905": "9.41",
        "201906": "9.13",
        "201907": "9.15",
        "201908": "8.55",
        "201909": "8.97",
        "201910": "8.72",
        "201911": "9.01",
        "201912": "9.98",
        "202001": "9.58",
        "202002": "8.55",
        "202003": "6.63",
        "202004": "6.61",
        "202005": "7.07",
        "202006": "7.96",
        "202007": "9.17",
        "202008": "9.39",
        "202009": "10.31",
        "202010": "11.43",
        "202011": "11.95",
        "202012": "15.86",
        "202101": "16.86",
        "202102": "16.86",
        "202103": "21.79",
        "202104": "37.36",
        "202105": "31.59",
        "202106": "35.79",
        "202107": "39.88",
        "202108": "35.98",
        "202109": "32.88",
        "202110": "32.90",
        "202111": "36.65",
        "202112": "43.43",
        "202201": "46.05",
        "202202": "45.57",
        "202203": "44.59",
        "202204": "43.05",
        "202205": "38.40",
        "202206": "37.97",
        "202207": "34.64",
        "202208": "38.25",
        "202209": "38.08",
        "202210": "35.72",
        "202211": "38.18",
        "202212": "40.47",
        "202301": "39.27",
        "202302": "42.39",
        "202303": "56.29",
        "202304": "70.59",
        "202305": "73.97"
    },
    "quarters": {
        "20011": {
            "year_quarter": 20011,
            "year": 2001,
            "quarter": 1,
            "eps": 0.8,
            "eps_growth_year": -37.98,
            "eps_4q": 4.47,
            "eps_4q_growth_year": -29.73,
            "roe": 3.91,
            "roe_4q": 3.91,
            "gross_profit": 233941,
            "gross_margin": 16.78,
            "gross_margin_4q_avg": 16.78,
            "net_income": 122483,
            "revenue": 1393863,
            "common_shares": 1534600,
            "book_valuer_per_share": 20.83,
            "book_valuer_per_share_4q_avg": 20.83,
            "equity": 3195845,
            "current_ratio": 132.37,
            "debt_ratio": 52.35,
            "inventory_turnover_ratio": 0.97,
            "account_receivable_turnover_ratio": null,
            "reinvestment_rate": null,
            "research_to_sale_ratio": null,
            "price_fair": 0,
            "eps_avg_yearly": 0,
            "eps_latest_yearly": 0,
            "eps_growth_yearly": 0
        },
        "20012": {
            "year_quarter": 20012,
            "year": 2001,
            "quarter": 2,
            "eps": 0.72,
            "eps_growth_year": -26.53,
            "eps_4q": 3.44,
            "eps_4q_growth_year": -25.97,
            "roe": 4.34,
            "roe_4q": 8.25,
            "gross_profit": 234868,
            "gross_margin": 15.76,
            "gross_margin_4q_avg": 16.27,
            "net_income": 141599,
            "revenue": 1490285,
            "common_shares": 1960500,
            "book_valuer_per_share": 17,
            "book_valuer_per_share_4q_avg": 18.92,
            "equity": 3332737,
            "current_ratio": 126.69,
            "debt_ratio": 53.92,
            "inventory_turnover_ratio": 1.13,
            "account_receivable_turnover_ratio": null,
            "reinvestment_rate": null,
            "research_to_sale_ratio": null,
            "price_fair": 0,
            "eps_avg_yearly": 0,
            "eps_latest_yearly": 0,
            "eps_growth_yearly": 0
        },
        "20013": {
            "year_quarter": 20013,
            "year": 2001,
            "quarter": 3,
            "eps": 0.97,
            "eps_growth_year": 4.3,
            "eps_4q": 3.69,
            "eps_4q_growth_year": -14.62,
            "roe": 5.55,
            "roe_4q": 13.8,
            "gross_profit": 330557,
            "gross_margin": 19.04,
            "gross_margin_4q_avg": 17.19,
            "net_income": 190322,
            "revenue": 1736179,
            "common_shares": 1960500,
            "book_valuer_per_share": 17.98,
            "book_valuer_per_share_4q_avg": 18.6,
            "equity": 3524470,
            "current_ratio": 129.99,
            "debt_ratio": 53.89,
            "inventory_turnover_ratio": 1.27,
            "account_receivable_turnover_ratio": null,
            "reinvestment_rate": null,
            "research_to_sale_ratio": null,
            "price_fair": 0,
            "eps_avg_yearly": 0,
            "eps_latest_yearly": 0,
            "eps_growth_yearly": 0
        },
        "20014": {
            "year_quarter": 20014,
            "year": 2001,
            "quarter": 4,
            "eps": 0.87,
            "eps_growth_year": -50.29,
            "eps_4q": 3.18,
            "eps_4q_growth_year": -30.14,
            "roe": 4.71,
            "roe_4q": 18.509999999999998,
            "gross_profit": 228085,
            "gross_margin": 10.2,
            "gross_margin_4q_avg": 15.45,
            "net_income": 170868,
            "revenue": 2235320,
            "common_shares": 1960500,
            "book_valuer_per_share": 19.06,
            "book_valuer_per_share_4q_avg": 18.72,
            "equity": 3736192,
            "current_ratio": 203.97,
            "debt_ratio": 45.4,
            "inventory_turnover_ratio": 1.71,
            "account_receivable_turnover_ratio": null,
            "reinvestment_rate": null,
            "research_to_sale_ratio": null,
            "price_fair": 0,
            "eps_avg_yearly": 0,
            "eps_latest_yearly": 0,
            "eps_growth_yearly": 0
        },
        "20021": {
            "year_quarter": 20021,
            "year": 2002,
            "quarter": 1,
            "eps": 0.4,
            "eps_growth_year": -50,
            "eps_4q": 2.98,
            "eps_4q_growth_year": -33.29,
            "roe": 2.06,
            "roe_4q": 16.66,
            "gross_profit": 184745,
            "gross_margin": 12.59,
            "gross_margin_4q_avg": 14.4,
            "net_income": 77842,
            "revenue": 1467823,
            "common_shares": 1960500,
            "book_valuer_per_share": 19.4,
            "book_valuer_per_share_4q_avg": 18.36,
            "equity": 3803051,
            "current_ratio": 106.56,
            "debt_ratio": 45.23,
            "inventory_turnover_ratio": 1.21,
            "account_receivable_turnover_ratio": null,
            "reinvestment_rate": null,
            "research_to_sale_ratio": null,
            "price_fair": 4.8,
            "eps_avg_yearly": 1.6,
            "eps_latest_yearly": 1.6,
            "eps_growth_yearly": -216.09
        },
        "20022": {
            "year_quarter": 20022,
            "year": 2002,
            "quarter": 2,
            "eps": 0.61,
            "eps_growth_year": -15.28,
            "eps_4q": 2.46,
            "eps_4q_growth_year": -28.28,
            "roe": 3.87,
            "roe_4q": 16.19,
            "gross_profit": 211590,
            "gross_margin": 12.22,
            "gross_margin_4q_avg": 13.51,
            "net_income": 144402,
            "revenue": 1731488,
            "common_shares": 1960500,
            "book_valuer_per_share": 18.69,
            "book_valuer_per_share_4q_avg": 18.78,
            "equity": 3663289,
            "current_ratio": 95.44,
            "debt_ratio": 49.61,
            "inventory_turnover_ratio": 1.75,
            "account_receivable_turnover_ratio": null,
            "reinvestment_rate": null,
            "research_to_sale_ratio": null,
            "price_fair": 6.06,
            "eps_avg_yearly": 2.02,
            "eps_latest_yearly": 2.44,
            "eps_growth_yearly": -3.05
        },
        "20023": {
            "year_quarter": 20023,
            "year": 2002,
            "quarter": 3,
            "eps": 0.91,
            "eps_growth_year": -6.19,
            "eps_4q": 2.58,
            "eps_4q_growth_year": -30.15,
            "roe": 5.08,
            "roe_4q": 15.719999999999999,
            "gross_profit": 275267,
            "gross_margin": 13.32,
            "gross_margin_4q_avg": 12.08,
            "net_income": 214784,
            "revenue": 2067254,
            "common_shares": 2570387,
            "book_valuer_per_share": 18.66,
            "book_valuer_per_share_4q_avg": 18.95,
            "equity": 4796895,
            "current_ratio": 151.3,
            "debt_ratio": 48.77,
            "inventory_turnover_ratio": 2.28,
            "account_receivable_turnover_ratio": null,
            "reinvestment_rate": null,
            "research_to_sale_ratio": null,
            "price_fair": 89.6,
            "eps_avg_yearly": 2.56,
            "eps_latest_yearly": 3.64,
            "eps_growth_yearly": 63.54
        },
        "20024": {
            "year_quarter": 20024,
            "year": 2002,
            "quarter": 4,
            "eps": 0.47,
            "eps_growth_year": -45.98,
            "eps_4q": 2.28,
            "eps_4q_growth_year": -28.38,
            "roe": 2.36,
            "roe_4q": 13.37,
            "gross_profit": 290831,
            "gross_margin": 13.65,
            "gross_margin_4q_avg": 12.95,
            "net_income": 113477,
            "revenue": 2130985,
            "common_shares": 2571195,
            "book_valuer_per_share": 18.77,
            "book_valuer_per_share_4q_avg": 18.88,
            "equity": 4826937,
            "current_ratio": 257.91,
            "debt_ratio": 42.72,
            "inventory_turnover_ratio": 2.53,
            "account_receivable_turnover_ratio": null,
            "reinvestment_rate": 64.37,
            "research_to_sale_ratio": null,
            "price_fair": 7.17,
            "eps_avg_yearly": 2.39,
            "eps_latest_yearly": 1.88,
            "eps_growth_yearly": -0.69
        },
        "20031": {
            "year_quarter": 20031,
            "year": 2003,
            "quarter": 1,
            "eps": 0.05,
            "eps_growth_year": -87.5,
            "eps_4q": 1.87,
            "eps_4q_growth_year": -37.16,
            "roe": 0.27,
            "roe_4q": 11.58,
            "gross_profit": 141557,
            "gross_margin": 9.34,
            "gross_margin_4q_avg": 12.13,
            "net_income": 12951,
            "revenue": 1515669,
            "common_shares": 2571195,
            "book_valuer_per_share": 18.53,
            "book_valuer_per_share_4q_avg": 18.66,
            "equity": 4764766,
            "current_ratio": 147.24,
            "debt_ratio": 45.38,
            "inventory_turnover_ratio": 1.83,
            "account_receivable_turnover_ratio": null,
            "reinvestment_rate": 28.2,
            "research_to_sale_ratio": null,
            "price_fair": 5.86,
            "eps_avg_yearly": 1.95,
            "eps_latest_yearly": 0.2,
            "eps_growth_yearly": -72.04
        },
        "20032": {
            "year_quarter": 20032,
            "year": 2003,
            "quarter": 2,
            "eps": 0.35,
            "eps_growth_year": -42.62,
            "eps_4q": 1.55,
            "eps_4q_growth_year": -37.13,
            "roe": 2.12,
            "roe_4q": 9.83,
            "gross_profit": 122950,
            "gross_margin": 7.22,
            "gross_margin_4q_avg": 10.88,
            "net_income": 99568,
            "revenue": 1701962,
            "common_shares": 2571195,
            "book_valuer_per_share": 17.99,
            "book_valuer_per_share_4q_avg": 18.49,
            "equity": 4625538,
            "current_ratio": 138.4,
            "debt_ratio": 46.04,
            "inventory_turnover_ratio": 2.09,
            "account_receivable_turnover_ratio": null,
            "reinvestment_rate": 29.77,
            "research_to_sale_ratio": null,
            "price_fair": 65.1,
            "eps_avg_yearly": 1.86,
            "eps_latest_yearly": 1.4,
            "eps_growth_yearly": 339.96
        },
        "20033": {
            "year_quarter": 20033,
            "year": 2003,
            "quarter": 3,
            "eps": 0.13,
            "eps_growth_year": -85.71,
            "eps_4q": 0.89,
            "eps_4q_growth_year": -65.34,
            "roe": 0.83,
            "roe_4q": 5.58,
            "gross_profit": 251996,
            "gross_margin": 12.56,
            "gross_margin_4q_avg": 10.69,
            "net_income": 38520,
            "revenue": 2007132,
            "common_shares": 2923816,
            "book_valuer_per_share": 15.84,
            "book_valuer_per_share_4q_avg": 17.78,
            "equity": 4632519,
            "current_ratio": 116.52,
            "debt_ratio": 49.15,
            "inventory_turnover_ratio": 2.21,
            "account_receivable_turnover_ratio": null,
            "reinvestment_rate": 33.27,
            "research_to_sale_ratio": null,
            "price_fair": 58.4,
            "eps_avg_yearly": 1.67,
            "eps_latest_yearly": 0.52,
            "eps_growth_yearly": 255.48
        },
        "20034": {
            "year_quarter": 20034,
            "year": 2003,
            "quarter": 4,
            "eps": 0.52,
            "eps_growth_year": 10.64,
            "eps_4q": 1.05,
            "eps_4q_growth_year": -53.74,
            "roe": 3.18,
            "roe_4q": 6.4,
            "gross_profit": 288667,
            "gross_margin": 12,
            "gross_margin_4q_avg": 10.28,
            "net_income": 146899,
            "revenue": 2404627,
            "common_shares": 2923816,
            "book_valuer_per_share": 15.67,
            "book_valuer_per_share_4q_avg": 17.01,
            "equity": 4595572,
            "current_ratio": 191.87,
            "debt_ratio": 56.19,
            "inventory_turnover_ratio": 2.36,
            "account_receivable_turnover_ratio": null,
            "reinvestment_rate": 61.33,
            "research_to_sale_ratio": null,
            "price_fair": 60.2,
            "eps_avg_yearly": 1.72,
            "eps_latest_yearly": 2.08,
            "eps_growth_yearly": 373.54
        },
        "20041": {
            "year_quarter": 20041,
            "year": 2004,
            "quarter": 1,
            "eps": 0.33,
            "eps_growth_year": 560,
            "eps_4q": 1.35,
            "eps_4q_growth_year": -28.2,
            "roe": 2.01,
            "roe_4q": 8.14,
            "gross_profit": 194107,
            "gross_margin": 10.88,
            "gross_margin_4q_avg": 10.67,
            "net_income": 92549,
            "revenue": 1784073,
            "common_shares": 2931567,
            "book_valuer_per_share": 15.77,
            "book_valuer_per_share_4q_avg": 16.32,
            "equity": 4622155,
            "current_ratio": 140.28,
            "debt_ratio": 54.32,
            "inventory_turnover_ratio": 1.77,
            "account_receivable_turnover_ratio": null,
            "reinvestment_rate": 11.22,
            "research_to_sale_ratio": null,
            "price_fair": 58.64,
            "eps_avg_yearly": 1.68,
            "eps_latest_yearly": 1.32,
            "eps_growth_yearly": 315.8
        },
        "20042": {
            "year_quarter": 20042,
            "year": 2004,
            "quarter": 2,
            "eps": 0.09,
            "eps_growth_year": -74.29,
            "eps_4q": 1.04,
            "eps_4q_growth_year": -32.95,
            "roe": 0.59,
            "roe_4q": 6.609999999999999,
            "gross_profit": 225484,
            "gross_margin": 10.93,
            "gross_margin_4q_avg": 11.59,
            "net_income": 26363,
            "revenue": 2063679,
            "common_shares": 2931567,
            "book_valuer_per_share": 14.7,
            "book_valuer_per_share_4q_avg": 15.5,
            "equity": 4310762,
            "current_ratio": 142.59,
            "debt_ratio": 51.92,
            "inventory_turnover_ratio": 2.12,
            "account_receivable_turnover_ratio": null,
            "reinvestment_rate": 11.49,
            "research_to_sale_ratio": null,
            "price_fair": 54.04,
            "eps_avg_yearly": 1.54,
            "eps_latest_yearly": 0.36,
            "eps_growth_yearly": 255.13
        },
        "20043": {
            "year_quarter": 20043,
            "year": 2004,
            "quarter": 3,
            "eps": 0.83,
            "eps_growth_year": 538.46,
            "eps_4q": 1.75,
            "eps_4q_growth_year": 95.73,
            "roe": 5.41,
            "roe_4q": 11.19,
            "gross_profit": 356968,
            "gross_margin": 15.76,
            "gross_margin_4q_avg": 12.39,
            "net_income": 240525,
            "revenue": 2264902,
            "common_shares": 3103390,
            "book_valuer_per_share": 14.78,
            "book_valuer_per_share_4q_avg": 15.23,
            "equity": 4585424,
            "current_ratio": 152.1,
            "debt_ratio": 50.76,
            "inventory_turnover_ratio": 2.09,
            "account_receivable_turnover_ratio": null,
            "reinvestment_rate": 10.74,
            "research_to_sale_ratio": null,
            "price_fair": 59.69,
            "eps_avg_yearly": 1.71,
            "eps_latest_yearly": 3.32,
            "eps_growth_yearly": 530.92
        },
        "20044": {
            "year_quarter": 20044,
            "year": 2004,
            "quarter": 4,
            "eps": -0.78,
            "eps_growth_year": -250,
            "eps_4q": 0.58,
            "eps_4q_growth_year": -45.21,
            "roe": -5.06,
            "roe_4q": 2.95,
            "gross_profit": 278241,
            "gross_margin": 11.2,
            "gross_margin_4q_avg": 12.19,
            "net_income": -224456,
            "revenue": 2483686,
            "common_shares": 3103390,
            "book_valuer_per_share": 13.6,
            "book_valuer_per_share_4q_avg": 14.71,
            "equity": 4289445,
            "current_ratio": 146.9,
            "debt_ratio": 55.1,
            "inventory_turnover_ratio": 2.01,
            "account_receivable_turnover_ratio": null,
            "reinvestment_rate": 74.04,
            "research_to_sale_ratio": null,
            "price_fair": 59.69,
            "eps_avg_yearly": 1.71,
            "eps_latest_yearly": 3.32,
            "eps_growth_yearly": 530.92
        },
        "20051": {
            "year_quarter": 20051,
            "year": 2005,
            "quarter": 1,
            "eps": 0.27,
            "eps_growth_year": -18.18,
            "eps_4q": 0.42,
            "eps_4q_growth_year": -68.78,
            "roe": 1.78,
            "roe_4q": 2.7200000000000006,
            "gross_profit": 139779,
            "gross_margin": 7.3,
            "gross_margin_4q_avg": 11.3,
            "net_income": 76224,
            "revenue": 1913632,
            "common_shares": 3103390,
            "book_valuer_per_share": 13.82,
            "book_valuer_per_share_4q_avg": 14.23,
            "equity": 4289347,
            "current_ratio": 105.82,
            "debt_ratio": 50.37,
            "inventory_turnover_ratio": 1.64,
            "account_receivable_turnover_ratio": null,
            "reinvestment_rate": 4.95,
            "research_to_sale_ratio": null,
            "price_fair": 59.69,
            "eps_avg_yearly": 1.71,
            "eps_latest_yearly": 3.32,
            "eps_growth_yearly": 530.92
        },
        "20052": {
            "year_quarter": 20052,
            "year": 2005,
            "quarter": 2,
            "eps": 0.24,
            "eps_growth_year": 166.67,
            "eps_4q": 0.56,
            "eps_4q_growth_year": -46.45,
            "roe": 1.62,
            "roe_4q": 3.750000000000001,
            "gross_profit": 149962,
            "gross_margin": 7.14,
            "gross_margin_4q_avg": 10.35,
            "net_income": 70012,
            "revenue": 2101346,
            "common_shares": 3103390,
            "book_valuer_per_share": 14.05,
            "book_valuer_per_share_4q_avg": 14.06,
            "equity": 4360730,
            "current_ratio": 111.2,
            "debt_ratio": 51.28,
            "inventory_turnover_ratio": 2.21,
            "account_receivable_turnover_ratio": null,
            "reinvestment_rate": 5.65,
            "research_to_sale_ratio": null,
            "price_fair": 57.52,
            "eps_avg_yearly": 1.64,
            "eps_latest_yearly": 0.96,
            "eps_growth_yearly": 482.98
        },
        "20053": {
            "year_quarter": 20053,
            "year": 2005,
            "quarter": 3,
            "eps": 0.84,
            "eps_growth_year": 1.2,
            "eps_4q": 0.57,
            "eps_4q_growth_year": -67.15,
            "roe": 5.43,
            "roe_4q": 3.7700000000000005,
            "gross_profit": 251777,
            "gross_margin": 10.91,
            "gross_margin_4q_avg": 9.14,
            "net_income": 246992,
            "revenue": 2308343,
            "common_shares": 3196145,
            "book_valuer_per_share": 14.81,
            "book_valuer_per_share_4q_avg": 14.07,
            "equity": 4732417,
            "current_ratio": 118,
            "debt_ratio": 49.38,
            "inventory_turnover_ratio": 2.42,
            "account_receivable_turnover_ratio": null,
            "reinvestment_rate": 5.57,
            "research_to_sale_ratio": null,
            "price_fair": 62.14,
            "eps_avg_yearly": 1.78,
            "eps_latest_yearly": 3.36,
            "eps_growth_yearly": 522.75
        },
        "20054": {
            "year_quarter": 20054,
            "year": 2005,
            "quarter": 4,
            "eps": 0.36,
            "eps_growth_year": null,
            "eps_4q": 1.68,
            "eps_4q_growth_year": 190.59,
            "roe": 2.24,
            "roe_4q": 11.069999999999999,
            "gross_profit": 347298,
            "gross_margin": 13.81,
            "gross_margin_4q_avg": 9.79,
            "net_income": 107320,
            "revenue": 2514801,
            "common_shares": 3196145,
            "book_valuer_per_share": 15.17,
            "book_valuer_per_share_4q_avg": 14.46,
            "equity": 4861614,
            "current_ratio": 169.51,
            "debt_ratio": 47.45,
            "inventory_turnover_ratio": 1.84,
            "account_receivable_turnover_ratio": null,
            "reinvestment_rate": 71.86,
            "research_to_sale_ratio": null,
            "price_fair": 61.3,
            "eps_avg_yearly": 1.75,
            "eps_latest_yearly": 1.44,
            "eps_growth_yearly": 469.08
        },
        "20061": {
            "year_quarter": 20061,
            "year": 2006,
            "quarter": 1,
            "eps": 0.51,
            "eps_growth_year": 88.89,
            "eps_4q": 1.94,
            "eps_4q_growth_year": 362.29,
            "roe": 3.07,
            "roe_4q": 12.36,
            "gross_profit": 330545,
            "gross_margin": 13.73,
            "gross_margin_4q_avg": 11.4,
            "net_income": 151015,
            "revenue": 2407653,
            "common_shares": 3140495,
            "book_valuer_per_share": 15.88,
            "book_valuer_per_share_4q_avg": 14.98,
            "equity": 4988298,
            "current_ratio": 153.31,
            "debt_ratio": 40.29,
            "inventory_turnover_ratio": 1.61,
            "account_receivable_turnover_ratio": null,
            "reinvestment_rate": -23.57,
            "research_to_sale_ratio": null,
            "price_fair": 62.4,
            "eps_avg_yearly": 1.78,
            "eps_latest_yearly": 2.04,
            "eps_growth_yearly": 496.42
        },
        "20062": {
            "year_quarter": 20062,
            "year": 2006,
            "quarter": 2,
            "eps": 0.23,
            "eps_growth_year": -4.17,
            "eps_4q": 1.82,
            "eps_4q_growth_year": 227.45,
            "roe": 1.49,
            "roe_4q": 12.23,
            "gross_profit": 309667,
            "gross_margin": 13.91,
            "gross_margin_4q_avg": 13.09,
            "net_income": 73013,
            "revenue": 2225831,
            "common_shares": 3140495,
            "book_valuer_per_share": 15.32,
            "book_valuer_per_share_4q_avg": 15.3,
            "equity": 4809901,
            "current_ratio": 151.17,
            "debt_ratio": 41.72,
            "inventory_turnover_ratio": 2.01,
            "account_receivable_turnover_ratio": null,
            "reinvestment_rate": -22.99,
            "research_to_sale_ratio": null,
            "price_fair": 58.6,
            "eps_avg_yearly": 1.67,
            "eps_latest_yearly": 0.92,
            "eps_growth_yearly": 465.74
        },
        "20063": {
            "year_quarter": 20063,
            "year": 2006,
            "quarter": 3,
            "eps": 0.46,
            "eps_growth_year": -45.24,
            "eps_4q": 1.49,
            "eps_4q_growth_year": 158.77,
            "roe": 3.02,
            "roe_4q": 9.82,
            "gross_profit": 364454,
            "gross_margin": 14.51,
            "gross_margin_4q_avg": 13.99,
            "net_income": 148661,
            "revenue": 2511224,
            "common_shares": 3398838,
            "book_valuer_per_share": 14.79,
            "book_valuer_per_share_4q_avg": 15.29,
            "equity": 5027376,
            "current_ratio": 152.67,
            "debt_ratio": 41.95,
            "inventory_turnover_ratio": 2.05,
            "account_receivable_turnover_ratio": null,
            "reinvestment_rate": -24.31,
            "research_to_sale_ratio": null,
            "price_fair": 54.1,
            "eps_avg_yearly": 1.55,
            "eps_latest_yearly": 1.84,
            "eps_growth_yearly": 480.26
        },
        "20064": {
            "year_quarter": 20064,
            "year": 2006,
            "quarter": 4,
            "eps": 0.64,
            "eps_growth_year": 77.78,
            "eps_4q": 1.8,
            "eps_4q_growth_year": 7.49,
            "roe": 4,
            "roe_4q": 11.58,
            "gross_profit": 438570,
            "gross_margin": 11.93,
            "gross_margin_4q_avg": 13.52,
            "net_income": 204763,
            "revenue": 3675255,
            "common_shares": 3298838,
            "book_valuer_per_share": 15.81,
            "book_valuer_per_share_4q_avg": 15.45,
            "equity": 5215565,
            "current_ratio": 156.95,
            "debt_ratio": 47.63,
            "inventory_turnover_ratio": 2.11,
            "account_receivable_turnover_ratio": null,
            "reinvestment_rate": 60.43,
            "research_to_sale_ratio": null,
            "price_fair": 55.8,
            "eps_avg_yearly": 1.59,
            "eps_latest_yearly": 2.56,
            "eps_growth_yearly": 505.25
        },
        "20071": {
            "year_quarter": 20071,
            "year": 2007,
            "quarter": 1,
            "eps": 0.42,
            "eps_growth_year": -17.65,
            "eps_4q": 1.7,
            "eps_4q_growth_year": -12.29,
            "roe": 2.59,
            "roe_4q": 11.1,
            "gross_profit": 324439,
            "gross_margin": 10.02,
            "gross_margin_4q_avg": 12.59,
            "net_income": 139458,
            "revenue": 3236967,
            "common_shares": 3298838,
            "book_valuer_per_share": 16.89,
            "book_valuer_per_share_4q_avg": 15.7,
            "equity": 5571417,
            "current_ratio": 185.09,
            "debt_ratio": 38.72,
            "inventory_turnover_ratio": 1.77,
            "account_receivable_turnover_ratio": null,
            "reinvestment_rate": -26.94,
            "research_to_sale_ratio": null,
            "price_fair": 59.5,
            "eps_avg_yearly": 1.7,
            "eps_latest_yearly": 1.68,
            "eps_growth_yearly": 520.96
        },
        "20072": {
            "year_quarter": 20072,
            "year": 2007,
            "quarter": 2,
            "eps": 0.42,
            "eps_growth_year": 82.61,
            "eps_4q": 1.85,
            "eps_4q_growth_year": 1.68,
            "roe": 2.62,
            "roe_4q": 12.23,
            "gross_profit": 372518,
            "gross_margin": 12.39,
            "gross_margin_4q_avg": 12.21,
            "net_income": 144508,
            "revenue": 3007743,
            "common_shares": 3298838,
            "book_valuer_per_share": 16.57,
            "book_valuer_per_share_4q_avg": 16.02,
            "equity": 5466629,
            "current_ratio": 184.39,
            "debt_ratio": 38.64,
            "inventory_turnover_ratio": 2.01,
            "account_receivable_turnover_ratio": null,
            "reinvestment_rate": -28.79,
            "research_to_sale_ratio": null,
            "price_fair": 60.2,
            "eps_avg_yearly": 1.72,
            "eps_latest_yearly": 1.68,
            "eps_growth_yearly": 349.53
        },
        "20073": {
            "year_quarter": 20073,
            "year": 2007,
            "quarter": 3,
            "eps": 0.62,
            "eps_growth_year": 34.78,
            "eps_4q": 2.03,
            "eps_4q_growth_year": 36.61,
            "roe": 3.86,
            "roe_4q": 13.07,
            "gross_profit": 388318,
            "gross_margin": 11.43,
            "gross_margin_4q_avg": 11.44,
            "net_income": 215052,
            "revenue": 3396973,
            "common_shares": 3488286,
            "book_valuer_per_share": 16.24,
            "book_valuer_per_share_4q_avg": 16.38,
            "equity": 5664838,
            "current_ratio": 151.68,
            "debt_ratio": 40.54,
            "inventory_turnover_ratio": 2.27,
            "account_receivable_turnover_ratio": null,
            "reinvestment_rate": -28.28,
            "research_to_sale_ratio": null,
            "price_fair": 65.1,
            "eps_avg_yearly": 1.86,
            "eps_latest_yearly": 2.48,
            "eps_growth_yearly": 381.1
        },
        "20074": {
            "year_quarter": 20074,
            "year": 2007,
            "quarter": 4,
            "eps": 0.57,
            "eps_growth_year": -10.94,
            "eps_4q": 2,
            "eps_4q_growth_year": 10.96,
            "roe": 3.43,
            "roe_4q": 12.5,
            "gross_profit": 352030,
            "gross_margin": 9.51,
            "gross_margin_4q_avg": 10.84,
            "net_income": 198530,
            "revenue": 3702821,
            "common_shares": 3488286,
            "book_valuer_per_share": 16.87,
            "book_valuer_per_share_4q_avg": 16.64,
            "equity": 5923223,
            "current_ratio": 141.61,
            "debt_ratio": 44.2,
            "inventory_turnover_ratio": 2.04,
            "account_receivable_turnover_ratio": null,
            "reinvestment_rate": 72.73,
            "research_to_sale_ratio": null,
            "price_fair": 65.6,
            "eps_avg_yearly": 1.87,
            "eps_latest_yearly": 2.28,
            "eps_growth_yearly": 293.08
        },
        "20081": {
            "year_quarter": 20081,
            "year": 2008,
            "quarter": 1,
            "eps": 0.03,
            "eps_growth_year": -92.86,
            "eps_4q": 2.06,
            "eps_4q_growth_year": 20.61,
            "roe": -0.14,
            "roe_4q": 9.77,
            "gross_profit": 400164,
            "gross_margin": 15.3,
            "gross_margin_4q_avg": 12.16,
            "net_income": -8312,
            "revenue": 2615936,
            "common_shares": 3488286,
            "book_valuer_per_share": 16.55,
            "book_valuer_per_share_4q_avg": 16.56,
            "equity": 5787633,
            "current_ratio": 152.23,
            "debt_ratio": 39.41,
            "inventory_turnover_ratio": 1.24,
            "account_receivable_turnover_ratio": null,
            "reinvestment_rate": 134.42,
            "research_to_sale_ratio": null,
            "price_fair": 62.6,
            "eps_avg_yearly": 1.79,
            "eps_latest_yearly": 0.12,
            "eps_growth_yearly": 276.45
        },
        "20082": {
            "year_quarter": 20082,
            "year": 2008,
            "quarter": 2,
            "eps": 0.1,
            "eps_growth_year": -76.19,
            "eps_4q": 1.3,
            "eps_4q_growth_year": -30.04,
            "roe": 0.63,
            "roe_4q": 7.779999999999999,
            "gross_profit": 415916,
            "gross_margin": 13.51,
            "gross_margin_4q_avg": 12.44,
            "net_income": 35906,
            "revenue": 3078964,
            "common_shares": 3488286,
            "book_valuer_per_share": 15.92,
            "book_valuer_per_share_4q_avg": 16.4,
            "equity": 5564048,
            "current_ratio": 132.83,
            "debt_ratio": 44.77,
            "inventory_turnover_ratio": 1.4,
            "account_receivable_turnover_ratio": null,
            "reinvestment_rate": 143.55,
            "research_to_sale_ratio": null,
            "price_fair": 62.7,
            "eps_avg_yearly": 1.79,
            "eps_latest_yearly": 0.4,
            "eps_growth_yearly": 363.9
        },
        "20083": {
            "year_quarter": 20083,
            "year": 2008,
            "quarter": 3,
            "eps": 0.46,
            "eps_growth_year": -25.81,
            "eps_4q": 1.2,
            "eps_4q_growth_year": -40.68,
            "roe": 2.86,
            "roe_4q": 6.779999999999999,
            "gross_profit": 552590,
            "gross_margin": 14.94,
            "gross_margin_4q_avg": 13.32,
            "net_income": 163210,
            "revenue": 3699838,
            "common_shares": 3840509,
            "book_valuer_per_share": 15.17,
            "book_valuer_per_share_4q_avg": 16.13,
            "equity": 5842797,
            "current_ratio": 144.2,
            "debt_ratio": 46,
            "inventory_turnover_ratio": 1.58,
            "account_receivable_turnover_ratio": null,
            "reinvestment_rate": 158.24,
            "research_to_sale_ratio": null,
            "price_fair": 59,
            "eps_avg_yearly": 1.69,
            "eps_latest_yearly": 1.84,
            "eps_growth_yearly": 231.83
        },
        "20084": {
            "year_quarter": 20084,
            "year": 2008,
            "quarter": 4,
            "eps": 0.33,
            "eps_growth_year": -42.11,
            "eps_4q": 1.01,
            "eps_4q_growth_year": -49.73,
            "roe": 1.98,
            "roe_4q": 5.33,
            "gross_profit": 839582,
            "gross_margin": 21.39,
            "gross_margin_4q_avg": 16.29,
            "net_income": 116978,
            "revenue": 3925506,
            "common_shares": 3840509,
            "book_valuer_per_share": 15.59,
            "book_valuer_per_share_4q_avg": 15.81,
            "equity": 5991081,
            "current_ratio": 166.29,
            "debt_ratio": 40.72,
            "inventory_turnover_ratio": 1.67,
            "account_receivable_turnover_ratio": 3.68,
            "reinvestment_rate": 61.08,
            "research_to_sale_ratio": null,
            "price_fair": 58.15,
            "eps_avg_yearly": 1.66,
            "eps_latest_yearly": 1.32,
            "eps_growth_yearly": 208.84
        },
        "20091": {
            "year_quarter": 20091,
            "year": 2009,
            "quarter": 1,
            "eps": 0.54,
            "eps_growth_year": 1700,
            "eps_4q": 1.52,
            "eps_4q_growth_year": -26.25,
            "roe": 3.24,
            "roe_4q": 8.71,
            "gross_profit": 659130,
            "gross_margin": 27.86,
            "gross_margin_4q_avg": 19.43,
            "net_income": 195611,
            "revenue": 2366016,
            "common_shares": 3840509,
            "book_valuer_per_share": 15.88,
            "book_valuer_per_share_4q_avg": 15.64,
            "equity": 6099108,
            "current_ratio": 187.58,
            "debt_ratio": 35.87,
            "inventory_turnover_ratio": 1.07,
            "account_receivable_turnover_ratio": 1.34,
            "reinvestment_rate": 126.05,
            "research_to_sale_ratio": null,
            "price_fair": 59.24,
            "eps_avg_yearly": 1.69,
            "eps_latest_yearly": 2.16,
            "eps_growth_yearly": 211.7
        },
        "20092": {
            "year_quarter": 20092,
            "year": 2009,
            "quarter": 2,
            "eps": 0.58,
            "eps_growth_year": 480,
            "eps_4q": 1.92,
            "eps_4q_growth_year": 48.35,
            "roe": 3.62,
            "roe_4q": 11.7,
            "gross_profit": 703489,
            "gross_margin": 24.05,
            "gross_margin_4q_avg": 22.06,
            "net_income": 218530,
            "revenue": 2925672,
            "common_shares": 3675879,
            "book_valuer_per_share": 16.21,
            "book_valuer_per_share_4q_avg": 15.71,
            "equity": 5957658,
            "current_ratio": 174.13,
            "debt_ratio": 39.23,
            "inventory_turnover_ratio": 1.46,
            "account_receivable_turnover_ratio": 1.93,
            "reinvestment_rate": 111.58,
            "research_to_sale_ratio": null,
            "price_fair": 62.21,
            "eps_avg_yearly": 1.78,
            "eps_latest_yearly": 2.32,
            "eps_growth_yearly": 216.33
        },
        "20093": {
            "year_quarter": 20093,
            "year": 2009,
            "quarter": 3,
            "eps": 0.99,
            "eps_growth_year": 115.22,
            "eps_4q": 2.47,
            "eps_4q_growth_year": 105.03,
            "roe": 5.97,
            "roe_4q": 14.81,
            "gross_profit": 861532,
            "gross_margin": 25.26,
            "gross_margin_4q_avg": 24.64,
            "net_income": 366961,
            "revenue": 3410815,
            "common_shares": 3675879,
            "book_valuer_per_share": 17.24,
            "book_valuer_per_share_4q_avg": 16.23,
            "equity": 6337329,
            "current_ratio": 179.94,
            "debt_ratio": 36.33,
            "inventory_turnover_ratio": 1.51,
            "account_receivable_turnover_ratio": 2.03,
            "reinvestment_rate": 102.59,
            "research_to_sale_ratio": null,
            "price_fair": 63.53,
            "eps_avg_yearly": 1.82,
            "eps_latest_yearly": 3.96,
            "eps_growth_yearly": 171.5
        },
        "20094": {
            "year_quarter": 20094,
            "year": 2009,
            "quarter": 4,
            "eps": 1.04,
            "eps_growth_year": 215.15,
            "eps_4q": 3.16,
            "eps_4q_growth_year": 213.4,
            "roe": 5.87,
            "roe_4q": 18.700000000000003,
            "gross_profit": 1049397,
            "gross_margin": 26.7,
            "gross_margin_4q_avg": 25.97,
            "net_income": 385399,
            "revenue": 3929989,
            "common_shares": 3675879,
            "book_valuer_per_share": 18.36,
            "book_valuer_per_share_4q_avg": 16.92,
            "equity": 6789032,
            "current_ratio": 184.5,
            "debt_ratio": 37.91,
            "inventory_turnover_ratio": 1.54,
            "account_receivable_turnover_ratio": 4.27,
            "reinvestment_rate": 47.84,
            "research_to_sale_ratio": null,
            "price_fair": 69.48,
            "eps_avg_yearly": 1.99,
            "eps_latest_yearly": 4.16,
            "eps_growth_yearly": 187.05
        },
        "20101": {
            "year_quarter": 20101,
            "year": 2010,
            "quarter": 1,
            "eps": 0.87,
            "eps_growth_year": 61.11,
            "eps_4q": 3.48,
            "eps_4q_growth_year": 129.29,
            "roe": 4.59,
            "roe_4q": 20.05,
            "gross_profit": 942877,
            "gross_margin": 30.52,
            "gross_margin_4q_avg": 26.63,
            "net_income": 319235,
            "revenue": 3089454,
            "common_shares": 3717449,
            "book_valuer_per_share": 19.09,
            "book_valuer_per_share_4q_avg": 17.73,
            "equity": 7112510,
            "current_ratio": 202.26,
            "debt_ratio": 34.92,
            "inventory_turnover_ratio": 1.09,
            "account_receivable_turnover_ratio": 1.79,
            "reinvestment_rate": 106.84,
            "research_to_sale_ratio": 3.22,
            "price_fair": 72.63,
            "eps_avg_yearly": 2.08,
            "eps_latest_yearly": 3.48,
            "eps_growth_yearly": 172.55
        },
        "20102": {
            "year_quarter": 20102,
            "year": 2010,
            "quarter": 2,
            "eps": 1.46,
            "eps_growth_year": 152.08,
            "eps_4q": 4.35,
            "eps_4q_growth_year": 126.43,
            "roe": 7.82,
            "roe_4q": 24.25,
            "gross_profit": 1132183,
            "gross_margin": 30.31,
            "gross_margin_4q_avg": 28.2,
            "net_income": 538803,
            "revenue": 3735949,
            "common_shares": 3723769,
            "book_valuer_per_share": 17.86,
            "book_valuer_per_share_4q_avg": 18.14,
            "equity": 6660691,
            "current_ratio": 161.16,
            "debt_ratio": 44.46,
            "inventory_turnover_ratio": 1.18,
            "account_receivable_turnover_ratio": 1.98,
            "reinvestment_rate": 92.38,
            "research_to_sale_ratio": 3.7,
            "price_fair": 83.39,
            "eps_avg_yearly": 2.38,
            "eps_latest_yearly": 5.84,
            "eps_growth_yearly": 203.22
        },
        "20103": {
            "year_quarter": 20103,
            "year": 2010,
            "quarter": 3,
            "eps": 1.96,
            "eps_growth_year": 97.66,
            "eps_4q": 6.56,
            "eps_4q_growth_year": 165.91,
            "roe": 8.25,
            "roe_4q": 26.53,
            "gross_profit": 1315839,
            "gross_margin": 27.72,
            "gross_margin_4q_avg": 28.81,
            "net_income": 526904,
            "revenue": 4747573,
            "common_shares": 2723769,
            "book_valuer_per_share": 22.44,
            "book_valuer_per_share_4q_avg": 19.44,
            "equity": 6117275,
            "current_ratio": 142.85,
            "debt_ratio": 49.86,
            "inventory_turnover_ratio": 1.37,
            "account_receivable_turnover_ratio": 2.15,
            "reinvestment_rate": 87.26,
            "research_to_sale_ratio": 3.1,
            "price_fair": 96.51,
            "eps_avg_yearly": 2.76,
            "eps_latest_yearly": 7.84,
            "eps_growth_yearly": 186.79
        },
        "20104": {
            "year_quarter": 20104,
            "year": 2010,
            "quarter": 4,
            "eps": 0.94,
            "eps_growth_year": -9.75,
            "eps_4q": 6.05,
            "eps_4q_growth_year": 91.7,
            "roe": 4.06,
            "roe_4q": 24.72,
            "gross_profit": 1099632,
            "gross_margin": 26.17,
            "gross_margin_4q_avg": 28.68,
            "net_income": 250195,
            "revenue": 4201945,
            "common_shares": 2725939,
            "book_valuer_per_share": 22.65,
            "book_valuer_per_share_4q_avg": 20.51,
            "equity": 6222812,
            "current_ratio": 158.94,
            "debt_ratio": 42.29,
            "inventory_turnover_ratio": 1.21,
            "account_receivable_turnover_ratio": 2.06,
            "reinvestment_rate": 26.39,
            "research_to_sale_ratio": 2.24,
            "price_fair": 99.14,
            "eps_avg_yearly": 2.83,
            "eps_latest_yearly": 3.76,
            "eps_growth_yearly": 163.99
        },
        "20111": {
            "year_quarter": 20111,
            "year": 2011,
            "quarter": 1,
            "eps": 1.67,
            "eps_growth_year": 91.95,
            "eps_4q": 6.53,
            "eps_4q_growth_year": 87.85,
            "roe": 7.01,
            "roe_4q": 27.14,
            "gross_profit": 1045106,
            "gross_margin": 27.97,
            "gross_margin_4q_avg": 28.04,
            "net_income": 454383,
            "revenue": 3736068,
            "common_shares": 2747479,
            "book_valuer_per_share": 24.45,
            "book_valuer_per_share_4q_avg": 21.85,
            "equity": 6742694,
            "current_ratio": 170.54,
            "debt_ratio": 39.79,
            "inventory_turnover_ratio": 1.07,
            "account_receivable_turnover_ratio": 1.43,
            "reinvestment_rate": 83.48,
            "research_to_sale_ratio": 4.07,
            "price_fair": 110.08,
            "eps_avg_yearly": 3.15,
            "eps_latest_yearly": 6.68,
            "eps_growth_yearly": 192
        },
        "20112": {
            "year_quarter": 20112,
            "year": 2011,
            "quarter": 2,
            "eps": 1.84,
            "eps_growth_year": 25.68,
            "eps_4q": 6.38,
            "eps_4q_growth_year": 46.62,
            "roe": 7.88,
            "roe_4q": 27.2,
            "gross_profit": 1067159,
            "gross_margin": 27.62,
            "gross_margin_4q_avg": 27.37,
            "net_income": 499996,
            "revenue": 3864144,
            "common_shares": 2748459,
            "book_valuer_per_share": 21.59,
            "book_valuer_per_share_4q_avg": 22.78,
            "equity": 5953333,
            "current_ratio": 145.68,
            "debt_ratio": 48.58,
            "inventory_turnover_ratio": 1.11,
            "account_receivable_turnover_ratio": 1.12,
            "reinvestment_rate": 71.31,
            "research_to_sale_ratio": 4.58,
            "price_fair": 122.5,
            "eps_avg_yearly": 3.5,
            "eps_latest_yearly": 7.36,
            "eps_growth_yearly": 194.55
        },
        "20113": {
            "year_quarter": 20113,
            "year": 2011,
            "quarter": 3,
            "eps": 1,
            "eps_growth_year": -49.04,
            "eps_4q": 5.44,
            "eps_4q_growth_year": -17.08,
            "roe": 4.33,
            "roe_4q": 23.279999999999998,
            "gross_profit": 734204,
            "gross_margin": 21.45,
            "gross_margin_4q_avg": 25.8,
            "net_income": 269322,
            "revenue": 3422391,
            "common_shares": 2749329,
            "book_valuer_per_share": 23.56,
            "book_valuer_per_share_4q_avg": 23.06,
            "equity": 6492738,
            "current_ratio": 171.56,
            "debt_ratio": 38.66,
            "inventory_turnover_ratio": 1.16,
            "account_receivable_turnover_ratio": 1.02,
            "reinvestment_rate": 75.64,
            "research_to_sale_ratio": 4.14,
            "price_fair": 125.83,
            "eps_avg_yearly": 3.6,
            "eps_latest_yearly": 4,
            "eps_growth_yearly": 171.23
        },
        "20114": {
            "year_quarter": 20114,
            "year": 2011,
            "quarter": 4,
            "eps": 0.68,
            "eps_growth_year": -27.86,
            "eps_4q": 5.16,
            "eps_4q_growth_year": -14.77,
            "roe": 2.75,
            "roe_4q": 21.97,
            "gross_profit": 743092,
            "gross_margin": 22.1,
            "gross_margin_4q_avg": 24.79,
            "net_income": 181152,
            "revenue": 3362878,
            "common_shares": 2749329,
            "book_valuer_per_share": 24.23,
            "book_valuer_per_share_4q_avg": 23.46,
            "equity": 6689845,
            "current_ratio": 182.34,
            "debt_ratio": 37.09,
            "inventory_turnover_ratio": 1.24,
            "account_receivable_turnover_ratio": 1.18,
            "reinvestment_rate": 19.9,
            "research_to_sale_ratio": 3.03,
            "price_fair": 126.79,
            "eps_avg_yearly": 3.62,
            "eps_latest_yearly": 2.72,
            "eps_growth_yearly": 165.25
        },
        "20121": {
            "year_quarter": 20121,
            "year": 2012,
            "quarter": 1,
            "eps": 0.15,
            "eps_growth_year": -91.02,
            "eps_4q": 3.64,
            "eps_4q_growth_year": -44.25,
            "roe": 0.55,
            "roe_4q": 15.51,
            "gross_profit": 569830,
            "gross_margin": 21.51,
            "gross_margin_4q_avg": 23.17,
            "net_income": 36905,
            "revenue": 2649573,
            "common_shares": 2768819,
            "book_valuer_per_share": 24.12,
            "book_valuer_per_share_4q_avg": 23.38,
            "equity": 6682623,
            "current_ratio": 192.36,
            "debt_ratio": 35.15,
            "inventory_turnover_ratio": 1.03,
            "account_receivable_turnover_ratio": 1.19,
            "reinvestment_rate": 21.68,
            "research_to_sale_ratio": 4.4,
            "price_fair": 127.84,
            "eps_avg_yearly": 3.65,
            "eps_latest_yearly": 0.6,
            "eps_growth_yearly": 169.44
        },
        "20122": {
            "year_quarter": 20122,
            "year": 2012,
            "quarter": 2,
            "eps": 0.35,
            "eps_growth_year": -80.69,
            "eps_4q": 2.17,
            "eps_4q_growth_year": -66,
            "roe": 1.5,
            "roe_4q": 9.129999999999999,
            "gross_profit": 599117,
            "gross_margin": 19.17,
            "gross_margin_4q_avg": 21.06,
            "net_income": 93912,
            "revenue": 3125853,
            "common_shares": 2770439,
            "book_valuer_per_share": 20.97,
            "book_valuer_per_share_4q_avg": 23.22,
            "equity": 5811246,
            "current_ratio": 145.2,
            "debt_ratio": 45.27,
            "inventory_turnover_ratio": 1.35,
            "account_receivable_turnover_ratio": 1.44,
            "reinvestment_rate": 20.6,
            "research_to_sale_ratio": 4.1,
            "price_fair": 130.03,
            "eps_avg_yearly": 3.72,
            "eps_latest_yearly": 1.4,
            "eps_growth_yearly": 144.44
        },
        "20123": {
            "year_quarter": 20123,
            "year": 2012,
            "quarter": 3,
            "eps": 0.35,
            "eps_growth_year": -64.71,
            "eps_4q": 1.53,
            "eps_4q_growth_year": -71.83,
            "roe": 1.6,
            "roe_4q": 6.4,
            "gross_profit": 603729,
            "gross_margin": 19.44,
            "gross_margin_4q_avg": 20.56,
            "net_income": 93263,
            "revenue": 3105354,
            "common_shares": 2770439,
            "book_valuer_per_share": 21.03,
            "book_valuer_per_share_4q_avg": 22.59,
            "equity": 5823283,
            "current_ratio": 164.6,
            "debt_ratio": 38.95,
            "inventory_turnover_ratio": 1.47,
            "account_receivable_turnover_ratio": 1.41,
            "reinvestment_rate": 14.82,
            "research_to_sale_ratio": 4.29,
            "price_fair": 129.06,
            "eps_avg_yearly": 3.69,
            "eps_latest_yearly": 1.4,
            "eps_growth_yearly": 54.44
        },
        "20124": {
            "year_quarter": 20124,
            "year": 2012,
            "quarter": 4,
            "eps": 0.26,
            "eps_growth_year": -61.58,
            "eps_4q": 1.12,
            "eps_4q_growth_year": -78.34,
            "roe": 1.21,
            "roe_4q": 4.86,
            "gross_profit": 529023,
            "gross_margin": 17.62,
            "gross_margin_4q_avg": 19.44,
            "net_income": 70665,
            "revenue": 3001759,
            "common_shares": 2771639,
            "book_valuer_per_share": 21.22,
            "book_valuer_per_share_4q_avg": 21.84,
            "equity": 5876042,
            "current_ratio": 162.92,
            "debt_ratio": 38.56,
            "inventory_turnover_ratio": 1.5,
            "account_receivable_turnover_ratio": 1.46,
            "reinvestment_rate": 17.74,
            "research_to_sale_ratio": 3.31,
            "price_fair": 128.45,
            "eps_avg_yearly": 3.67,
            "eps_latest_yearly": 1.04,
            "eps_growth_yearly": 55.08
        },
        "20131": {
            "year_quarter": 20131,
            "year": 2013,
            "quarter": 1,
            "eps": 0.15,
            "eps_growth_year": 0,
            "eps_4q": 1.12,
            "eps_4q_growth_year": -69.26,
            "roe": 0.63,
            "roe_4q": 4.9399999999999995,
            "gross_profit": 444899,
            "gross_margin": 17.06,
            "gross_margin_4q_avg": 18.32,
            "net_income": 37185,
            "revenue": 2608594,
            "common_shares": 2771639,
            "book_valuer_per_share": 21.68,
            "book_valuer_per_share_4q_avg": 21.23,
            "equity": 5998329,
            "current_ratio": 164.9,
            "debt_ratio": 37.6,
            "inventory_turnover_ratio": 1.24,
            "account_receivable_turnover_ratio": 1.33,
            "reinvestment_rate": 20.97,
            "research_to_sale_ratio": 4.67,
            "price_fair": 125.04,
            "eps_avg_yearly": 3.57,
            "eps_latest_yearly": 0.6,
            "eps_growth_yearly": 28.6
        },
        "20132": {
            "year_quarter": 20132,
            "year": 2013,
            "quarter": 2,
            "eps": 0.05,
            "eps_growth_year": -85.91,
            "eps_4q": 0.81,
            "eps_4q_growth_year": -62.59,
            "roe": 0.27,
            "roe_4q": 3.71,
            "gross_profit": 442053,
            "gross_margin": 14.62,
            "gross_margin_4q_avg": 17.19,
            "net_income": 16151,
            "revenue": 3023301,
            "common_shares": 2771639,
            "book_valuer_per_share": 20.97,
            "book_valuer_per_share_4q_avg": 21.23,
            "equity": 5802698,
            "current_ratio": 147.13,
            "debt_ratio": 41.44,
            "inventory_turnover_ratio": 1.46,
            "account_receivable_turnover_ratio": 1.55,
            "reinvestment_rate": 28.55,
            "research_to_sale_ratio": 4.6,
            "price_fair": 69.06,
            "eps_avg_yearly": 3.44,
            "eps_latest_yearly": 0.2,
            "eps_growth_yearly": 10.08
        },
        "20133": {
            "year_quarter": 20133,
            "year": 2013,
            "quarter": 3,
            "eps": 0.38,
            "eps_growth_year": 7.98,
            "eps_4q": 0.84,
            "eps_4q_growth_year": -45.36,
            "roe": 1.8,
            "roe_4q": 3.91,
            "gross_profit": 579024,
            "gross_margin": 16.99,
            "gross_margin_4q_avg": 16.57,
            "net_income": 104807,
            "revenue": 3408602,
            "common_shares": 2771639,
            "book_valuer_per_share": 21.14,
            "book_valuer_per_share_4q_avg": 21.25,
            "equity": 5850434,
            "current_ratio": 143.13,
            "debt_ratio": 44.05,
            "inventory_turnover_ratio": 1.56,
            "account_receivable_turnover_ratio": 1.6,
            "reinvestment_rate": 36.14,
            "research_to_sale_ratio": 4.04,
            "price_fair": 115.06,
            "eps_avg_yearly": 3.29,
            "eps_latest_yearly": 1.52,
            "eps_growth_yearly": 157.4
        },
        "20134": {
            "year_quarter": 20134,
            "year": 2013,
            "quarter": 4,
            "eps": -0.03,
            "eps_growth_year": -110.43,
            "eps_4q": 0.55,
            "eps_4q_growth_year": -50.72,
            "roe": -0.13,
            "roe_4q": 2.57,
            "gross_profit": 387232,
            "gross_margin": 12.74,
            "gross_margin_4q_avg": 15.35,
            "net_income": -7628,
            "revenue": 3040591,
            "common_shares": 2771639,
            "book_valuer_per_share": 21.42,
            "book_valuer_per_share_4q_avg": 21.3,
            "equity": 5926622,
            "current_ratio": 159.29,
            "debt_ratio": 42.62,
            "inventory_turnover_ratio": 1.48,
            "account_receivable_turnover_ratio": 1.47,
            "reinvestment_rate": 26.56,
            "research_to_sale_ratio": 3.11,
            "price_fair": 113.03,
            "eps_avg_yearly": 3.23,
            "eps_latest_yearly": 1.52,
            "eps_growth_yearly": 166.55
        },
        "20141": {
            "year_quarter": 20141,
            "year": 2014,
            "quarter": 1,
            "eps": 0.02,
            "eps_growth_year": -86.67,
            "eps_4q": 0.42,
            "eps_4q_growth_year": -62.51,
            "roe": 0.1,
            "roe_4q": 2.04,
            "gross_profit": 391667,
            "gross_margin": 14.1,
            "gross_margin_4q_avg": 14.61,
            "net_income": 5958,
            "revenue": 2776835,
            "common_shares": 2771639,
            "book_valuer_per_share": 21.65,
            "book_valuer_per_share_4q_avg": 21.3,
            "equity": 5992061,
            "current_ratio": 152.7,
            "debt_ratio": 45.63,
            "inventory_turnover_ratio": 1.34,
            "account_receivable_turnover_ratio": 1.39,
            "reinvestment_rate": 27.76,
            "research_to_sale_ratio": 3.48,
            "price_fair": 112.4,
            "eps_avg_yearly": 3.21,
            "eps_latest_yearly": 1.52,
            "eps_growth_yearly": 183.12
        },
        "20142": {
            "year_quarter": 20142,
            "year": 2014,
            "quarter": 2,
            "eps": 0.15,
            "eps_growth_year": 200,
            "eps_4q": 0.52,
            "eps_4q_growth_year": -35.52,
            "roe": 0.71,
            "roe_4q": 2.48,
            "gross_profit": 481181,
            "gross_margin": 14.62,
            "gross_margin_4q_avg": 14.61,
            "net_income": 41851,
            "revenue": 3291573,
            "common_shares": 2771639,
            "book_valuer_per_share": 21.25,
            "book_valuer_per_share_4q_avg": 21.37,
            "equity": 5879276,
            "current_ratio": 170.11,
            "debt_ratio": 47.47,
            "inventory_turnover_ratio": 1.51,
            "account_receivable_turnover_ratio": 1.5,
            "reinvestment_rate": 34.21,
            "research_to_sale_ratio": 3.32,
            "price_fair": 99.3,
            "eps_avg_yearly": 2.84,
            "eps_latest_yearly": 0.6,
            "eps_growth_yearly": 349.46
        },
        "20143": {
            "year_quarter": 20143,
            "year": 2014,
            "quarter": 3,
            "eps": 0.29,
            "eps_growth_year": -23.68,
            "eps_4q": 0.43,
            "eps_4q_growth_year": -48.13,
            "roe": 1.34,
            "roe_4q": 2.02,
            "gross_profit": 491877,
            "gross_margin": 14.63,
            "gross_margin_4q_avg": 14.02,
            "net_income": 80168,
            "revenue": 3363106,
            "common_shares": 2771639,
            "book_valuer_per_share": 21.9,
            "book_valuer_per_share_4q_avg": 21.56,
            "equity": 6060823,
            "current_ratio": 180.16,
            "debt_ratio": 45.08,
            "inventory_turnover_ratio": 1.66,
            "account_receivable_turnover_ratio": 1.43,
            "reinvestment_rate": 37.03,
            "research_to_sale_ratio": 3.45,
            "price_fair": 82.6,
            "eps_avg_yearly": 2.36,
            "eps_latest_yearly": 1.16,
            "eps_growth_yearly": 366.34
        },
        "20144": {
            "year_quarter": 20144,
            "year": 2014,
            "quarter": 4,
            "eps": 0.07,
            "eps_growth_year": null,
            "eps_4q": 0.53,
            "eps_4q_growth_year": -3.26,
            "roe": 0.32,
            "roe_4q": 2.47,
            "gross_profit": 365835,
            "gross_margin": 12.18,
            "gross_margin_4q_avg": 13.88,
            "net_income": 19616,
            "revenue": 3004466,
            "common_shares": 2776884,
            "book_valuer_per_share": 22.62,
            "book_valuer_per_share_4q_avg": 21.86,
            "equity": 6271172,
            "current_ratio": 173.28,
            "debt_ratio": 45.24,
            "inventory_turnover_ratio": 1.64,
            "account_receivable_turnover_ratio": 1.4,
            "reinvestment_rate": 56.1,
            "research_to_sale_ratio": 3.74,
            "price_fair": 73.9,
            "eps_avg_yearly": 2.11,
            "eps_latest_yearly": 0.28,
            "eps_growth_yearly": 359.53
        },
        "20151": {
            "year_quarter": 20151,
            "year": 2015,
            "quarter": 1,
            "eps": -0.46,
            "eps_growth_year": -2400,
            "eps_4q": 0.05,
            "eps_4q_growth_year": -88.82,
            "roe": -2.09,
            "roe_4q": 0.28000000000000025,
            "gross_profit": 239444,
            "gross_margin": 9.71,
            "gross_margin_4q_avg": 12.79,
            "net_income": -128849,
            "revenue": 2465767,
            "common_shares": 2776884,
            "book_valuer_per_share": 21.87,
            "book_valuer_per_share_4q_avg": 21.91,
            "equity": 6063486,
            "current_ratio": 179.73,
            "debt_ratio": 43.54,
            "inventory_turnover_ratio": 1.32,
            "account_receivable_turnover_ratio": 1.36,
            "reinvestment_rate": 52.54,
            "research_to_sale_ratio": 4.17,
            "price_fair": 61.6,
            "eps_avg_yearly": 1.76,
            "eps_latest_yearly": 0.28,
            "eps_growth_yearly": 363.29
        },
        "20152": {
            "year_quarter": 20152,
            "year": 2015,
            "quarter": 2,
            "eps": -0.92,
            "eps_growth_year": -713.33,
            "eps_4q": -1.02,
            "eps_4q_growth_year": -294.35,
            "roe": -4.38,
            "roe_4q": -4.81,
            "gross_profit": 163307,
            "gross_margin": 6.1,
            "gross_margin_4q_avg": 10.66,
            "net_income": -256929,
            "revenue": 2674971,
            "common_shares": 2776884,
            "book_valuer_per_share": 20.44,
            "book_valuer_per_share_4q_avg": 21.71,
            "equity": 5666910,
            "current_ratio": 159.47,
            "debt_ratio": 46.53,
            "inventory_turnover_ratio": 1.46,
            "account_receivable_turnover_ratio": 1.42,
            "reinvestment_rate": 162.98,
            "research_to_sale_ratio": 4.82,
            "price_fair": 45.27,
            "eps_avg_yearly": 1.29,
            "eps_latest_yearly": 0.28,
            "eps_growth_yearly": 390.17
        },
        "20153": {
            "year_quarter": 20153,
            "year": 2015,
            "quarter": 3,
            "eps": -0.24,
            "eps_growth_year": -182.76,
            "eps_4q": -1.55,
            "eps_4q_growth_year": -456.08,
            "roe": -1.17,
            "roe_4q": -7.319999999999999,
            "gross_profit": 288135,
            "gross_margin": 9.81,
            "gross_margin_4q_avg": 9.45,
            "net_income": -66914,
            "revenue": 2936903,
            "common_shares": 2776884,
            "book_valuer_per_share": 20.78,
            "book_valuer_per_share_4q_avg": 21.43,
            "equity": 5760475,
            "current_ratio": 168.77,
            "debt_ratio": 49.62,
            "inventory_turnover_ratio": 1.58,
            "account_receivable_turnover_ratio": 1.34,
            "reinvestment_rate": 294.64,
            "research_to_sale_ratio": 4.37,
            "price_fair": 36.65,
            "eps_avg_yearly": 1.05,
            "eps_latest_yearly": 0.28,
            "eps_growth_yearly": 442.25
        },
        "20154": {
            "year_quarter": 20154,
            "year": 2015,
            "quarter": 4,
            "eps": -0.21,
            "eps_growth_year": -401.25,
            "eps_4q": -1.83,
            "eps_4q_growth_year": -443.98,
            "roe": -1.04,
            "roe_4q": -8.68,
            "gross_profit": 319815,
            "gross_margin": 10.5,
            "gross_margin_4q_avg": 9.03,
            "net_income": -59112,
            "revenue": 3045674,
            "common_shares": 2776884,
            "book_valuer_per_share": 20.41,
            "book_valuer_per_share_4q_avg": 20.88,
            "equity": 5656490,
            "current_ratio": 164.8,
            "debt_ratio": 50.59,
            "inventory_turnover_ratio": 1.7,
            "account_receivable_turnover_ratio": 1.35,
            "reinvestment_rate": 508.26,
            "research_to_sale_ratio": 3.55,
            "price_fair": 30.8,
            "eps_avg_yearly": 0.88,
            "eps_latest_yearly": 0.28,
            "eps_growth_yearly": 499.27
        },
        "20161": {
            "year_quarter": 20161,
            "year": 2016,
            "quarter": 1,
            "eps": -0.72,
            "eps_growth_year": null,
            "eps_4q": -2.08,
            "eps_4q_growth_year": -4542.7,
            "roe": -3.61,
            "roe_4q": -10.2,
            "gross_profit": 222745,
            "gross_margin": 8.63,
            "gross_margin_4q_avg": 8.76,
            "net_income": -198645,
            "revenue": 2580129,
            "common_shares": 2776884,
            "book_valuer_per_share": 19.27,
            "book_valuer_per_share_4q_avg": 20.23,
            "equity": 5341329,
            "current_ratio": 156.4,
            "debt_ratio": 51.43,
            "inventory_turnover_ratio": 1.64,
            "account_receivable_turnover_ratio": 1.24,
            "reinvestment_rate": null,
            "research_to_sale_ratio": 5,
            "price_fair": 31.89,
            "eps_avg_yearly": 0.91,
            "eps_latest_yearly": 0.28,
            "eps_growth_yearly": 589.38
        },
        "20162": {
            "year_quarter": 20162,
            "year": 2016,
            "quarter": 2,
            "eps": -0.67,
            "eps_growth_year": null,
            "eps_4q": -1.84,
            "eps_4q_growth_year": null,
            "roe": -3.57,
            "roe_4q": -9.389999999999999,
            "gross_profit": 252516,
            "gross_margin": 10.18,
            "gross_margin_4q_avg": 9.78,
            "net_income": -186447,
            "revenue": 2479890,
            "common_shares": 2776884,
            "book_valuer_per_share": 18.37,
            "book_valuer_per_share_4q_avg": 19.71,
            "equity": 5090212,
            "current_ratio": 124.65,
            "debt_ratio": 52.19,
            "inventory_turnover_ratio": 1.66,
            "account_receivable_turnover_ratio": 1.3,
            "reinvestment_rate": null,
            "research_to_sale_ratio": 5.13,
            "price_fair": 29.75,
            "eps_avg_yearly": 0.85,
            "eps_latest_yearly": 0.28,
            "eps_growth_yearly": 596.39
        },
        "20163": {
            "year_quarter": 20163,
            "year": 2016,
            "quarter": 3,
            "eps": -0.21,
            "eps_growth_year": null,
            "eps_4q": -1.81,
            "eps_4q_growth_year": null,
            "roe": -1.18,
            "roe_4q": -9.399999999999999,
            "gross_profit": 398096,
            "gross_margin": 13.44,
            "gross_margin_4q_avg": 10.69,
            "net_income": -58946,
            "revenue": 2961513,
            "common_shares": 2776884,
            "book_valuer_per_share": 17.58,
            "book_valuer_per_share_4q_avg": 18.91,
            "equity": 4871003,
            "current_ratio": 122.38,
            "debt_ratio": 55.26,
            "inventory_turnover_ratio": 1.89,
            "account_receivable_turnover_ratio": 1.48,
            "reinvestment_rate": null,
            "research_to_sale_ratio": 4.17,
            "price_fair": 27,
            "eps_avg_yearly": 0.77,
            "eps_latest_yearly": 0.28,
            "eps_growth_yearly": 681.59
        },
        "20164": {
            "year_quarter": 20164,
            "year": 2016,
            "quarter": 4,
            "eps": 0.51,
            "eps_growth_year": null,
            "eps_4q": -1.09,
            "eps_4q_growth_year": null,
            "roe": 2.9,
            "roe_4q": -5.46,
            "gross_profit": 494881,
            "gross_margin": 14.86,
            "gross_margin_4q_avg": 11.78,
            "net_income": 142711,
            "revenue": 3330711,
            "common_shares": 2776884,
            "book_valuer_per_share": 17.95,
            "book_valuer_per_share_4q_avg": 18.29,
            "equity": 4974583,
            "current_ratio": 123.41,
            "debt_ratio": 57.13,
            "inventory_turnover_ratio": 1.99,
            "account_receivable_turnover_ratio": 1.4,
            "reinvestment_rate": null,
            "research_to_sale_ratio": 2.82,
            "price_fair": 25.43,
            "eps_avg_yearly": 0.73,
            "eps_latest_yearly": 0.28,
            "eps_growth_yearly": 812.33
        },
        "20171": {
            "year_quarter": 20171,
            "year": 2017,
            "quarter": 1,
            "eps": 0.1,
            "eps_growth_year": null,
            "eps_4q": -0.22,
            "eps_4q_growth_year": null,
            "roe": 0.55,
            "roe_4q": -1.2999999999999994,
            "gross_profit": 377120,
            "gross_margin": 13.32,
            "gross_margin_4q_avg": 12.95,
            "net_income": 28236,
            "revenue": 2830831,
            "common_shares": 3376884,
            "book_valuer_per_share": 15.86,
            "book_valuer_per_share_4q_avg": 17.44,
            "equity": 5346199,
            "current_ratio": 139.35,
            "debt_ratio": 53.2,
            "inventory_turnover_ratio": 1.62,
            "account_receivable_turnover_ratio": 1.14,
            "reinvestment_rate": null,
            "research_to_sale_ratio": 5.22,
            "price_fair": 24.27,
            "eps_avg_yearly": 0.69,
            "eps_latest_yearly": 0.4,
            "eps_growth_yearly": 786.94
        },
        "20172": {
            "year_quarter": 20172,
            "year": 2017,
            "quarter": 2,
            "eps": 0.02,
            "eps_growth_year": null,
            "eps_4q": 0.35,
            "eps_4q_growth_year": null,
            "roe": 0.1,
            "roe_4q": 2.37,
            "gross_profit": 397568,
            "gross_margin": 13.36,
            "gross_margin_4q_avg": 13.75,
            "net_income": 5503,
            "revenue": 2976886,
            "common_shares": 3376884,
            "book_valuer_per_share": 15.96,
            "book_valuer_per_share_4q_avg": 16.84,
            "equity": 5380151,
            "current_ratio": 162.01,
            "debt_ratio": 48.25,
            "inventory_turnover_ratio": 1.74,
            "account_receivable_turnover_ratio": 1.25,
            "reinvestment_rate": null,
            "research_to_sale_ratio": 5.01,
            "price_fair": 23.57,
            "eps_avg_yearly": 0.67,
            "eps_latest_yearly": 0.08,
            "eps_growth_yearly": 778.05
        },
        "20173": {
            "year_quarter": 20173,
            "year": 2017,
            "quarter": 3,
            "eps": 0.23,
            "eps_growth_year": null,
            "eps_4q": 0.75,
            "eps_4q_growth_year": null,
            "roe": 1.43,
            "roe_4q": 4.98,
            "gross_profit": 325530,
            "gross_margin": 11.2,
            "gross_margin_4q_avg": 13.19,
            "net_income": 77968,
            "revenue": 2906374,
            "common_shares": 3376884,
            "book_valuer_per_share": 16.37,
            "book_valuer_per_share_4q_avg": 16.54,
            "equity": 5517400,
            "current_ratio": 162.81,
            "debt_ratio": 46.95,
            "inventory_turnover_ratio": 1.81,
            "account_receivable_turnover_ratio": 1.22,
            "reinvestment_rate": null,
            "research_to_sale_ratio": 5.18,
            "price_fair": 20.07,
            "eps_avg_yearly": 0.57,
            "eps_latest_yearly": 0.92,
            "eps_growth_yearly": 1038.05
        },
        "20174": {
            "year_quarter": 20174,
            "year": 2017,
            "quarter": 4,
            "eps": -0.31,
            "eps_growth_year": -160.54,
            "eps_4q": 0.02,
            "eps_4q_growth_year": null,
            "roe": -1.93,
            "roe_4q": 0.15000000000000002,
            "gross_profit": 213569,
            "gross_margin": 8.31,
            "gross_margin_4q_avg": 11.55,
            "net_income": -105069,
            "revenue": 2569429,
            "common_shares": 3376884,
            "book_valuer_per_share": 15.95,
            "book_valuer_per_share_4q_avg": 16.04,
            "equity": 5375510,
            "current_ratio": 191.05,
            "debt_ratio": 47.87,
            "inventory_turnover_ratio": 1.58,
            "account_receivable_turnover_ratio": 1.19,
            "reinvestment_rate": null,
            "research_to_sale_ratio": 4.93,
            "price_fair": 20.07,
            "eps_avg_yearly": 0.57,
            "eps_latest_yearly": 0.92,
            "eps_growth_yearly": 1038.05
        },
        "20181": {
            "year_quarter": 20181,
            "year": 2018,
            "quarter": 1,
            "eps": -0.59,
            "eps_growth_year": -690,
            "eps_4q": -0.66,
            "eps_4q_growth_year": null,
            "roe": -3.79,
            "roe_4q": -4.19,
            "gross_profit": 180472,
            "gross_margin": 7.19,
            "gross_margin_4q_avg": 10.02,
            "net_income": -200340,
            "revenue": 2509921,
            "common_shares": 3376884,
            "book_valuer_per_share": 15.45,
            "book_valuer_per_share_4q_avg": 15.93,
            "equity": 5206996,
            "current_ratio": 185.32,
            "debt_ratio": 50.05,
            "inventory_turnover_ratio": 1.5,
            "account_receivable_turnover_ratio": 1.23,
            "reinvestment_rate": null,
            "research_to_sale_ratio": 5.83,
            "price_fair": 20.07,
            "eps_avg_yearly": 0.57,
            "eps_latest_yearly": 0.92,
            "eps_growth_yearly": 1038.05
        },
        "20182": {
            "year_quarter": 20182,
            "year": 2018,
            "quarter": 2,
            "eps": -0.21,
            "eps_growth_year": -1150,
            "eps_4q": -0.88,
            "eps_4q_growth_year": -352.77,
            "roe": -1.34,
            "roe_4q": -5.63,
            "gross_profit": 251888,
            "gross_margin": 8.43,
            "gross_margin_4q_avg": 8.78,
            "net_income": -69658,
            "revenue": 2988656,
            "common_shares": 3376884,
            "book_valuer_per_share": 15.39,
            "book_valuer_per_share_4q_avg": 15.79,
            "equity": 5188224,
            "current_ratio": 170.34,
            "debt_ratio": 53.23,
            "inventory_turnover_ratio": 1.69,
            "account_receivable_turnover_ratio": 1.33,
            "reinvestment_rate": null,
            "research_to_sale_ratio": 5.16,
            "price_fair": 19.88,
            "eps_avg_yearly": 0.57,
            "eps_latest_yearly": 0.92,
            "eps_growth_yearly": 725.66
        },
        "20183": {
            "year_quarter": 20183,
            "year": 2018,
            "quarter": 3,
            "eps": 0.05,
            "eps_growth_year": -78.26,
            "eps_4q": -1.06,
            "eps_4q_growth_year": -241.17,
            "roe": 0.31,
            "roe_4q": -6.75,
            "gross_profit": 469301,
            "gross_margin": 12.79,
            "gross_margin_4q_avg": 9.18,
            "net_income": 15861,
            "revenue": 3670075,
            "common_shares": 3376884,
            "book_valuer_per_share": 15.01,
            "book_valuer_per_share_4q_avg": 15.45,
            "equity": 5058496,
            "current_ratio": 161.72,
            "debt_ratio": 56.74,
            "inventory_turnover_ratio": 1.79,
            "account_receivable_turnover_ratio": 1.58,
            "reinvestment_rate": null,
            "research_to_sale_ratio": 4.49,
            "price_fair": 14.7,
            "eps_avg_yearly": 0.42,
            "eps_latest_yearly": 0.92,
            "eps_growth_yearly": 813.75
        },
        "20184": {
            "year_quarter": 20184,
            "year": 2018,
            "quarter": 4,
            "eps": 0.02,
            "eps_growth_year": null,
            "eps_4q": -0.73,
            "eps_4q_growth_year": -3804.94,
            "roe": 0.15,
            "roe_4q": -4.67,
            "gross_profit": 361529,
            "gross_margin": 12.17,
            "gross_margin_4q_avg": 10.15,
            "net_income": 7523,
            "revenue": 2970071,
            "common_shares": 3376884,
            "book_valuer_per_share": 15.1,
            "book_valuer_per_share_4q_avg": 15.24,
            "equity": 5091102,
            "current_ratio": 177.02,
            "debt_ratio": 51.4,
            "inventory_turnover_ratio": 1.31,
            "account_receivable_turnover_ratio": 1.36,
            "reinvestment_rate": null,
            "research_to_sale_ratio": 4.49,
            "price_fair": 12.95,
            "eps_avg_yearly": 0.37,
            "eps_latest_yearly": 0.08,
            "eps_growth_yearly": 829.61
        },
        "20191": {
            "year_quarter": 20191,
            "year": 2019,
            "quarter": 1,
            "eps": -0.25,
            "eps_growth_year": null,
            "eps_4q": -0.39,
            "eps_4q_growth_year": null,
            "roe": -1.64,
            "roe_4q": -2.52,
            "gross_profit": 340164,
            "gross_margin": 12.39,
            "gross_margin_4q_avg": 11.45,
            "net_income": -83799,
            "revenue": 2745492,
            "common_shares": 3376884,
            "book_valuer_per_share": 15.15,
            "book_valuer_per_share_4q_avg": 15.16,
            "equity": 5107383,
            "current_ratio": 205.07,
            "debt_ratio": 45.88,
            "inventory_turnover_ratio": 1.32,
            "account_receivable_turnover_ratio": 1.26,
            "reinvestment_rate": null,
            "research_to_sale_ratio": 5.71,
            "price_fair": 12.95,
            "eps_avg_yearly": 0.37,
            "eps_latest_yearly": 0.08,
            "eps_growth_yearly": 829.61
        },
        "20192": {
            "year_quarter": 20192,
            "year": 2019,
            "quarter": 2,
            "eps": -0.03,
            "eps_growth_year": null,
            "eps_4q": -0.21,
            "eps_4q_growth_year": null,
            "roe": -0.22,
            "roe_4q": -1.4,
            "gross_profit": 365868,
            "gross_margin": 13.5,
            "gross_margin_4q_avg": 12.71,
            "net_income": -11354,
            "revenue": 2709937,
            "common_shares": 3376884,
            "book_valuer_per_share": 15.01,
            "book_valuer_per_share_4q_avg": 15.07,
            "equity": 5058087,
            "current_ratio": 200.71,
            "debt_ratio": 46.42,
            "inventory_turnover_ratio": 1.57,
            "account_receivable_turnover_ratio": 1.26,
            "reinvestment_rate": null,
            "research_to_sale_ratio": 6.28,
            "price_fair": 12.95,
            "eps_avg_yearly": 0.37,
            "eps_latest_yearly": 0.08,
            "eps_growth_yearly": 829.61
        },
        "20193": {
            "year_quarter": 20193,
            "year": 2019,
            "quarter": 3,
            "eps": 0.17,
            "eps_growth_year": 240,
            "eps_4q": -0.09,
            "eps_4q_growth_year": null,
            "roe": 1.16,
            "roe_4q": -0.5499999999999999,
            "gross_profit": 431196,
            "gross_margin": 16.12,
            "gross_margin_4q_avg": 13.55,
            "net_income": 58606,
            "revenue": 2674232,
            "common_shares": 3376884,
            "book_valuer_per_share": 14.91,
            "book_valuer_per_share_4q_avg": 15.04,
            "equity": 5024732,
            "current_ratio": 198.01,
            "debt_ratio": 45.8,
            "inventory_turnover_ratio": 1.66,
            "account_receivable_turnover_ratio": 1.26,
            "reinvestment_rate": null,
            "research_to_sale_ratio": 6.24,
            "price_fair": 12.95,
            "eps_avg_yearly": 0.37,
            "eps_latest_yearly": 0.08,
            "eps_growth_yearly": 829.61
        },
        "20194": {
            "year_quarter": 20194,
            "year": 2019,
            "quarter": 4,
            "eps": -0,
            "eps_growth_year": -121.34,
            "eps_4q": -0.11,
            "eps_4q_growth_year": null,
            "roe": -0.03,
            "roe_4q": -0.73,
            "gross_profit": 388420,
            "gross_margin": 15.14,
            "gross_margin_4q_avg": 14.29,
            "net_income": -1610,
            "revenue": 2564943,
            "common_shares": 3376884,
            "book_valuer_per_share": 14.58,
            "book_valuer_per_share_4q_avg": 14.91,
            "equity": 4914301,
            "current_ratio": 191.81,
            "debt_ratio": 48.45,
            "inventory_turnover_ratio": 1.67,
            "account_receivable_turnover_ratio": 1.24,
            "reinvestment_rate": null,
            "research_to_sale_ratio": 6.03,
            "price_fair": 12.95,
            "eps_avg_yearly": 0.37,
            "eps_latest_yearly": 0.08,
            "eps_growth_yearly": 829.61
        },
        "20201": {
            "year_quarter": 20201,
            "year": 2020,
            "quarter": 1,
            "eps": -0.48,
            "eps_growth_year": null,
            "eps_4q": -0.34,
            "eps_4q_growth_year": null,
            "roe": -3.34,
            "roe_4q": -2.43,
            "gross_profit": 183954,
            "gross_margin": 11.5,
            "gross_margin_4q_avg": 14.07,
            "net_income": -161453,
            "revenue": 1599153,
            "common_shares": 3376884,
            "book_valuer_per_share": 14.08,
            "book_valuer_per_share_4q_avg": 14.65,
            "equity": 4743805,
            "current_ratio": 217.99,
            "debt_ratio": 45.17,
            "inventory_turnover_ratio": 1.11,
            "account_receivable_turnover_ratio": 0.96,
            "reinvestment_rate": null,
            "research_to_sale_ratio": 9.79,
            "price_fair": 12.95,
            "eps_avg_yearly": 0.37,
            "eps_latest_yearly": 0.08,
            "eps_growth_yearly": 829.61
        },
        "20202": {
            "year_quarter": 20202,
            "year": 2020,
            "quarter": 2,
            "eps": -0.1,
            "eps_growth_year": null,
            "eps_4q": -0.41,
            "eps_4q_growth_year": null,
            "roe": -0.73,
            "roe_4q": -2.9400000000000004,
            "gross_profit": 318116,
            "gross_margin": 12.95,
            "gross_margin_4q_avg": 13.93,
            "net_income": -34082,
            "revenue": 2457198,
            "common_shares": 3376884,
            "book_valuer_per_share": 13.78,
            "book_valuer_per_share_4q_avg": 14.34,
            "equity": 4643846,
            "current_ratio": 146.29,
            "debt_ratio": 49.37,
            "inventory_turnover_ratio": 1.75,
            "account_receivable_turnover_ratio": 1.48,
            "reinvestment_rate": null,
            "research_to_sale_ratio": 6.47,
            "price_fair": 12.95,
            "eps_avg_yearly": 0.37,
            "eps_latest_yearly": 0.08,
            "eps_growth_yearly": 829.61
        },
        "20203": {
            "year_quarter": 20203,
            "year": 2020,
            "quarter": 3,
            "eps": 0.06,
            "eps_growth_year": -64.71,
            "eps_4q": -0.52,
            "eps_4q_growth_year": null,
            "roe": 0.43,
            "roe_4q": -3.6699999999999995,
            "gross_profit": 345410,
            "gross_margin": 13.69,
            "gross_margin_4q_avg": 13.32,
            "net_income": 19869,
            "revenue": 2523812,
            "common_shares": 3376884,
            "book_valuer_per_share": 13.91,
            "book_valuer_per_share_4q_avg": 14.09,
            "equity": 4687460,
            "current_ratio": 143.85,
            "debt_ratio": 51.32,
            "inventory_turnover_ratio": 1.63,
            "account_receivable_turnover_ratio": 1.27,
            "reinvestment_rate": null,
            "research_to_sale_ratio": 6.19,
            "price_fair": 12.95,
            "eps_avg_yearly": 0.37,
            "eps_latest_yearly": 0.08,
            "eps_growth_yearly": 829.61
        },
        "20204": {
            "year_quarter": 20204,
            "year": 2020,
            "quarter": 4,
            "eps": 0.06,
            "eps_growth_year": null,
            "eps_4q": -0.46,
            "eps_4q_growth_year": null,
            "roe": 0.45,
            "roe_4q": -3.19,
            "gross_profit": 329716,
            "gross_margin": 12.38,
            "gross_margin_4q_avg": 12.63,
            "net_income": 21053,
            "revenue": 2663455,
            "common_shares": 3376884,
            "book_valuer_per_share": 14.08,
            "book_valuer_per_share_4q_avg": 13.96,
            "equity": 4744881,
            "current_ratio": 136.18,
            "debt_ratio": 54.21,
            "inventory_turnover_ratio": 1.36,
            "account_receivable_turnover_ratio": 1.34,
            "reinvestment_rate": null,
            "research_to_sale_ratio": 6.05,
            "price_fair": 12.04,
            "eps_avg_yearly": 0.34,
            "eps_latest_yearly": 0.24,
            "eps_growth_yearly": 663.69
        },
        "20211": {
            "year_quarter": 20211,
            "year": 2021,
            "quarter": 1,
            "eps": -0.51,
            "eps_growth_year": null,
            "eps_4q": -0.48,
            "eps_4q_growth_year": null,
            "roe": -3.67,
            "roe_4q": -3.5199999999999996,
            "gross_profit": 242309,
            "gross_margin": 9.53,
            "gross_margin_4q_avg": 12.14,
            "net_income": -170538,
            "revenue": 2542489,
            "common_shares": 3376884,
            "book_valuer_per_share": 13.51,
            "book_valuer_per_share_4q_avg": 13.82,
            "equity": 4552186,
            "current_ratio": 143.5,
            "debt_ratio": 60.39,
            "inventory_turnover_ratio": 1.07,
            "account_receivable_turnover_ratio": 1.24,
            "reinvestment_rate": null,
            "research_to_sale_ratio": 6.84,
            "price_fair": 11.55,
            "eps_avg_yearly": 0.33,
            "eps_latest_yearly": 0.24,
            "eps_growth_yearly": 910
        },
        "20212": {
            "year_quarter": 20212,
            "year": 2021,
            "quarter": 2,
            "eps": -0.33,
            "eps_growth_year": null,
            "eps_4q": -0.71,
            "eps_4q_growth_year": null,
            "roe": -2.5,
            "roe_4q": -5.29,
            "gross_profit": 319617,
            "gross_margin": 11.32,
            "gross_margin_4q_avg": 11.73,
            "net_income": -111455,
            "revenue": 2823470,
            "common_shares": 3376884,
            "book_valuer_per_share": 13,
            "book_valuer_per_share_4q_avg": 13.63,
            "equity": 4381332,
            "current_ratio": 148.22,
            "debt_ratio": 62.51,
            "inventory_turnover_ratio": 1,
            "account_receivable_turnover_ratio": 1.32,
            "reinvestment_rate": null,
            "research_to_sale_ratio": 6.06,
            "price_fair": 14.47,
            "eps_avg_yearly": 0.41,
            "eps_latest_yearly": 0.24,
            "eps_growth_yearly": 1320
        },
        "20213": {
            "year_quarter": 20213,
            "year": 2021,
            "quarter": 3,
            "eps": -0.05,
            "eps_growth_year": -183.33,
            "eps_4q": -0.82,
            "eps_4q_growth_year": null,
            "roe": -0.36,
            "roe_4q": -6.079999999999999,
            "gross_profit": 397246,
            "gross_margin": 12.63,
            "gross_margin_4q_avg": 11.47,
            "net_income": -15873,
            "revenue": 3144150,
            "common_shares": 3376884,
            "book_valuer_per_share": 12.86,
            "book_valuer_per_share_4q_avg": 13.36,
            "equity": 4334592,
            "current_ratio": 132.99,
            "debt_ratio": 62.49,
            "inventory_turnover_ratio": 0.94,
            "account_receivable_turnover_ratio": 1.53,
            "reinvestment_rate": null,
            "research_to_sale_ratio": 5.87,
            "price_fair": 0.48,
            "eps_avg_yearly": 0.16,
            "eps_latest_yearly": 0.24,
            "eps_growth_yearly": -120
        },
        "20214": {
            "year_quarter": 20214,
            "year": 2021,
            "quarter": 4,
            "eps": -0.04,
            "eps_growth_year": -163.04,
            "eps_4q": -0.83,
            "eps_4q_growth_year": null,
            "roe": -0.29,
            "roe_4q": -6.82,
            "gross_profit": 514130,
            "gross_margin": 13.62,
            "gross_margin_4q_avg": 11.78,
            "net_income": -14752,
            "revenue": 3773932,
            "common_shares": 3752084,
            "book_valuer_per_share": 15.58,
            "book_valuer_per_share_4q_avg": 13.74,
            "equity": 5837358,
            "current_ratio": 157.82,
            "debt_ratio": 57.12,
            "inventory_turnover_ratio": 1.03,
            "account_receivable_turnover_ratio": 1.8,
            "reinvestment_rate": null,
            "research_to_sale_ratio": 6.13,
            "price_fair": 0.48,
            "eps_avg_yearly": 0.16,
            "eps_latest_yearly": 0.24,
            "eps_growth_yearly": -120
        },
        "20221": {
            "year_quarter": 20221,
            "year": 2022,
            "quarter": 1,
            "eps": -0.21,
            "eps_growth_year": null,
            "eps_4q": -0.59,
            "eps_4q_growth_year": null,
            "roe": -1.37,
            "roe_4q": -4.52,
            "gross_profit": 337634,
            "gross_margin": 11.37,
            "gross_margin_4q_avg": 12.24,
            "net_income": -80413,
            "revenue": 2969109,
            "common_shares": 3752084,
            "book_valuer_per_share": 15.8,
            "book_valuer_per_share_4q_avg": 14.31,
            "equity": 5918731,
            "current_ratio": 167.38,
            "debt_ratio": 51.91,
            "inventory_turnover_ratio": 0.8,
            "account_receivable_turnover_ratio": 1.3,
            "reinvestment_rate": null,
            "research_to_sale_ratio": 6.28,
            "price_fair": 0.48,
            "eps_avg_yearly": 0.16,
            "eps_latest_yearly": 0.24,
            "eps_growth_yearly": -120
        },
        "20222": {
            "year_quarter": 20222,
            "year": 2022,
            "quarter": 2,
            "eps": 0.19,
            "eps_growth_year": null,
            "eps_4q": -0.11,
            "eps_4q_growth_year": null,
            "roe": 1.17,
            "roe_4q": -0.8500000000000001,
            "gross_profit": 475315,
            "gross_margin": 14.01,
            "gross_margin_4q_avg": 12.91,
            "net_income": 69980,
            "revenue": 3391967,
            "common_shares": 3752084,
            "book_valuer_per_share": 16.07,
            "book_valuer_per_share_4q_avg": 15.08,
            "equity": 6021959,
            "current_ratio": 166,
            "debt_ratio": 53.99,
            "inventory_turnover_ratio": 0.86,
            "account_receivable_turnover_ratio": 1.33,
            "reinvestment_rate": null,
            "research_to_sale_ratio": 4.32,
            "price_fair": 0.48,
            "eps_avg_yearly": 0.16,
            "eps_latest_yearly": 0.24,
            "eps_growth_yearly": -120
        },
        "20223": {
            "year_quarter": 20223,
            "year": 2022,
            "quarter": 3,
            "eps": 0.06,
            "eps_growth_year": null,
            "eps_4q": -0,
            "eps_4q_growth_year": null,
            "roe": 0.39,
            "roe_4q": -0.10000000000000003,
            "gross_profit": 538861,
            "gross_margin": 14.17,
            "gross_margin_4q_avg": 13.29,
            "net_income": 24218,
            "revenue": 3803730,
            "common_shares": 3752084,
            "book_valuer_per_share": 16.76,
            "book_valuer_per_share_4q_avg": 16.05,
            "equity": 6277108,
            "current_ratio": 163.27,
            "debt_ratio": 58.02,
            "inventory_turnover_ratio": 0.96,
            "account_receivable_turnover_ratio": 1.29,
            "reinvestment_rate": null,
            "research_to_sale_ratio": 5.22,
            "price_fair": 0.56,
            "eps_avg_yearly": 0.19,
            "eps_latest_yearly": 0.24,
            "eps_growth_yearly": -171.23
        },
        "20224": {
            "year_quarter": 20224,
            "year": 2022,
            "quarter": 4,
            "eps": 0.15,
            "eps_growth_year": null,
            "eps_4q": 0.19,
            "eps_4q_growth_year": null,
            "roe": 0.92,
            "roe_4q": 1.1099999999999999,
            "gross_profit": 789828,
            "gross_margin": 20.5,
            "gross_margin_4q_avg": 15.01,
            "net_income": 57521,
            "revenue": 3852769,
            "common_shares": 3752084,
            "book_valuer_per_share": 16.59,
            "book_valuer_per_share_4q_avg": 16.31,
            "equity": 6215417,
            "current_ratio": 159.03,
            "debt_ratio": 57.4,
            "inventory_turnover_ratio": 0.92,
            "account_receivable_turnover_ratio": 1.33,
            "reinvestment_rate": null,
            "research_to_sale_ratio": 5.8,
            "price_fair": 12.6,
            "eps_avg_yearly": 0.36,
            "eps_latest_yearly": 0.6,
            "eps_growth_yearly": 108.77
        },
        "20231": {
            "year_quarter": 20231,
            "year": 2023,
            "quarter": 1,
            "eps": 0.12,
            "eps_growth_year": null,
            "eps_4q": 0.52,
            "eps_4q_growth_year": null,
            "roe": 0.7,
            "roe_4q": 3.18,
            "gross_profit": 661124,
            "gross_margin": 23.78,
            "gross_margin_4q_avg": 18.12,
            "net_income": 43770,
            "revenue": 2779899,
            "common_shares": 3752084,
            "book_valuer_per_share": 16.67,
            "book_valuer_per_share_4q_avg": 16.52,
            "equity": 6246320,
            "current_ratio": 161.12,
            "debt_ratio": 57.1,
            "inventory_turnover_ratio": 0.68,
            "account_receivable_turnover_ratio": 1.04,
            "reinvestment_rate": null,
            "research_to_sale_ratio": 7.31,
            "price_fair": 13.65,
            "eps_avg_yearly": 0.39,
            "eps_latest_yearly": 0.48,
            "eps_growth_yearly": 61.58
        }
    },
    "months": {
        "2001-09": {
            "month": "2001-09",
            "price": "29.36",
            "revenue": 650133
        },
        "2001-10": {
            "month": "2001-10",
            "price": "31.78",
            "revenue": 718730
        },
        "2001-11": {
            "month": "2001-11",
            "price": "43.57",
            "revenue": 811125
        },
        "2001-12": {
            "month": "2001-12",
            "price": "58.40",
            "revenue": 705466
        },
        "2002-01": {
            "month": "2002-01",
            "price": "59.14",
            "revenue": 487874
        },
        "2002-02": {
            "month": "2002-02",
            "price": "53.59",
            "revenue": 427826
        },
        "2002-03": {
            "month": "2002-03",
            "price": "60.00",
            "revenue": 552122
        },
        "2002-04": {
            "month": "2002-04",
            "price": "64.69",
            "revenue": 562416
        },
        "2002-05": {
            "month": "2002-05",
            "price": "54.16",
            "revenue": 568675
        },
        "2002-06": {
            "month": "2002-06",
            "price": "51.46",
            "revenue": 600397
        },
        "2002-07": {
            "month": "2002-07",
            "price": "46.69",
            "revenue": 704297
        },
        "2002-08": {
            "month": "2002-08",
            "price": "49.30",
            "revenue": 650203
        },
        "2002-09": {
            "month": "2002-09",
            "price": "46.02",
            "revenue": 712756
        },
        "2002-10": {
            "month": "2002-10",
            "price": "39.80",
            "revenue": 701134
        },
        "2002-11": {
            "month": "2002-11",
            "price": "38.83",
            "revenue": 720312
        },
        "2002-12": {
            "month": "2002-12",
            "price": "33.40",
            "revenue": 709538
        },
        "2003-01": {
            "month": "2003-01",
            "price": "30.91",
            "revenue": 452758
        },
        "2003-02": {
            "month": "2003-02",
            "price": "27.56",
            "revenue": 410107
        },
        "2003-03": {
            "month": "2003-03",
            "price": "23.32",
            "revenue": 652804
        },
        "2003-04": {
            "month": "2003-04",
            "price": "23.56",
            "revenue": 672751
        },
        "2003-05": {
            "month": "2003-05",
            "price": "20.02",
            "revenue": 466204
        },
        "2003-06": {
            "month": "2003-06",
            "price": "22.86",
            "revenue": 601031
        },
        "2003-07": {
            "month": "2003-07",
            "price": "23.37",
            "revenue": 601578
        },
        "2003-08": {
            "month": "2003-08",
            "price": "20.41",
            "revenue": 615980
        },
        "2003-09": {
            "month": "2003-09",
            "price": "18.55",
            "revenue": 751550
        },
        "2003-10": {
            "month": "2003-10",
            "price": "19.08",
            "revenue": 843511
        },
        "2003-11": {
            "month": "2003-11",
            "price": "18.80",
            "revenue": 810026
        },
        "2003-12": {
            "month": "2003-12",
            "price": "20.59",
            "revenue": 751090
        },
        "2004-01": {
            "month": "2004-01",
            "price": "21.37",
            "revenue": 515231
        },
        "2004-02": {
            "month": "2004-02",
            "price": "22.60",
            "revenue": 589159
        },
        "2004-03": {
            "month": "2004-03",
            "price": "20.51",
            "revenue": 679683
        },
        "2004-04": {
            "month": "2004-04",
            "price": "20.28",
            "revenue": 712013
        },
        "2004-05": {
            "month": "2004-05",
            "price": "18.16",
            "revenue": 613214
        },
        "2004-06": {
            "month": "2004-06",
            "price": "15.66",
            "revenue": 748301
        },
        "2004-07": {
            "month": "2004-07",
            "price": "13.43",
            "revenue": 716460
        },
        "2004-08": {
            "month": "2004-08",
            "price": "12.76",
            "revenue": 735898
        },
        "2004-09": {
            "month": "2004-09",
            "price": "12.09",
            "revenue": 812544
        },
        "2004-10": {
            "month": "2004-10",
            "price": "11.93",
            "revenue": 855974
        },
        "2004-11": {
            "month": "2004-11",
            "price": "13.48",
            "revenue": 817888
        },
        "2004-12": {
            "month": "2004-12",
            "price": "11.87",
            "revenue": 809801
        },
        "2005-01": {
            "month": "2005-01",
            "price": "9.44",
            "revenue": 767195
        },
        "2005-02": {
            "month": "2005-02",
            "price": "10.03",
            "revenue": 535723
        },
        "2005-03": {
            "month": "2005-03",
            "price": "10.78",
            "revenue": 610736
        },
        "2005-04": {
            "month": "2005-04",
            "price": "10.05",
            "revenue": 655482
        },
        "2005-05": {
            "month": "2005-05",
            "price": "9.34",
            "revenue": 682162
        },
        "2005-06": {
            "month": "2005-06",
            "price": "10.72",
            "revenue": 763703
        },
        "2005-07": {
            "month": "2005-07",
            "price": "12.62",
            "revenue": 721473
        },
        "2005-08": {
            "month": "2005-08",
            "price": "12.57",
            "revenue": 1043323
        },
        "2005-09": {
            "month": "2005-09",
            "price": "11.03",
            "revenue": 1119658
        },
        "2005-10": {
            "month": "2005-10",
            "price": "10.75",
            "revenue": 1118411
        },
        "2005-11": {
            "month": "2005-11",
            "price": "12.38",
            "revenue": 1151755
        },
        "2005-12": {
            "month": "2005-12",
            "price": "17.62",
            "revenue": 1086670
        },
        "2006-01": {
            "month": "2006-01",
            "price": "21.18",
            "revenue": 1056212
        },
        "2006-02": {
            "month": "2006-02",
            "price": "20.08",
            "revenue": 937279
        },
        "2006-03": {
            "month": "2006-03",
            "price": "21.59",
            "revenue": 1023082
        },
        "2006-04": {
            "month": "2006-04",
            "price": "22.24",
            "revenue": 1017788
        },
        "2006-05": {
            "month": "2006-05",
            "price": "21.88",
            "revenue": 864252
        },
        "2006-06": {
            "month": "2006-06",
            "price": "17.14",
            "revenue": 803560
        },
        "2006-07": {
            "month": "2006-07",
            "price": "16.12",
            "revenue": 721689
        },
        "2006-08": {
            "month": "2006-08",
            "price": "16.32",
            "revenue": 810501
        },
        "2006-09": {
            "month": "2006-09",
            "price": "17.14",
            "revenue": 1106462
        },
        "2006-10": {
            "month": "2006-10",
            "price": "18.12",
            "revenue": 1192349
        },
        "2006-11": {
            "month": "2006-11",
            "price": "19.08",
            "revenue": 1203924
        },
        "2006-12": {
            "month": "2006-12",
            "price": "21.18",
            "revenue": 1335867
        },
        "2007-01": {
            "month": "2007-01",
            "price": "27.06",
            "revenue": 1358720
        },
        "2007-02": {
            "month": "2007-02",
            "price": "25.60",
            "revenue": 1103180
        },
        "2007-03": {
            "month": "2007-03",
            "price": "26.63",
            "revenue": 1074685
        },
        "2007-04": {
            "month": "2007-04",
            "price": "25.70",
            "revenue": 1060668
        },
        "2007-05": {
            "month": "2007-05",
            "price": "24.39",
            "revenue": 997837
        },
        "2007-06": {
            "month": "2007-06",
            "price": "27.15",
            "revenue": 954797
        },
        "2007-07": {
            "month": "2007-07",
            "price": "37.41",
            "revenue": 1080942
        },
        "2007-08": {
            "month": "2007-08",
            "price": "33.75",
            "revenue": 1225987
        },
        "2007-09": {
            "month": "2007-09",
            "price": "31.90",
            "revenue": 1394564
        },
        "2007-10": {
            "month": "2007-10",
            "price": "31.27",
            "revenue": 1335396
        },
        "2007-11": {
            "month": "2007-11",
            "price": "25.72",
            "revenue": 1365456
        },
        "2007-12": {
            "month": "2007-12",
            "price": "22.58",
            "revenue": 1153191
        },
        "2008-01": {
            "month": "2008-01",
            "price": "17.57",
            "revenue": 973261
        },
        "2008-02": {
            "month": "2008-02",
            "price": "17.71",
            "revenue": 753934
        },
        "2008-03": {
            "month": "2008-03",
            "price": "19.01",
            "revenue": 882636
        },
        "2008-04": {
            "month": "2008-04",
            "price": "20.33",
            "revenue": 1093164
        },
        "2008-05": {
            "month": "2008-05",
            "price": "19.83",
            "revenue": 1141395
        },
        "2008-06": {
            "month": "2008-06",
            "price": "17.51",
            "revenue": 852782
        },
        "2008-07": {
            "month": "2008-07",
            "price": "13.38",
            "revenue": 1085910
        },
        "2008-08": {
            "month": "2008-08",
            "price": "12.88",
            "revenue": 1181324
        },
        "2008-09": {
            "month": "2008-09",
            "price": "10.29",
            "revenue": 1432899
        },
        "2008-10": {
            "month": "2008-10",
            "price": "8.83",
            "revenue": 1459128
        },
        "2008-11": {
            "month": "2008-11",
            "price": "7.20",
            "revenue": 1231056
        },
        "2008-12": {
            "month": "2008-12",
            "price": "7.08",
            "revenue": 1224780
        },
        "2009-01": {
            "month": "2009-01",
            "price": "7.28",
            "revenue": 896466
        },
        "2009-02": {
            "month": "2009-02",
            "price": "7.70",
            "revenue": 594497
        },
        "2009-03": {
            "month": "2009-03",
            "price": "9.81",
            "revenue": 875009
        },
        "2009-04": {
            "month": "2009-04",
            "price": "10.78",
            "revenue": 954301
        },
        "2009-05": {
            "month": "2009-05",
            "price": "15.39",
            "revenue": 863255
        },
        "2009-06": {
            "month": "2009-06",
            "price": "15.31",
            "revenue": 1108160
        },
        "2009-07": {
            "month": "2009-07",
            "price": "17.69",
            "revenue": 1191818
        },
        "2009-08": {
            "month": "2009-08",
            "price": "20.67",
            "revenue": 1027889
        },
        "2009-09": {
            "month": "2009-09",
            "price": "21.51",
            "revenue": 1191108
        },
        "2009-10": {
            "month": "2009-10",
            "price": "25.82",
            "revenue": 1317356
        },
        "2009-11": {
            "month": "2009-11",
            "price": "28.79",
            "revenue": 1398933
        },
        "2009-12": {
            "month": "2009-12",
            "price": "29.88",
            "revenue": 1213700
        },
        "2010-01": {
            "month": "2010-01",
            "price": "31.77",
            "revenue": 1017156
        },
        "2010-02": {
            "month": "2010-02",
            "price": "29.09",
            "revenue": 968219
        },
        "2010-03": {
            "month": "2010-03",
            "price": "29.98",
            "revenue": 1104078
        },
        "2010-04": {
            "month": "2010-04",
            "price": "30.37",
            "revenue": 1050760
        },
        "2010-05": {
            "month": "2010-05",
            "price": "33.03",
            "revenue": 1211330
        },
        "2010-06": {
            "month": "2010-06",
            "price": "31.87",
            "revenue": 1473860
        },
        "2010-07": {
            "month": "2010-07",
            "price": "34.55",
            "revenue": 1575731
        },
        "2010-08": {
            "month": "2010-08",
            "price": "38.57",
            "revenue": 1563078
        },
        "2010-09": {
            "month": "2010-09",
            "price": "43.78",
            "revenue": 1608764
        },
        "2010-10": {
            "month": "2010-10",
            "price": "59.38",
            "revenue": 1438740
        },
        "2010-11": {
            "month": "2010-11",
            "price": "51.48",
            "revenue": 1539525
        },
        "2010-12": {
            "month": "2010-12",
            "price": "53.89",
            "revenue": 1223680
        },
        "2011-01": {
            "month": "2011-01",
            "price": "51.65",
            "revenue": 1254916
        },
        "2011-02": {
            "month": "2011-02",
            "price": "49.67",
            "revenue": 1096298
        },
        "2011-03": {
            "month": "2011-03",
            "price": "50.69",
            "revenue": 1384854
        },
        "2011-04": {
            "month": "2011-04",
            "price": "54.97",
            "revenue": 1357463
        },
        "2011-05": {
            "month": "2011-05",
            "price": "57.33",
            "revenue": 1392658
        },
        "2011-06": {
            "month": "2011-06",
            "price": "58.63",
            "revenue": 1114023
        },
        "2011-07": {
            "month": "2011-07",
            "price": "54.87",
            "revenue": 1126825
        },
        "2011-08": {
            "month": "2011-08",
            "price": "41.58",
            "revenue": 1086121
        },
        "2011-09": {
            "month": "2011-09",
            "price": "40.35",
            "revenue": 1209445
        },
        "2011-10": {
            "month": "2011-10",
            "price": "38.94",
            "revenue": 1143428
        },
        "2011-11": {
            "month": "2011-11",
            "price": "39.58",
            "revenue": 1117512
        },
        "2011-12": {
            "month": "2011-12",
            "price": "35.92",
            "revenue": 1101938
        },
        "2012-01": {
            "month": "2012-01",
            "price": "36.45",
            "revenue": 791169
        },
        "2012-02": {
            "month": "2012-02",
            "price": "41.30",
            "revenue": 880111
        },
        "2012-03": {
            "month": "2012-03",
            "price": "41.85",
            "revenue": 978293
        },
        "2012-04": {
            "month": "2012-04",
            "price": "39.17",
            "revenue": 882059
        },
        "2012-05": {
            "month": "2012-05",
            "price": "31.68",
            "revenue": 1166205
        },
        "2012-06": {
            "month": "2012-06",
            "price": "30.43",
            "revenue": 1077589
        },
        "2012-07": {
            "month": "2012-07",
            "price": "29.15",
            "revenue": 1072996
        },
        "2012-08": {
            "month": "2012-08",
            "price": "25.96",
            "revenue": 1101072
        },
        "2012-09": {
            "month": "2012-09",
            "price": "27.06",
            "revenue": 931286
        },
        "2012-10": {
            "month": "2012-10",
            "price": "23.41",
            "revenue": 1011589
        },
        "2012-11": {
            "month": "2012-11",
            "price": "20.53",
            "revenue": 1041587
        },
        "2012-12": {
            "month": "2012-12",
            "price": "23.89",
            "revenue": 948583
        },
        "2013-01": {
            "month": "2013-01",
            "price": "24.56",
            "revenue": 920002
        },
        "2013-02": {
            "month": "2013-02",
            "price": "25.77",
            "revenue": 735574
        },
        "2013-03": {
            "month": "2013-03",
            "price": "24.87",
            "revenue": 953018
        },
        "2013-04": {
            "month": "2013-04",
            "price": "23.33",
            "revenue": 925997
        },
        "2013-05": {
            "month": "2013-05",
            "price": "23.07",
            "revenue": 1022275
        },
        "2013-06": {
            "month": "2013-06",
            "price": "21.24",
            "revenue": 1075029
        },
        "2013-07": {
            "month": "2013-07",
            "price": "20.19",
            "revenue": 1137487
        },
        "2013-08": {
            "month": "2013-08",
            "price": "17.46",
            "revenue": 1171162
        },
        "2013-09": {
            "month": "2013-09",
            "price": "18.29",
            "revenue": 1099953
        },
        "2013-10": {
            "month": "2013-10",
            "price": "17.85",
            "revenue": 1036290
        },
        "2013-11": {
            "month": "2013-11",
            "price": "17.40",
            "revenue": 951596
        },
        "2013-12": {
            "month": "2013-12",
            "price": "17.48",
            "revenue": 1052705
        },
        "2014-01": {
            "month": "2014-01",
            "price": "19.83",
            "revenue": 929506
        },
        "2014-02": {
            "month": "2014-02",
            "price": "20.34",
            "revenue": 814524
        },
        "2014-03": {
            "month": "2014-03",
            "price": "20.96",
            "revenue": 1032805
        },
        "2014-04": {
            "month": "2014-04",
            "price": "20.56",
            "revenue": 1064824
        },
        "2014-05": {
            "month": "2014-05",
            "price": "20.36",
            "revenue": 1107638
        },
        "2014-06": {
            "month": "2014-06",
            "price": "21.54",
            "revenue": 1119111
        },
        "2014-07": {
            "month": "2014-07",
            "price": "21.77",
            "revenue": 1141322
        },
        "2014-08": {
            "month": "2014-08",
            "price": "19.74",
            "revenue": 1118977
        },
        "2014-09": {
            "month": "2014-09",
            "price": "18.99",
            "revenue": 1102807
        },
        "2014-10": {
            "month": "2014-10",
            "price": "16.52",
            "revenue": 1119217
        },
        "2014-11": {
            "month": "2014-11",
            "price": "16.19",
            "revenue": 934965
        },
        "2014-12": {
            "month": "2014-12",
            "price": "16.88",
            "revenue": 950284
        },
        "2015-01": {
            "month": "2015-01",
            "price": "17.73",
            "revenue": 919060
        },
        "2015-02": {
            "month": "2015-02",
            "price": "16.83",
            "revenue": 655991
        },
        "2015-03": {
            "month": "2015-03",
            "price": "17.10",
            "revenue": 890716
        },
        "2015-04": {
            "month": "2015-04",
            "price": "16.34",
            "revenue": 846259
        },
        "2015-05": {
            "month": "2015-05",
            "price": "13.78",
            "revenue": 905018
        },
        "2015-06": {
            "month": "2015-06",
            "price": "11.75",
            "revenue": 923694
        },
        "2015-07": {
            "month": "2015-07",
            "price": "10.87",
            "revenue": 892389
        },
        "2015-08": {
            "month": "2015-08",
            "price": "8.29",
            "revenue": 976733
        },
        "2015-09": {
            "month": "2015-09",
            "price": "8.21",
            "revenue": 1067781
        },
        "2015-10": {
            "month": "2015-10",
            "price": "9.38",
            "revenue": 1050050
        },
        "2015-11": {
            "month": "2015-11",
            "price": "9.76",
            "revenue": 1007003
        },
        "2015-12": {
            "month": "2015-12",
            "price": "12.92",
            "revenue": 988621
        },
        "2016-01": {
            "month": "2016-01",
            "price": "11.88",
            "revenue": 993193
        },
        "2016-02": {
            "month": "2016-02",
            "price": "12.52",
            "revenue": 647761
        },
        "2016-03": {
            "month": "2016-03",
            "price": "12.34",
            "revenue": 939175
        },
        "2016-04": {
            "month": "2016-04",
            "price": "11.32",
            "revenue": 808843
        },
        "2016-05": {
            "month": "2016-05",
            "price": "9.59",
            "revenue": 861570
        },
        "2016-06": {
            "month": "2016-06",
            "price": "9.55",
            "revenue": 809477
        },
        "2016-07": {
            "month": "2016-07",
            "price": "9.99",
            "revenue": 930768
        },
        "2016-08": {
            "month": "2016-08",
            "price": "10.42",
            "revenue": 1001041
        },
        "2016-09": {
            "month": "2016-09",
            "price": "10.32",
            "revenue": 1029704
        },
        "2016-10": {
            "month": "2016-10",
            "price": "9.98",
            "revenue": 1105174
        },
        "2016-11": {
            "month": "2016-11",
            "price": "9.42",
            "revenue": 1167792
        },
        "2016-12": {
            "month": "2016-12",
            "price": "10.71",
            "revenue": 1057745
        },
        "2017-01": {
            "month": "2017-01",
            "price": "11.83",
            "revenue": 858357
        },
        "2017-02": {
            "month": "2017-02",
            "price": "11.32",
            "revenue": 834911
        },
        "2017-03": {
            "month": "2017-03",
            "price": "11.97",
            "revenue": 1137563
        },
        "2017-04": {
            "month": "2017-04",
            "price": "14.62",
            "revenue": 1004221
        },
        "2017-05": {
            "month": "2017-05",
            "price": "13.40",
            "revenue": 1024251
        },
        "2017-06": {
            "month": "2017-06",
            "price": "13.22",
            "revenue": 948414
        },
        "2017-07": {
            "month": "2017-07",
            "price": "12.28",
            "revenue": 969251
        },
        "2017-08": {
            "month": "2017-08",
            "price": "12.16",
            "revenue": 1021887
        },
        "2017-09": {
            "month": "2017-09",
            "price": "12.85",
            "revenue": 915236
        },
        "2017-10": {
            "month": "2017-10",
            "price": "12.94",
            "revenue": 896401
        },
        "2017-11": {
            "month": "2017-11",
            "price": "12.90",
            "revenue": 810896
        },
        "2017-12": {
            "month": "2017-12",
            "price": "13.46",
            "revenue": 862132
        },
        "2018-01": {
            "month": "2018-01",
            "price": "13.59",
            "revenue": 1023838
        },
        "2018-02": {
            "month": "2018-02",
            "price": "12.52",
            "revenue": 573507
        },
        "2018-03": {
            "month": "2018-03",
            "price": "12.35",
            "revenue": 912576
        },
        "2018-04": {
            "month": "2018-04",
            "price": "11.43",
            "revenue": 966106
        },
        "2018-05": {
            "month": "2018-05",
            "price": "10.30",
            "revenue": 1014832
        },
        "2018-06": {
            "month": "2018-06",
            "price": "11.16",
            "revenue": 1007718
        },
        "2018-07": {
            "month": "2018-07",
            "price": "10.58",
            "revenue": 1311878
        },
        "2018-08": {
            "month": "2018-08",
            "price": "11.08",
            "revenue": 1256191
        },
        "2018-09": {
            "month": "2018-09",
            "price": "10.48",
            "revenue": 1102006
        },
        "2018-10": {
            "month": "2018-10",
            "price": "8.94",
            "revenue": 986122
        },
        "2018-11": {
            "month": "2018-11",
            "price": "8.98",
            "revenue": 1045393
        },
        "2018-12": {
            "month": "2018-12",
            "price": "10.45",
            "revenue": 938556
        },
        "2019-01": {
            "month": "2019-01",
            "price": "10.24",
            "revenue": 1132843
        },
        "2019-02": {
            "month": "2019-02",
            "price": "10.46",
            "revenue": 614359
        },
        "2019-03": {
            "month": "2019-03",
            "price": "11.08",
            "revenue": 998290
        },
        "2019-04": {
            "month": "2019-04",
            "price": "10.58",
            "revenue": 929754
        },
        "2019-05": {
            "month": "2019-05",
            "price": "9.41",
            "revenue": 908950
        },
        "2019-06": {
            "month": "2019-06",
            "price": "9.13",
            "revenue": 871233
        },
        "2019-07": {
            "month": "2019-07",
            "price": "9.15",
            "revenue": 870843
        },
        "2019-08": {
            "month": "2019-08",
            "price": "8.55",
            "revenue": 900466
        },
        "2019-09": {
            "month": "2019-09",
            "price": "8.97",
            "revenue": 902923
        },
        "2019-10": {
            "month": "2019-10",
            "price": "8.72",
            "revenue": 827149
        },
        "2019-11": {
            "month": "2019-11",
            "price": "9.01",
            "revenue": 968621
        },
        "2019-12": {
            "month": "2019-12",
            "price": "9.98",
            "revenue": 769173
        },
        "2020-01": {
            "month": "2020-01",
            "price": "9.58",
            "revenue": 573568
        },
        "2020-02": {
            "month": "2020-02",
            "price": "8.55",
            "revenue": 372992
        },
        "2020-03": {
            "month": "2020-03",
            "price": "6.63",
            "revenue": 652593
        },
        "2020-04": {
            "month": "2020-04",
            "price": "6.61",
            "revenue": 744969
        },
        "2020-05": {
            "month": "2020-05",
            "price": "7.07",
            "revenue": 819062
        },
        "2020-06": {
            "month": "2020-06",
            "price": "7.96",
            "revenue": 893167
        },
        "2020-07": {
            "month": "2020-07",
            "price": "9.17",
            "revenue": 764787
        },
        "2020-08": {
            "month": "2020-08",
            "price": "9.39",
            "revenue": 804716
        },
        "2020-09": {
            "month": "2020-09",
            "price": "10.31",
            "revenue": 954309
        },
        "2020-10": {
            "month": "2020-10",
            "price": "11.43",
            "revenue": 863541
        },
        "2020-11": {
            "month": "2020-11",
            "price": "11.95",
            "revenue": 921789
        },
        "2020-12": {
            "month": "2020-12",
            "price": "15.86",
            "revenue": 878125
        },
        "2021-01": {
            "month": "2021-01",
            "price": "16.86",
            "revenue": 928126
        },
        "2021-02": {
            "month": "2021-02",
            "price": "16.86",
            "revenue": 702028
        },
        "2021-03": {
            "month": "2021-03",
            "price": "21.79",
            "revenue": 912335
        },
        "2021-04": {
            "month": "2021-04",
            "price": "37.36",
            "revenue": 995845
        },
        "2021-05": {
            "month": "2021-05",
            "price": "31.59",
            "revenue": 856025
        },
        "2021-06": {
            "month": "2021-06",
            "price": "35.79",
            "revenue": 971600
        },
        "2021-07": {
            "month": "2021-07",
            "price": "39.88",
            "revenue": 1112896
        },
        "2021-08": {
            "month": "2021-08",
            "price": "35.98",
            "revenue": 956218
        },
        "2021-09": {
            "month": "2021-09",
            "price": "32.88",
            "revenue": 1075036
        },
        "2021-10": {
            "month": "2021-10",
            "price": "32.90",
            "revenue": 1160291
        },
        "2021-11": {
            "month": "2021-11",
            "price": "36.65",
            "revenue": 1369471
        },
        "2021-12": {
            "month": "2021-12",
            "price": "43.43",
            "revenue": 1244170
        },
        "2022-01": {
            "month": "2022-01",
            "price": "46.05",
            "revenue": 1119433
        },
        "2022-02": {
            "month": "2022-02",
            "price": "45.57",
            "revenue": 724114
        },
        "2022-03": {
            "month": "2022-03",
            "price": "44.59",
            "revenue": 1125562
        },
        "2022-04": {
            "month": "2022-04",
            "price": "43.05",
            "revenue": 1000421
        },
        "2022-05": {
            "month": "2022-05",
            "price": "38.40",
            "revenue": 984289
        },
        "2022-06": {
            "month": "2022-06",
            "price": "37.97",
            "revenue": 1407257
        },
        "2022-07": {
            "month": "2022-07",
            "price": "34.64",
            "revenue": 1180373
        },
        "2022-08": {
            "month": "2022-08",
            "price": "38.25",
            "revenue": 1346161
        },
        "2022-09": {
            "month": "2022-09",
            "price": "38.08",
            "revenue": 1277196
        },
        "2022-10": {
            "month": "2022-10",
            "price": "35.72",
            "revenue": 1295396
        },
        "2022-11": {
            "month": "2022-11",
            "price": "38.18",
            "revenue": 1476874
        },
        "2022-12": {
            "month": "2022-12",
            "price": "40.47",
            "revenue": 1080499
        },
        "2023-01": {
            "month": "2023-01",
            "price": "39.27",
            "revenue": 748587
        },
        "2023-02": {
            "month": "2023-02",
            "price": "42.39",
            "revenue": 796679
        },
        "2023-03": {
            "month": "2023-03",
            "price": "56.29",
            "revenue": 1234633
        },
        "2023-04": {
            "month": "2023-04",
            "price": "70.59",
            "revenue": 958168
        }
    }
}
