{
    "summary": {
        "stock_name": "義隆",
        "stock_id": "2458",
        "category": "半導體",
        "main_business": "類神經網路及模糊處理器,數位訊號處理器<br>八位元精簡指令微控制器,特定用途積體電硌<br>兼營與本公司業務相關之進出口貿易業務",
        "website_url": "http://www.emc.com.tw/",
        "ceo": "葉儀皓",
        "pe_ratio": 17,
        "report_year_from": 2001,
        "report_year_to": 2023,
        "age": 22,
        "eps_negative_percentage": 0,
        "eps_growth_avg": {
            "last_all": 17.97,
            "last_2y": 10.41,
            "last_4y": 39.41,
            "last_8y": 21.23,
            "last_12y": 27.41,
            "last_16y": 25.56,
            "last_20y": 17.97,
            "at_2006_last_3y": -12.02,
            "at_2007_last_3y": 3.53,
            "at_2008_last_3y": -8.68,
            "at_2009_last_3y": 19.55,
            "at_2010_last_3y": 44.45,
            "at_2011_last_3y": 11.54,
            "at_2012_last_3y": 52.97,
            "at_2013_last_3y": 41.31,
            "at_2014_last_3y": 22.51,
            "at_2015_last_3y": 19.13,
            "at_2016_last_3y": -11.17,
            "at_2017_last_3y": -1.49,
            "at_2018_last_3y": 16.62,
            "at_2019_last_3y": 52.5,
            "at_2020_last_3y": 65.27,
            "at_2021_last_3y": 63.55,
            "at_2022_last_3y": 32.4,
            "at_2023_last_3y": 32.4,
            "at_2006_last_all": -17.29,
            "at_2007_last_all": 2.26,
            "at_2008_last_all": -7.45,
            "at_2009_last_all": 2.65,
            "at_2010_last_all": 10.15,
            "at_2011_last_all": 5.97,
            "at_2012_last_all": 14.52,
            "at_2013_last_all": 15.53,
            "at_2014_last_all": 13.95,
            "at_2015_last_all": 9.73,
            "at_2016_last_all": 7.67,
            "at_2017_last_all": 11.28,
            "at_2018_last_all": 14.58,
            "at_2019_last_all": 19.24,
            "at_2020_last_all": 19.8,
            "at_2021_last_all": 21.73,
            "at_2022_last_all": 17.97,
            "at_2023_last_all": 17.97
        },
        "latest_eps": 5.83,
        "latest_price": 102,
        "latest_roe": 15,
        "latest_gross_margin": 40.76,
        "latest_equity": 8121983,
        "latest_revenue": 2405138,
        "latest_gross_profit": 980377,
        "latest_net_income": 242624,
        "latest_debt_ratio": 40.18,
        "latest_current_ratio": 191.9,
        "latest_account_receivable_turnover_ratio": 2.89,
        "latest_inventory_turnover_ratio": 0.4,
        "latest_reinvestment_rate": 8.1,
        "latest_research_to_sale_ratio": 22.14
    },
    "eps_dividends": {
        "1999": {
            "cash": 1,
            "stock": 1,
            "eps": 0
        },
        "2000": {
            "cash": 0.5,
            "stock": 3,
            "eps": 0
        },
        "2001": {
            "cash": 0.5,
            "stock": 3,
            "eps": 2.79
        },
        "2002": {
            "cash": 1.03,
            "stock": 1.03,
            "eps": 1.72
        },
        "2003": {
            "cash": 1.24,
            "stock": 0,
            "eps": 2.37
        },
        "2004": {
            "cash": 1.39,
            "stock": 0.32,
            "eps": 1.97
        },
        "2005": {
            "cash": 1.03,
            "stock": 0.2,
            "eps": 1.19
        },
        "2006": {
            "cash": 0.44,
            "stock": 0.11,
            "eps": 0.84
        },
        "2007": {
            "cash": 0.41,
            "stock": 0,
            "eps": 1.75
        },
        "2008": {
            "cash": 1,
            "stock": 0,
            "eps": 0.6
        },
        "2009": {
            "cash": 0.37,
            "stock": 0.1,
            "eps": 1.04
        },
        "2010": {
            "cash": 0.9,
            "stock": 0,
            "eps": 1.77
        },
        "2011": {
            "cash": 2.56,
            "stock": 0,
            "eps": 1.21
        },
        "2012": {
            "cash": 0,
            "stock": 0,
            "eps": 3
        },
        "2013": {
            "cash": 3,
            "stock": 0,
            "eps": 3.8
        },
        "2014": {
            "cash": 3.5,
            "stock": 0,
            "eps": 3.61
        },
        "2015": {
            "cash": 3.6,
            "stock": 0,
            "eps": 1.98
        },
        "2016": {
            "cash": 2.03,
            "stock": 0,
            "eps": 1.56
        },
        "2017": {
            "cash": 1.57,
            "stock": 0,
            "eps": 2.58
        },
        "2018": {
            "cash": 2.58,
            "stock": 0,
            "eps": 4.32
        },
        "2019": {
            "cash": 5,
            "stock": 0,
            "eps": 8.57
        },
        "2020": {
            "cash": 6.5,
            "stock": 0,
            "eps": 11.13
        },
        "2021": {
            "cash": 9,
            "stock": 0,
            "eps": 17.64
        },
        "2022": {
            "cash": 13.5,
            "stock": 0,
            "eps": 7.56
        },
        "2023": {
            "cash": 6,
            "stock": 0,
            "eps": 1.08
        }
    },
    "dividends": {
        "1999-06-23": {
            "cash": 1,
            "stock": 1
        },
        "2000-03-30": {
            "cash": 0.5,
            "stock": 3
        },
        "2001-06-20": {
            "cash": 0.5,
            "stock": 3
        },
        "2002-06-26": {
            "cash": 1.03,
            "stock": 1.03
        },
        "2003-06-03": {
            "cash": 1.24,
            "stock": 0
        },
        "2004-03-29": {
            "cash": 1.39,
            "stock": 0.32
        },
        "2005-03-22": {
            "cash": 1.03,
            "stock": 0.2
        },
        "2006-04-27": {
            "cash": 0.44,
            "stock": 0.11
        },
        "2007-04-16": {
            "cash": 0.41,
            "stock": 0
        },
        "2008-03-20": {
            "cash": 1,
            "stock": 0
        },
        "2009-03-23": {
            "cash": 0.37,
            "stock": 0.1
        },
        "2010-03-19": {
            "cash": 0.9,
            "stock": 0
        },
        "2011-01-01": {
            "cash": 1.04,
            "stock": 0
        },
        "2011-03-16": {
            "cash": 1.52,
            "stock": 0
        },
        "2013-03-18": {
            "cash": 3,
            "stock": 0
        },
        "2014-06-24": {
            "cash": 3.5,
            "stock": 0
        },
        "2015-08-28": {
            "cash": 3.6,
            "stock": 0
        },
        "2016-10-07": {
            "cash": 2.03,
            "stock": 0
        },
        "2017-08-31": {
            "cash": 1.57,
            "stock": 0
        },
        "2018-08-08": {
            "cash": 2.58,
            "stock": 0
        },
        "2019-08-28": {
            "cash": 5,
            "stock": 0
        },
        "2020-07-03": {
            "cash": 6.5,
            "stock": 0
        },
        "2021-08-11": {
            "cash": 9,
            "stock": 0
        },
        "2022-07-27": {
            "cash": 13.5,
            "stock": 0
        },
        "2023-04-26": {
            "cash": 6,
            "stock": 0
        }
    },
    "prices": {
        "200101": "無",
        "200102": "無",
        "200103": "無",
        "200104": "無",
        "200105": "無",
        "200106": "無",
        "200107": "無",
        "200108": "無",
        "200109": "25.00",
        "200110": "27.57",
        "200111": "37.01",
        "200112": "43.44",
        "200201": "44.78",
        "200202": "39.92",
        "200203": "43.22",
        "200204": "49.86",
        "200205": "42.88",
        "200206": "39.64",
        "200207": "35.46",
        "200208": "30.35",
        "200209": "28.44",
        "200210": "24.06",
        "200211": "25.25",
        "200212": "24.08",
        "200301": "23.56",
        "200302": "22.31",
        "200303": "23.36",
        "200304": "23.60",
        "200305": "23.31",
        "200306": "27.90",
        "200307": "28.88",
        "200308": "30.01",
        "200309": "30.49",
        "200310": "31.05",
        "200311": "31.00",
        "200312": "30.53",
        "200401": "29.69",
        "200402": "31.02",
        "200403": "30.62",
        "200404": "33.95",
        "200405": "26.64",
        "200406": "24.72",
        "200407": "23.56",
        "200408": "23.49",
        "200409": "24.02",
        "200410": "22.55",
        "200411": "19.11",
        "200412": "17.77",
        "200501": "17.04",
        "200502": "18.14",
        "200503": "17.97",
        "200504": "16.48",
        "200505": "15.15",
        "200506": "16.16",
        "200507": "15.89",
        "200508": "14.82",
        "200509": "13.37",
        "200510": "12.52",
        "200511": "13.30",
        "200512": "14.05",
        "200601": "16.48",
        "200602": "16.06",
        "200603": "16.28",
        "200604": "18.54",
        "200605": "18.43",
        "200606": "16.30",
        "200607": "15.45",
        "200608": "15.20",
        "200609": "13.37",
        "200610": "13.26",
        "200611": "13.93",
        "200612": "18.08",
        "200701": "24.10",
        "200702": "28.11",
        "200703": "34.21",
        "200704": "36.16",
        "200705": "44.31",
        "200706": "60.80",
        "200707": "72.83",
        "200708": "68.88",
        "200709": "70.89",
        "200710": "70.61",
        "200711": "60.91",
        "200712": "61.21",
        "200801": "53.64",
        "200802": "40.65",
        "200803": "49.50",
        "200804": "56.68",
        "200805": "59.77",
        "200806": "46.16",
        "200807": "38.69",
        "200808": "38.70",
        "200809": "26.42",
        "200810": "19.40",
        "200811": "18.86",
        "200812": "21.25",
        "200901": "24.33",
        "200902": "27.96",
        "200903": "32.92",
        "200904": "33.93",
        "200905": "50.98",
        "200906": "54.96",
        "200907": "55.17",
        "200908": "46.25",
        "200909": "48.13",
        "200910": "48.84",
        "200911": "48.07",
        "200912": "52.13",
        "201001": "55.54",
        "201002": "46.62",
        "201003": "48.43",
        "201004": "52.13",
        "201005": "47.20",
        "201006": "46.05",
        "201007": "46.71",
        "201008": "45.34",
        "201009": "48.00",
        "201010": "46.47",
        "201011": "43.35",
        "201012": "44.15",
        "201101": "44.18",
        "201102": "43.25",
        "201103": "40.82",
        "201104": "39.41",
        "201105": "37.63",
        "201106": "35.12",
        "201107": "29.61",
        "201108": "31.08",
        "201109": "30.47",
        "201110": "32.00",
        "201111": "27.49",
        "201112": "24.54",
        "201201": "27.60",
        "201202": "36.32",
        "201203": "36.67",
        "201204": "38.88",
        "201205": "39.78",
        "201206": "41.92",
        "201207": "46.45",
        "201208": "47.50",
        "201209": "51.56",
        "201210": "50.75",
        "201211": "44.14",
        "201212": "46.97",
        "201301": "48.68",
        "201302": "59.28",
        "201303": "64.63",
        "201304": "70.68",
        "201305": "76.86",
        "201306": "70.76",
        "201307": "60.68",
        "201308": "51.63",
        "201309": "51.87",
        "201310": "46.13",
        "201311": "42.81",
        "201312": "45.71",
        "201401": "51.94",
        "201402": "53.90",
        "201403": "55.17",
        "201404": "58.13",
        "201405": "55.22",
        "201406": "58.22",
        "201407": "53.64",
        "201408": "49.54",
        "201409": "50.40",
        "201410": "48.51",
        "201411": "45.70",
        "201412": "45.17",
        "201501": "48.51",
        "201502": "52.02",
        "201503": "54.85",
        "201504": "51.57",
        "201505": "47.24",
        "201506": "43.54",
        "201507": "39.28",
        "201508": "30.80",
        "201509": "34.30",
        "201510": "36.13",
        "201511": "37.15",
        "201512": "43.98",
        "201601": "41.25",
        "201602": "41.97",
        "201603": "40.35",
        "201604": "35.57",
        "201605": "33.32",
        "201606": "34.50",
        "201607": "36.96",
        "201608": "39.80",
        "201609": "38.76",
        "201610": "36.49",
        "201611": "32.89",
        "201612": "33.44",
        "201701": "34.42",
        "201702": "36.34",
        "201703": "38.45",
        "201704": "39.57",
        "201705": "42.76",
        "201706": "42.94",
        "201707": "44.64",
        "201708": "42.88",
        "201709": "43.10",
        "201710": "44.43",
        "201711": "50.82",
        "201712": "48.21",
        "201801": "45.63",
        "201802": "44.86",
        "201803": "44.76",
        "201804": "44.04",
        "201805": "45.81",
        "201806": "49.19",
        "201807": "49.75",
        "201808": "50.86",
        "201809": "51.33",
        "201810": "50.21",
        "201811": "65.81",
        "201812": "75.50",
        "201901": "79.16",
        "201902": "89.35",
        "201903": "88.24",
        "201904": "90.02",
        "201905": "73.74",
        "201906": "72.95",
        "201907": "78.20",
        "201908": "80.81",
        "201909": "83.62",
        "201910": "90.06",
        "201911": "91.07",
        "201912": "89.88",
        "202001": "91.72",
        "202002": "86.43",
        "202003": "80.36",
        "202004": "91.98",
        "202005": "95.46",
        "202006": "119.98",
        "202007": "141.35",
        "202008": "142.69",
        "202009": "151.41",
        "202010": "142.00",
        "202011": "133.57",
        "202012": "135.65",
        "202101": "163.30",
        "202102": "169.46",
        "202103": "181.48",
        "202104": "206.32",
        "202105": "200.43",
        "202106": "203.88",
        "202107": "192.84",
        "202108": "162.82",
        "202109": "154.85",
        "202110": "155.08",
        "202111": "166.09",
        "202112": "163.75",
        "202201": "163.36",
        "202202": "171.67",
        "202203": "167.80",
        "202204": "158.71",
        "202205": "144.95",
        "202206": "143.00",
        "202207": "111.62",
        "202208": "101.35",
        "202209": "88.10",
        "202210": "81.38",
        "202211": "86.64",
        "202212": "88.30",
        "202301": "92.33",
        "202302": "105.61",
        "202303": "102.96",
        "202304": "98.44",
        "202305": "97.44"
    },
    "quarters": {
        "20011": {
            "year_quarter": 20011,
            "year": 2001,
            "quarter": 1,
            "eps": 0.62,
            "eps_growth_year": -49.18,
            "eps_4q": 4.36,
            "eps_4q_growth_year": -15.3,
            "roe": 3.86,
            "roe_4q": 3.86,
            "gross_profit": 302153,
            "gross_margin": 40.05,
            "gross_margin_4q_avg": 40.05,
            "net_income": 137564,
            "revenue": 754452,
            "common_shares": 2208102,
            "book_valuer_per_share": 16.61,
            "book_valuer_per_share_4q_avg": 16.61,
            "equity": 3667342,
            "current_ratio": 229.41,
            "debt_ratio": 16.04,
            "inventory_turnover_ratio": 1.12,
            "account_receivable_turnover_ratio": null,
            "reinvestment_rate": null,
            "research_to_sale_ratio": null,
            "price_fair": 0,
            "eps_avg_yearly": 0,
            "eps_latest_yearly": 0,
            "eps_growth_yearly": 0
        },
        "20012": {
            "year_quarter": 20012,
            "year": 2001,
            "quarter": 2,
            "eps": 1.21,
            "eps_growth_year": 8.04,
            "eps_4q": 4.46,
            "eps_4q_growth_year": 9.33,
            "roe": 7.18,
            "roe_4q": 11.04,
            "gross_profit": 437184,
            "gross_margin": 40.47,
            "gross_margin_4q_avg": 40.26,
            "net_income": 268236,
            "revenue": 1080275,
            "common_shares": 2208102,
            "book_valuer_per_share": 17.21,
            "book_valuer_per_share_4q_avg": 16.91,
            "equity": 3799936,
            "current_ratio": 223.06,
            "debt_ratio": 13.89,
            "inventory_turnover_ratio": 1.26,
            "account_receivable_turnover_ratio": null,
            "reinvestment_rate": null,
            "research_to_sale_ratio": null,
            "price_fair": 0,
            "eps_avg_yearly": 0,
            "eps_latest_yearly": 0,
            "eps_growth_yearly": 0
        },
        "20013": {
            "year_quarter": 20013,
            "year": 2001,
            "quarter": 3,
            "eps": 0.81,
            "eps_growth_year": -36.72,
            "eps_4q": 3.21,
            "eps_4q_growth_year": -25.2,
            "roe": 6.08,
            "roe_4q": 17.12,
            "gross_profit": 412299,
            "gross_margin": 41.72,
            "gross_margin_4q_avg": 40.75,
            "net_income": 238327,
            "revenue": 988188,
            "common_shares": 2950383,
            "book_valuer_per_share": 13.69,
            "book_valuer_per_share_4q_avg": 15.84,
            "equity": 4039728,
            "current_ratio": 275.44,
            "debt_ratio": 11.88,
            "inventory_turnover_ratio": 1.13,
            "account_receivable_turnover_ratio": null,
            "reinvestment_rate": null,
            "research_to_sale_ratio": null,
            "price_fair": 0,
            "eps_avg_yearly": 0,
            "eps_latest_yearly": 0,
            "eps_growth_yearly": 0
        },
        "20014": {
            "year_quarter": 20014,
            "year": 2001,
            "quarter": 4,
            "eps": 0.15,
            "eps_growth_year": -88.97,
            "eps_4q": 2.29,
            "eps_4q_growth_year": -50.79,
            "roe": 1.12,
            "roe_4q": 18.24,
            "gross_profit": 243321,
            "gross_margin": 33.2,
            "gross_margin_4q_avg": 38.86,
            "net_income": 45108,
            "revenue": 732820,
            "common_shares": 2950383,
            "book_valuer_per_share": 13.55,
            "book_valuer_per_share_4q_avg": 15.27,
            "equity": 3998395,
            "current_ratio": 332.16,
            "debt_ratio": 9.43,
            "inventory_turnover_ratio": 1,
            "account_receivable_turnover_ratio": null,
            "reinvestment_rate": null,
            "research_to_sale_ratio": null,
            "price_fair": 0,
            "eps_avg_yearly": 0,
            "eps_latest_yearly": 0,
            "eps_growth_yearly": 0
        },
        "20021": {
            "year_quarter": 20021,
            "year": 2002,
            "quarter": 1,
            "eps": 0.36,
            "eps_growth_year": -41.94,
            "eps_4q": 2.25,
            "eps_4q_growth_year": -48.42,
            "roe": 2.61,
            "roe_4q": 16.990000000000002,
            "gross_profit": 259158,
            "gross_margin": 32.93,
            "gross_margin_4q_avg": 37.08,
            "net_income": 105107,
            "revenue": 787075,
            "common_shares": 2950383,
            "book_valuer_per_share": 13.75,
            "book_valuer_per_share_4q_avg": 14.55,
            "equity": 4057004,
            "current_ratio": 318.74,
            "debt_ratio": 10.43,
            "inventory_turnover_ratio": 1.2,
            "account_receivable_turnover_ratio": null,
            "reinvestment_rate": null,
            "research_to_sale_ratio": null,
            "price_fair": 50.4,
            "eps_avg_yearly": 1.44,
            "eps_latest_yearly": 1.44,
            "eps_growth_yearly": 560
        },
        "20022": {
            "year_quarter": 20022,
            "year": 2002,
            "quarter": 2,
            "eps": 0.82,
            "eps_growth_year": -32.23,
            "eps_4q": 2.17,
            "eps_4q_growth_year": -51.43,
            "roe": 6.06,
            "roe_4q": 15.87,
            "gross_profit": 492968,
            "gross_margin": 39.12,
            "gross_margin_4q_avg": 36.74,
            "net_income": 236481,
            "revenue": 1260060,
            "common_shares": 2950383,
            "book_valuer_per_share": 12.71,
            "book_valuer_per_share_4q_avg": 13.43,
            "equity": 3750321,
            "current_ratio": 170.63,
            "debt_ratio": 20.87,
            "inventory_turnover_ratio": 1.8,
            "account_receivable_turnover_ratio": null,
            "reinvestment_rate": null,
            "research_to_sale_ratio": null,
            "price_fair": 82.6,
            "eps_avg_yearly": 2.36,
            "eps_latest_yearly": 3.28,
            "eps_growth_yearly": 535.56
        },
        "20023": {
            "year_quarter": 20023,
            "year": 2002,
            "quarter": 3,
            "eps": 0.57,
            "eps_growth_year": -29.63,
            "eps_4q": 1.76,
            "eps_4q_growth_year": -45.31,
            "roe": 4.83,
            "roe_4q": 14.620000000000001,
            "gross_profit": 390114,
            "gross_margin": 36.99,
            "gross_margin_4q_avg": 35.56,
            "net_income": 185701,
            "revenue": 1054775,
            "common_shares": 3292391,
            "book_valuer_per_share": 11.96,
            "book_valuer_per_share_4q_avg": 12.99,
            "equity": 3936788,
            "current_ratio": 238.09,
            "debt_ratio": 12.74,
            "inventory_turnover_ratio": 1.47,
            "account_receivable_turnover_ratio": null,
            "reinvestment_rate": null,
            "research_to_sale_ratio": null,
            "price_fair": 81.67,
            "eps_avg_yearly": 2.33,
            "eps_latest_yearly": 2.28,
            "eps_growth_yearly": 316.39
        },
        "20024": {
            "year_quarter": 20024,
            "year": 2002,
            "quarter": 4,
            "eps": -0.03,
            "eps_growth_year": -120,
            "eps_4q": 1.6,
            "eps_4q_growth_year": -30.19,
            "roe": -0.27,
            "roe_4q": 13.23,
            "gross_profit": 320045,
            "gross_margin": 35.64,
            "gross_margin_4q_avg": 36.17,
            "net_income": -10630,
            "revenue": 897928,
            "common_shares": 3292391,
            "book_valuer_per_share": 11.94,
            "book_valuer_per_share_4q_avg": 12.59,
            "equity": 3930468,
            "current_ratio": 484.98,
            "debt_ratio": 27.82,
            "inventory_turnover_ratio": 1.35,
            "account_receivable_turnover_ratio": null,
            "reinvestment_rate": 32.22,
            "research_to_sale_ratio": null,
            "price_fair": 81.67,
            "eps_avg_yearly": 2.33,
            "eps_latest_yearly": 2.28,
            "eps_growth_yearly": 316.39
        },
        "20031": {
            "year_quarter": 20031,
            "year": 2003,
            "quarter": 1,
            "eps": 0.36,
            "eps_growth_year": 0,
            "eps_4q": 1.63,
            "eps_4q_growth_year": -27.44,
            "roe": 2.94,
            "roe_4q": 13.559999999999999,
            "gross_profit": 320778,
            "gross_margin": 37.3,
            "gross_margin_4q_avg": 37.26,
            "net_income": 116454,
            "revenue": 860103,
            "common_shares": 3292391,
            "book_valuer_per_share": 12.15,
            "book_valuer_per_share_4q_avg": 12.19,
            "equity": 4001608,
            "current_ratio": 496.89,
            "debt_ratio": 27.49,
            "inventory_turnover_ratio": 1.32,
            "account_receivable_turnover_ratio": null,
            "reinvestment_rate": 28.85,
            "research_to_sale_ratio": null,
            "price_fair": 81.67,
            "eps_avg_yearly": 2.33,
            "eps_latest_yearly": 2.28,
            "eps_growth_yearly": 316.39
        },
        "20032": {
            "year_quarter": 20032,
            "year": 2003,
            "quarter": 2,
            "eps": 0.75,
            "eps_growth_year": -8.54,
            "eps_4q": 1.66,
            "eps_4q_growth_year": -23.2,
            "roe": 6.14,
            "roe_4q": 13.64,
            "gross_profit": 508225,
            "gross_margin": 39.84,
            "gross_margin_4q_avg": 37.44,
            "net_income": 239073,
            "revenue": 1275511,
            "common_shares": 3307923,
            "book_valuer_per_share": 11.45,
            "book_valuer_per_share_4q_avg": 11.88,
            "equity": 3789206,
            "current_ratio": 268.11,
            "debt_ratio": 35.25,
            "inventory_turnover_ratio": 1.92,
            "account_receivable_turnover_ratio": null,
            "reinvestment_rate": 24.79,
            "research_to_sale_ratio": null,
            "price_fair": 87.5,
            "eps_avg_yearly": 2.5,
            "eps_latest_yearly": 3,
            "eps_growth_yearly": 345.62
        },
        "20033": {
            "year_quarter": 20033,
            "year": 2003,
            "quarter": 3,
            "eps": 0.78,
            "eps_growth_year": 36.84,
            "eps_4q": 1.86,
            "eps_4q_growth_year": 5.77,
            "roe": 6.43,
            "roe_4q": 15.24,
            "gross_profit": 524989,
            "gross_margin": 41.11,
            "gross_margin_4q_avg": 38.47,
            "net_income": 249489,
            "revenue": 1277140,
            "common_shares": 3353071,
            "book_valuer_per_share": 11.86,
            "book_valuer_per_share_4q_avg": 11.85,
            "equity": 3975944,
            "current_ratio": 431.57,
            "debt_ratio": 27.39,
            "inventory_turnover_ratio": 1.96,
            "account_receivable_turnover_ratio": null,
            "reinvestment_rate": 20.8,
            "research_to_sale_ratio": null,
            "price_fair": 91.84,
            "eps_avg_yearly": 2.62,
            "eps_latest_yearly": 3.12,
            "eps_growth_yearly": 279.7
        },
        "20034": {
            "year_quarter": 20034,
            "year": 2003,
            "quarter": 4,
            "eps": 0.48,
            "eps_growth_year": null,
            "eps_4q": 2.39,
            "eps_4q_growth_year": 49.39,
            "roe": 3.88,
            "roe_4q": 19.39,
            "gross_profit": 473130,
            "gross_margin": 39.29,
            "gross_margin_4q_avg": 39.39,
            "net_income": 152030,
            "revenue": 1204179,
            "common_shares": 3383114,
            "book_valuer_per_share": 11.42,
            "book_valuer_per_share_4q_avg": 11.72,
            "equity": 3863427,
            "current_ratio": 382.34,
            "debt_ratio": 28.48,
            "inventory_turnover_ratio": 1.75,
            "account_receivable_turnover_ratio": null,
            "reinvestment_rate": 18.67,
            "research_to_sale_ratio": null,
            "price_fair": 87.73,
            "eps_avg_yearly": 2.51,
            "eps_latest_yearly": 1.92,
            "eps_growth_yearly": 207.44
        },
        "20041": {
            "year_quarter": 20041,
            "year": 2004,
            "quarter": 1,
            "eps": 0.38,
            "eps_growth_year": 5.56,
            "eps_4q": 2.46,
            "eps_4q_growth_year": 51.01,
            "roe": 2.97,
            "roe_4q": 19.419999999999998,
            "gross_profit": 404008,
            "gross_margin": 35.96,
            "gross_margin_4q_avg": 39.05,
            "net_income": 116762,
            "revenue": 1123389,
            "common_shares": 3389028,
            "book_valuer_per_share": 11.83,
            "book_valuer_per_share_4q_avg": 11.64,
            "equity": 4007660,
            "current_ratio": 384.91,
            "debt_ratio": 27.33,
            "inventory_turnover_ratio": 1.39,
            "account_receivable_turnover_ratio": null,
            "reinvestment_rate": 16.16,
            "research_to_sale_ratio": null,
            "price_fair": 82.8,
            "eps_avg_yearly": 2.37,
            "eps_latest_yearly": 1.52,
            "eps_growth_yearly": 165.9
        },
        "20042": {
            "year_quarter": 20042,
            "year": 2004,
            "quarter": 2,
            "eps": 0.89,
            "eps_growth_year": 18.67,
            "eps_4q": 2.55,
            "eps_4q_growth_year": 53.47,
            "roe": 7.01,
            "roe_4q": 20.29,
            "gross_profit": 592507,
            "gross_margin": 37.69,
            "gross_margin_4q_avg": 38.51,
            "net_income": 277101,
            "revenue": 1572040,
            "common_shares": 3432348,
            "book_valuer_per_share": 11.37,
            "book_valuer_per_share_4q_avg": 11.62,
            "equity": 3902618,
            "current_ratio": 144.47,
            "debt_ratio": 35.49,
            "inventory_turnover_ratio": 1.63,
            "account_receivable_turnover_ratio": null,
            "reinvestment_rate": 11.11,
            "research_to_sale_ratio": null,
            "price_fair": 88.03,
            "eps_avg_yearly": 2.52,
            "eps_latest_yearly": 3.56,
            "eps_growth_yearly": 212.27
        },
        "20043": {
            "year_quarter": 20043,
            "year": 2004,
            "quarter": 3,
            "eps": 0.79,
            "eps_growth_year": 1.28,
            "eps_4q": 2.45,
            "eps_4q_growth_year": 32.04,
            "roe": 6.43,
            "roe_4q": 20.29,
            "gross_profit": 604733,
            "gross_margin": 35.97,
            "gross_margin_4q_avg": 37.23,
            "net_income": 259229,
            "revenue": 1681039,
            "common_shares": 3556841,
            "book_valuer_per_share": 11.68,
            "book_valuer_per_share_4q_avg": 11.58,
            "equity": 4156168,
            "current_ratio": 163.03,
            "debt_ratio": 33.84,
            "inventory_turnover_ratio": 1.75,
            "account_receivable_turnover_ratio": null,
            "reinvestment_rate": 7.7,
            "research_to_sale_ratio": null,
            "price_fair": 90.53,
            "eps_avg_yearly": 2.59,
            "eps_latest_yearly": 3.16,
            "eps_growth_yearly": 183.69
        },
        "20044": {
            "year_quarter": 20044,
            "year": 2004,
            "quarter": 4,
            "eps": -0.09,
            "eps_growth_year": -118.75,
            "eps_4q": 1.91,
            "eps_4q_growth_year": -20.09,
            "roe": -0.68,
            "roe_4q": 15.73,
            "gross_profit": 314794,
            "gross_margin": 32.83,
            "gross_margin_4q_avg": 35.61,
            "net_income": -28711,
            "revenue": 958743,
            "common_shares": 3646253,
            "book_valuer_per_share": 11.78,
            "book_valuer_per_share_4q_avg": 11.67,
            "equity": 4294558,
            "current_ratio": 254.62,
            "debt_ratio": 21.6,
            "inventory_turnover_ratio": 1.01,
            "account_receivable_turnover_ratio": null,
            "reinvestment_rate": 1.61,
            "research_to_sale_ratio": null,
            "price_fair": 90.53,
            "eps_avg_yearly": 2.59,
            "eps_latest_yearly": 3.16,
            "eps_growth_yearly": 183.69
        },
        "20051": {
            "year_quarter": 20051,
            "year": 2005,
            "quarter": 1,
            "eps": -0.26,
            "eps_growth_year": -168.42,
            "eps_4q": 1.24,
            "eps_4q_growth_year": -49.83,
            "roe": -2.08,
            "roe_4q": 10.68,
            "gross_profit": 241218,
            "gross_margin": 31.23,
            "gross_margin_4q_avg": 34.43,
            "net_income": -88193,
            "revenue": 772323,
            "common_shares": 3646253,
            "book_valuer_per_share": 11.5,
            "book_valuer_per_share_4q_avg": 11.58,
            "equity": 4193505,
            "current_ratio": 289.14,
            "debt_ratio": 19.77,
            "inventory_turnover_ratio": 0.84,
            "account_receivable_turnover_ratio": null,
            "reinvestment_rate": -2.03,
            "research_to_sale_ratio": null,
            "price_fair": 90.53,
            "eps_avg_yearly": 2.59,
            "eps_latest_yearly": 3.16,
            "eps_growth_yearly": 183.69
        },
        "20052": {
            "year_quarter": 20052,
            "year": 2005,
            "quarter": 2,
            "eps": 0.37,
            "eps_growth_year": -58.43,
            "eps_4q": 0.79,
            "eps_4q_growth_year": -69.25,
            "roe": 3.16,
            "roe_4q": 6.83,
            "gross_profit": 458381,
            "gross_margin": 35.87,
            "gross_margin_4q_avg": 33.98,
            "net_income": 126693,
            "revenue": 1277928,
            "common_shares": 3596253,
            "book_valuer_per_share": 10.62,
            "book_valuer_per_share_4q_avg": 11.4,
            "equity": 3819595,
            "current_ratio": 179.57,
            "debt_ratio": 31.2,
            "inventory_turnover_ratio": 1.32,
            "account_receivable_turnover_ratio": null,
            "reinvestment_rate": -4.52,
            "research_to_sale_ratio": null,
            "price_fair": 90.53,
            "eps_avg_yearly": 2.59,
            "eps_latest_yearly": 3.16,
            "eps_growth_yearly": 183.69
        },
        "20053": {
            "year_quarter": 20053,
            "year": 2005,
            "quarter": 3,
            "eps": 0.81,
            "eps_growth_year": 2.53,
            "eps_4q": 0.84,
            "eps_4q_growth_year": -65.8,
            "roe": 6.9,
            "roe_4q": 7.300000000000001,
            "gross_profit": 484751,
            "gross_margin": 37.96,
            "gross_margin_4q_avg": 34.47,
            "net_income": 271650,
            "revenue": 1276980,
            "common_shares": 3678760,
            "book_valuer_per_share": 11.02,
            "book_valuer_per_share_4q_avg": 11.23,
            "equity": 4055562,
            "current_ratio": 200.74,
            "debt_ratio": 29.46,
            "inventory_turnover_ratio": 1.19,
            "account_receivable_turnover_ratio": null,
            "reinvestment_rate": -8.14,
            "research_to_sale_ratio": null,
            "price_fair": 92.82,
            "eps_avg_yearly": 2.65,
            "eps_latest_yearly": 3.24,
            "eps_growth_yearly": 212.89
        },
        "20054": {
            "year_quarter": 20054,
            "year": 2005,
            "quarter": 4,
            "eps": 0.27,
            "eps_growth_year": null,
            "eps_4q": 1.18,
            "eps_4q_growth_year": -37.97,
            "roe": 2.21,
            "roe_4q": 10.19,
            "gross_profit": 425971,
            "gross_margin": 38.32,
            "gross_margin_4q_avg": 35.85,
            "net_income": 91535,
            "revenue": 1111624,
            "common_shares": 3678760,
            "book_valuer_per_share": 11.11,
            "book_valuer_per_share_4q_avg": 11.06,
            "equity": 4224272,
            "current_ratio": 345.7,
            "debt_ratio": 20.73,
            "inventory_turnover_ratio": 0.96,
            "account_receivable_turnover_ratio": null,
            "reinvestment_rate": -7.89,
            "research_to_sale_ratio": null,
            "price_fair": 87.82,
            "eps_avg_yearly": 2.51,
            "eps_latest_yearly": 1.08,
            "eps_growth_yearly": 169.29
        },
        "20061": {
            "year_quarter": 20061,
            "year": 2006,
            "quarter": 1,
            "eps": 0.07,
            "eps_growth_year": null,
            "eps_4q": 1.61,
            "eps_4q_growth_year": 29.87,
            "roe": 0.54,
            "roe_4q": 12.81,
            "gross_profit": 336589,
            "gross_margin": 35.19,
            "gross_margin_4q_avg": 36.84,
            "net_income": 22328,
            "revenue": 956456,
            "common_shares": 3678760,
            "book_valuer_per_share": 11.04,
            "book_valuer_per_share_4q_avg": 10.95,
            "equity": 4061850,
            "current_ratio": 347.64,
            "debt_ratio": 17.87,
            "inventory_turnover_ratio": 0.9,
            "account_receivable_turnover_ratio": null,
            "reinvestment_rate": -11.27,
            "research_to_sale_ratio": null,
            "price_fair": 84.13,
            "eps_avg_yearly": 2.4,
            "eps_latest_yearly": 0.28,
            "eps_growth_yearly": 91.45
        },
        "20062": {
            "year_quarter": 20062,
            "year": 2006,
            "quarter": 2,
            "eps": 0.46,
            "eps_growth_year": 24.32,
            "eps_4q": 1.6,
            "eps_4q_growth_year": 103.94,
            "roe": 3.83,
            "roe_4q": 13.48,
            "gross_profit": 463964,
            "gross_margin": 34.95,
            "gross_margin_4q_avg": 36.61,
            "net_income": 155249,
            "revenue": 1327418,
            "common_shares": 3678760,
            "book_valuer_per_share": 11.01,
            "book_valuer_per_share_4q_avg": 11.05,
            "equity": 4052101,
            "current_ratio": 275.63,
            "debt_ratio": 22.55,
            "inventory_turnover_ratio": 1.34,
            "account_receivable_turnover_ratio": null,
            "reinvestment_rate": -13.07,
            "research_to_sale_ratio": null,
            "price_fair": 79.55,
            "eps_avg_yearly": 2.27,
            "eps_latest_yearly": 1.84,
            "eps_growth_yearly": 247.58
        },
        "20063": {
            "year_quarter": 20063,
            "year": 2006,
            "quarter": 3,
            "eps": 0.35,
            "eps_growth_year": -56.79,
            "eps_4q": 1.15,
            "eps_4q_growth_year": 36.99,
            "roe": 2.87,
            "roe_4q": 9.45,
            "gross_profit": 409380,
            "gross_margin": 34.71,
            "gross_margin_4q_avg": 35.79,
            "net_income": 117798,
            "revenue": 1179262,
            "common_shares": 3717548,
            "book_valuer_per_share": 11.22,
            "book_valuer_per_share_4q_avg": 11.1,
            "equity": 4169881,
            "current_ratio": 318.6,
            "debt_ratio": 20.37,
            "inventory_turnover_ratio": 1.15,
            "account_receivable_turnover_ratio": null,
            "reinvestment_rate": -14.26,
            "research_to_sale_ratio": null,
            "price_fair": 76.75,
            "eps_avg_yearly": 2.19,
            "eps_latest_yearly": 1.4,
            "eps_growth_yearly": 249.97
        },
        "20064": {
            "year_quarter": 20064,
            "year": 2006,
            "quarter": 4,
            "eps": -0.04,
            "eps_growth_year": -114.81,
            "eps_4q": 1.07,
            "eps_4q_growth_year": -9.43,
            "roe": -0.28,
            "roe_4q": 6.96,
            "gross_profit": 341584,
            "gross_margin": 34.28,
            "gross_margin_4q_avg": 34.78,
            "net_income": -11952,
            "revenue": 996526,
            "common_shares": 3617848,
            "book_valuer_per_share": 11.53,
            "book_valuer_per_share_4q_avg": 11.2,
            "equity": 4243500,
            "current_ratio": 373.85,
            "debt_ratio": 18.58,
            "inventory_turnover_ratio": 0.97,
            "account_receivable_turnover_ratio": null,
            "reinvestment_rate": -8.26,
            "research_to_sale_ratio": null,
            "price_fair": 76.75,
            "eps_avg_yearly": 2.19,
            "eps_latest_yearly": 1.4,
            "eps_growth_yearly": 249.97
        },
        "20071": {
            "year_quarter": 20071,
            "year": 2007,
            "quarter": 1,
            "eps": 0.08,
            "eps_growth_year": 14.29,
            "eps_4q": 0.76,
            "eps_4q_growth_year": -52.4,
            "roe": 0.72,
            "roe_4q": 7.140000000000001,
            "gross_profit": 300874,
            "gross_margin": 32.12,
            "gross_margin_4q_avg": 34.02,
            "net_income": 30521,
            "revenue": 936860,
            "common_shares": 3617848,
            "book_valuer_per_share": 11.62,
            "book_valuer_per_share_4q_avg": 11.35,
            "equity": 4205158,
            "current_ratio": 442.75,
            "debt_ratio": 15.63,
            "inventory_turnover_ratio": 1.02,
            "account_receivable_turnover_ratio": null,
            "reinvestment_rate": -12.53,
            "research_to_sale_ratio": null,
            "price_fair": 76.75,
            "eps_avg_yearly": 2.19,
            "eps_latest_yearly": 1.4,
            "eps_growth_yearly": 249.97
        },
        "20072": {
            "year_quarter": 20072,
            "year": 2007,
            "quarter": 2,
            "eps": 0.64,
            "eps_growth_year": 39.13,
            "eps_4q": 1.05,
            "eps_4q_growth_year": -34.72,
            "roe": 5.08,
            "roe_4q": 8.39,
            "gross_profit": 467159,
            "gross_margin": 34.02,
            "gross_margin_4q_avg": 33.78,
            "net_income": 215005,
            "revenue": 1373009,
            "common_shares": 3617848,
            "book_valuer_per_share": 11.76,
            "book_valuer_per_share_4q_avg": 11.53,
            "equity": 4253883,
            "current_ratio": 326.91,
            "debt_ratio": 19.34,
            "inventory_turnover_ratio": 1.79,
            "account_receivable_turnover_ratio": null,
            "reinvestment_rate": -12.67,
            "research_to_sale_ratio": null,
            "price_fair": 75.35,
            "eps_avg_yearly": 2.15,
            "eps_latest_yearly": 2.56,
            "eps_growth_yearly": 465.12
        },
        "20073": {
            "year_quarter": 20073,
            "year": 2007,
            "quarter": 3,
            "eps": 0.61,
            "eps_growth_year": 74.29,
            "eps_4q": 1.3,
            "eps_4q_growth_year": 13.28,
            "roe": 4.67,
            "roe_4q": 10.190000000000001,
            "gross_profit": 479416,
            "gross_margin": 34.42,
            "gross_margin_4q_avg": 33.71,
            "net_income": 205825,
            "revenue": 1393014,
            "common_shares": 3617848,
            "book_valuer_per_share": 12.58,
            "book_valuer_per_share_4q_avg": 11.87,
            "equity": 4551665,
            "current_ratio": 367.67,
            "debt_ratio": 17.15,
            "inventory_turnover_ratio": 2,
            "account_receivable_turnover_ratio": null,
            "reinvestment_rate": -12.42,
            "research_to_sale_ratio": null,
            "price_fair": 73.18,
            "eps_avg_yearly": 2.09,
            "eps_latest_yearly": 2.44,
            "eps_growth_yearly": 461.96
        },
        "20074": {
            "year_quarter": 20074,
            "year": 2007,
            "quarter": 4,
            "eps": 0.42,
            "eps_growth_year": null,
            "eps_4q": 1.75,
            "eps_4q_growth_year": 63.19,
            "roe": 2.94,
            "roe_4q": 13.41,
            "gross_profit": 386365,
            "gross_margin": 34.98,
            "gross_margin_4q_avg": 33.89,
            "net_income": 142406,
            "revenue": 1104591,
            "common_shares": 3617848,
            "book_valuer_per_share": 13.96,
            "book_valuer_per_share_4q_avg": 12.48,
            "equity": 5128227,
            "current_ratio": 452.39,
            "debt_ratio": 16.78,
            "inventory_turnover_ratio": 1.25,
            "account_receivable_turnover_ratio": null,
            "reinvestment_rate": -11.05,
            "research_to_sale_ratio": null,
            "price_fair": 72.42,
            "eps_avg_yearly": 2.07,
            "eps_latest_yearly": 1.68,
            "eps_growth_yearly": 464.62
        },
        "20081": {
            "year_quarter": 20081,
            "year": 2008,
            "quarter": 1,
            "eps": 0.1,
            "eps_growth_year": 25,
            "eps_4q": 5.33,
            "eps_4q_growth_year": 597.4,
            "roe": 0.22,
            "roe_4q": 12.91,
            "gross_profit": 293949,
            "gross_margin": 31.36,
            "gross_margin_4q_avg": 33.7,
            "net_income": 11228,
            "revenue": 937379,
            "common_shares": 3617848,
            "book_valuer_per_share": 14.03,
            "book_valuer_per_share_4q_avg": 13.08,
            "equity": 5150742,
            "current_ratio": 461.31,
            "debt_ratio": 15.7,
            "inventory_turnover_ratio": 0.91,
            "account_receivable_turnover_ratio": null,
            "reinvestment_rate": -12.64,
            "research_to_sale_ratio": null,
            "price_fair": 68.85,
            "eps_avg_yearly": 1.97,
            "eps_latest_yearly": 0.4,
            "eps_growth_yearly": 444.49
        },
        "20082": {
            "year_quarter": 20082,
            "year": 2008,
            "quarter": 2,
            "eps": 0.34,
            "eps_growth_year": -46.88,
            "eps_4q": 1.57,
            "eps_4q_growth_year": 50.24,
            "roe": 2.2,
            "roe_4q": 10.030000000000001,
            "gross_profit": 390298,
            "gross_margin": 29.85,
            "gross_margin_4q_avg": 32.65,
            "net_income": 109574,
            "revenue": 1307382,
            "common_shares": 3617848,
            "book_valuer_per_share": 13.19,
            "book_valuer_per_share_4q_avg": 13.44,
            "equity": 4833290,
            "current_ratio": 294.66,
            "debt_ratio": 23,
            "inventory_turnover_ratio": 1.26,
            "account_receivable_turnover_ratio": null,
            "reinvestment_rate": -14.15,
            "research_to_sale_ratio": null,
            "price_fair": 61.85,
            "eps_avg_yearly": 1.77,
            "eps_latest_yearly": 1.36,
            "eps_growth_yearly": 482.96
        },
        "20083": {
            "year_quarter": 20083,
            "year": 2008,
            "quarter": 3,
            "eps": 0.09,
            "eps_growth_year": -85.25,
            "eps_4q": 9.65,
            "eps_4q_growth_year": 641.15,
            "roe": 0.06,
            "roe_4q": 5.42,
            "gross_profit": 336077,
            "gross_margin": 31.06,
            "gross_margin_4q_avg": 31.81,
            "net_income": 3100,
            "revenue": 1082091,
            "common_shares": 3617848,
            "book_valuer_per_share": 13.32,
            "book_valuer_per_share_4q_avg": 13.63,
            "equity": 4875288,
            "current_ratio": 426.53,
            "debt_ratio": 15.91,
            "inventory_turnover_ratio": 1.14,
            "account_receivable_turnover_ratio": null,
            "reinvestment_rate": -17,
            "research_to_sale_ratio": null,
            "price_fair": 52.95,
            "eps_avg_yearly": 1.51,
            "eps_latest_yearly": 0.36,
            "eps_growth_yearly": 460.31
        },
        "20084": {
            "year_quarter": 20084,
            "year": 2008,
            "quarter": 4,
            "eps": 0.07,
            "eps_growth_year": -83.33,
            "eps_4q": 0.82,
            "eps_4q_growth_year": -53.29,
            "roe": 0.36,
            "roe_4q": 2.8400000000000003,
            "gross_profit": 337231,
            "gross_margin": 33.26,
            "gross_margin_4q_avg": 31.38,
            "net_income": 18577,
            "revenue": 1013959,
            "common_shares": 4106698,
            "book_valuer_per_share": 13.43,
            "book_valuer_per_share_4q_avg": 13.49,
            "equity": 5563538,
            "current_ratio": 380.82,
            "debt_ratio": 19.36,
            "inventory_turnover_ratio": 1.13,
            "account_receivable_turnover_ratio": null,
            "reinvestment_rate": -1.82,
            "research_to_sale_ratio": null,
            "price_fair": 49.35,
            "eps_avg_yearly": 1.41,
            "eps_latest_yearly": 0.28,
            "eps_growth_yearly": 414.54
        },
        "20091": {
            "year_quarter": 20091,
            "year": 2009,
            "quarter": 1,
            "eps": -0.08,
            "eps_growth_year": -180,
            "eps_4q": 0.36,
            "eps_4q_growth_year": -93.17,
            "roe": -0.91,
            "roe_4q": 1.7100000000000002,
            "gross_profit": 276785,
            "gross_margin": 37.37,
            "gross_margin_4q_avg": 32.89,
            "net_income": -50252,
            "revenue": 740745,
            "common_shares": 4106698,
            "book_valuer_per_share": 13.37,
            "book_valuer_per_share_4q_avg": 13.33,
            "equity": 5519735,
            "current_ratio": 374.59,
            "debt_ratio": 19.03,
            "inventory_turnover_ratio": 0.82,
            "account_receivable_turnover_ratio": 2.32,
            "reinvestment_rate": 2.2,
            "research_to_sale_ratio": null,
            "price_fair": 49.35,
            "eps_avg_yearly": 1.41,
            "eps_latest_yearly": 0.28,
            "eps_growth_yearly": 414.54
        },
        "20092": {
            "year_quarter": 20092,
            "year": 2009,
            "quarter": 2,
            "eps": 0.25,
            "eps_growth_year": -26.47,
            "eps_4q": 0.45,
            "eps_4q_growth_year": -71.53,
            "roe": 1.27,
            "roe_4q": 0.78,
            "gross_profit": 458285,
            "gross_margin": 35.61,
            "gross_margin_4q_avg": 34.33,
            "net_income": 70105,
            "revenue": 1287076,
            "common_shares": 4106698,
            "book_valuer_per_share": 13.33,
            "book_valuer_per_share_4q_avg": 13.36,
            "equity": 5530727,
            "current_ratio": 334.6,
            "debt_ratio": 21.01,
            "inventory_turnover_ratio": 1.54,
            "account_receivable_turnover_ratio": 1.72,
            "reinvestment_rate": 3.06,
            "research_to_sale_ratio": null,
            "price_fair": 49.35,
            "eps_avg_yearly": 1.41,
            "eps_latest_yearly": 0.28,
            "eps_growth_yearly": 414.54
        },
        "20093": {
            "year_quarter": 20093,
            "year": 2009,
            "quarter": 3,
            "eps": 0.54,
            "eps_growth_year": 500,
            "eps_4q": 0.85,
            "eps_4q_growth_year": -91.19,
            "roe": 3.48,
            "roe_4q": 4.2,
            "gross_profit": 527723,
            "gross_margin": 37.07,
            "gross_margin_4q_avg": 35.83,
            "net_income": 196102,
            "revenue": 1423535,
            "common_shares": 4159360,
            "book_valuer_per_share": 13.7,
            "book_valuer_per_share_4q_avg": 13.46,
            "equity": 5738305,
            "current_ratio": 388.77,
            "debt_ratio": 18.06,
            "inventory_turnover_ratio": 1.73,
            "account_receivable_turnover_ratio": 1.6,
            "reinvestment_rate": 3.61,
            "research_to_sale_ratio": null,
            "price_fair": 46.2,
            "eps_avg_yearly": 1.32,
            "eps_latest_yearly": 2.16,
            "eps_growth_yearly": 413.57
        },
        "20094": {
            "year_quarter": 20094,
            "year": 2009,
            "quarter": 4,
            "eps": 0.33,
            "eps_growth_year": 371.43,
            "eps_4q": 1.18,
            "eps_4q_growth_year": 44.46,
            "roe": 1.98,
            "roe_4q": 5.82,
            "gross_profit": 476222,
            "gross_margin": 36.2,
            "gross_margin_4q_avg": 36.56,
            "net_income": 115577,
            "revenue": 1315443,
            "common_shares": 4159360,
            "book_valuer_per_share": 13.93,
            "book_valuer_per_share_4q_avg": 13.58,
            "equity": 5918706,
            "current_ratio": 435.39,
            "debt_ratio": 16.57,
            "inventory_turnover_ratio": 1.72,
            "account_receivable_turnover_ratio": 1.6,
            "reinvestment_rate": 0.26,
            "research_to_sale_ratio": null,
            "price_fair": 46.9,
            "eps_avg_yearly": 1.34,
            "eps_latest_yearly": 1.32,
            "eps_growth_yearly": 422.83
        },
        "20101": {
            "year_quarter": 20101,
            "year": 2010,
            "quarter": 1,
            "eps": 0.35,
            "eps_growth_year": null,
            "eps_4q": 1.47,
            "eps_4q_growth_year": 303.32,
            "roe": 2.09,
            "roe_4q": 8.82,
            "gross_profit": 480364,
            "gross_margin": 37.1,
            "gross_margin_4q_avg": 36.5,
            "net_income": 124975,
            "revenue": 1294830,
            "common_shares": 4159360,
            "book_valuer_per_share": 14.9,
            "book_valuer_per_share_4q_avg": 13.97,
            "equity": 6044943,
            "current_ratio": 463.74,
            "debt_ratio": 16.02,
            "inventory_turnover_ratio": 1.53,
            "account_receivable_turnover_ratio": 3.25,
            "reinvestment_rate": 80.69,
            "research_to_sale_ratio": 16.9,
            "price_fair": 50.17,
            "eps_avg_yearly": 1.43,
            "eps_latest_yearly": 1.4,
            "eps_growth_yearly": 449.54
        },
        "20102": {
            "year_quarter": 20102,
            "year": 2010,
            "quarter": 2,
            "eps": 0.74,
            "eps_growth_year": 196.1,
            "eps_4q": 1.96,
            "eps_4q_growth_year": 338.34,
            "roe": 4.66,
            "roe_4q": 12.21,
            "gross_profit": 697188,
            "gross_margin": 38.64,
            "gross_margin_4q_avg": 37.25,
            "net_income": 279834,
            "revenue": 1804461,
            "common_shares": 4159360,
            "book_valuer_per_share": 14.7,
            "book_valuer_per_share_4q_avg": 14.31,
            "equity": 5962369,
            "current_ratio": 333.38,
            "debt_ratio": 22.41,
            "inventory_turnover_ratio": 1.86,
            "account_receivable_turnover_ratio": 1.97,
            "reinvestment_rate": 74.85,
            "research_to_sale_ratio": 13.27,
            "price_fair": 53.43,
            "eps_avg_yearly": 1.53,
            "eps_latest_yearly": 2.96,
            "eps_growth_yearly": 300.97
        },
        "20103": {
            "year_quarter": 20103,
            "year": 2010,
            "quarter": 3,
            "eps": 0.69,
            "eps_growth_year": 27.36,
            "eps_4q": 2.11,
            "eps_4q_growth_year": 148.06,
            "roe": 4.27,
            "roe_4q": 13,
            "gross_profit": 688270,
            "gross_margin": 37.41,
            "gross_margin_4q_avg": 37.34,
            "net_income": 260980,
            "revenue": 1839581,
            "common_shares": 4160936,
            "book_valuer_per_share": 15.42,
            "book_valuer_per_share_4q_avg": 14.74,
            "equity": 6271696,
            "current_ratio": 426.17,
            "debt_ratio": 17.95,
            "inventory_turnover_ratio": 1.76,
            "account_receivable_turnover_ratio": 1.73,
            "reinvestment_rate": 70.51,
            "research_to_sale_ratio": 13.23,
            "price_fair": 57.4,
            "eps_avg_yearly": 1.64,
            "eps_latest_yearly": 2.76,
            "eps_growth_yearly": 306.69
        },
        "20104": {
            "year_quarter": 20104,
            "year": 2010,
            "quarter": 4,
            "eps": -0.01,
            "eps_growth_year": -104.38,
            "eps_4q": 1.76,
            "eps_4q_growth_year": 49.14,
            "roe": -0.35,
            "roe_4q": 10.67,
            "gross_profit": 381990,
            "gross_margin": 28.27,
            "gross_margin_4q_avg": 35.36,
            "net_income": -22153,
            "revenue": 1351132,
            "common_shares": 4160936,
            "book_valuer_per_share": 15.4,
            "book_valuer_per_share_4q_avg": 15.11,
            "equity": 6266661,
            "current_ratio": 479.19,
            "debt_ratio": 16.07,
            "inventory_turnover_ratio": 1.31,
            "account_receivable_turnover_ratio": 1.61,
            "reinvestment_rate": 65.31,
            "research_to_sale_ratio": 17.84,
            "price_fair": 57.4,
            "eps_avg_yearly": 1.64,
            "eps_latest_yearly": 2.76,
            "eps_growth_yearly": 306.69
        },
        "20111": {
            "year_quarter": 20111,
            "year": 2011,
            "quarter": 1,
            "eps": 0.09,
            "eps_growth_year": -74.29,
            "eps_4q": 1.51,
            "eps_4q_growth_year": 2.68,
            "roe": 0.32,
            "roe_4q": 8.899999999999999,
            "gross_profit": 382048,
            "gross_margin": 31.54,
            "gross_margin_4q_avg": 33.97,
            "net_income": 19749,
            "revenue": 1211447,
            "common_shares": 4160936,
            "book_valuer_per_share": 15.47,
            "book_valuer_per_share_4q_avg": 15.25,
            "equity": 6237063,
            "current_ratio": 444.09,
            "debt_ratio": 17.12,
            "inventory_turnover_ratio": 1.01,
            "account_receivable_turnover_ratio": 1.84,
            "reinvestment_rate": 72.82,
            "research_to_sale_ratio": 17,
            "price_fair": 57.4,
            "eps_avg_yearly": 1.64,
            "eps_latest_yearly": 2.76,
            "eps_growth_yearly": 306.69
        },
        "20112": {
            "year_quarter": 20112,
            "year": 2011,
            "quarter": 2,
            "eps": 0.62,
            "eps_growth_year": -15.58,
            "eps_4q": 1.41,
            "eps_4q_growth_year": -28.3,
            "roe": 3.84,
            "roe_4q": 8.08,
            "gross_profit": 451036,
            "gross_margin": 30.39,
            "gross_margin_4q_avg": 31.9,
            "net_income": 227627,
            "revenue": 1484103,
            "common_shares": 4160936,
            "book_valuer_per_share": 14.04,
            "book_valuer_per_share_4q_avg": 15.08,
            "equity": 5623111,
            "current_ratio": 294.58,
            "debt_ratio": 25.82,
            "inventory_turnover_ratio": 1.25,
            "account_receivable_turnover_ratio": 1.81,
            "reinvestment_rate": 62.73,
            "research_to_sale_ratio": 15.49,
            "price_fair": 57.17,
            "eps_avg_yearly": 1.63,
            "eps_latest_yearly": 2.48,
            "eps_growth_yearly": 269.65
        },
        "20113": {
            "year_quarter": 20113,
            "year": 2011,
            "quarter": 3,
            "eps": 0.26,
            "eps_growth_year": -62.92,
            "eps_4q": 0.97,
            "eps_4q_growth_year": -54.1,
            "roe": 1.52,
            "roe_4q": 5.33,
            "gross_profit": 451981,
            "gross_margin": 31.99,
            "gross_margin_4q_avg": 30.55,
            "net_income": 85522,
            "revenue": 1413063,
            "common_shares": 4163428,
            "book_valuer_per_share": 14.03,
            "book_valuer_per_share_4q_avg": 14.74,
            "equity": 5625242,
            "current_ratio": 411.67,
            "debt_ratio": 18.64,
            "inventory_turnover_ratio": 1.21,
            "account_receivable_turnover_ratio": 1.58,
            "reinvestment_rate": 66.53,
            "research_to_sale_ratio": 15.37,
            "price_fair": 53.08,
            "eps_avg_yearly": 1.52,
            "eps_latest_yearly": 1.04,
            "eps_growth_yearly": 251.86
        },
        "20114": {
            "year_quarter": 20114,
            "year": 2011,
            "quarter": 4,
            "eps": 0.24,
            "eps_growth_year": null,
            "eps_4q": 1.22,
            "eps_4q_growth_year": -30.85,
            "roe": 1.41,
            "roe_4q": 7.09,
            "gross_profit": 413877,
            "gross_margin": 30.97,
            "gross_margin_4q_avg": 31.22,
            "net_income": 79589,
            "revenue": 1336260,
            "common_shares": 4163428,
            "book_valuer_per_share": 14.27,
            "book_valuer_per_share_4q_avg": 14.45,
            "equity": 5697423,
            "current_ratio": 421.38,
            "debt_ratio": 18.6,
            "inventory_turnover_ratio": 1.28,
            "account_receivable_turnover_ratio": 1.68,
            "reinvestment_rate": 63.63,
            "research_to_sale_ratio": 12.29,
            "price_fair": 50.98,
            "eps_avg_yearly": 1.46,
            "eps_latest_yearly": 0.96,
            "eps_growth_yearly": 259.68
        },
        "20121": {
            "year_quarter": 20121,
            "year": 2012,
            "quarter": 1,
            "eps": 0.52,
            "eps_growth_year": 477.78,
            "eps_4q": 1.64,
            "eps_4q_growth_year": 8.86,
            "roe": 3.19,
            "roe_4q": 9.959999999999999,
            "gross_profit": 608173,
            "gross_margin": 39.57,
            "gross_margin_4q_avg": 33.23,
            "net_income": 184666,
            "revenue": 1536860,
            "common_shares": 4163428,
            "book_valuer_per_share": 14.79,
            "book_valuer_per_share_4q_avg": 14.28,
            "equity": 5880511,
            "current_ratio": 439.43,
            "debt_ratio": 18.05,
            "inventory_turnover_ratio": 1.37,
            "account_receivable_turnover_ratio": 1.88,
            "reinvestment_rate": 59.55,
            "research_to_sale_ratio": 15.18,
            "price_fair": 55.88,
            "eps_avg_yearly": 1.6,
            "eps_latest_yearly": 2.08,
            "eps_growth_yearly": 323.96
        },
        "20122": {
            "year_quarter": 20122,
            "year": 2012,
            "quarter": 2,
            "eps": 0.74,
            "eps_growth_year": 18.11,
            "eps_4q": 1.75,
            "eps_4q_growth_year": 24.38,
            "roe": 4.66,
            "roe_4q": 10.78,
            "gross_profit": 702987,
            "gross_margin": 37.27,
            "gross_margin_4q_avg": 34.95,
            "net_income": 270610,
            "revenue": 1886423,
            "common_shares": 4163428,
            "book_valuer_per_share": 14.41,
            "book_valuer_per_share_4q_avg": 14.38,
            "equity": 5734547,
            "current_ratio": 285.53,
            "debt_ratio": 27.87,
            "inventory_turnover_ratio": 1.41,
            "account_receivable_turnover_ratio": 1.68,
            "reinvestment_rate": 50.87,
            "research_to_sale_ratio": 13.25,
            "price_fair": 60.55,
            "eps_avg_yearly": 1.73,
            "eps_latest_yearly": 2.96,
            "eps_growth_yearly": 258.07
        },
        "20123": {
            "year_quarter": 20123,
            "year": 2012,
            "quarter": 3,
            "eps": 0.91,
            "eps_growth_year": 257.26,
            "eps_4q": 2.38,
            "eps_4q_growth_year": 145.95,
            "roe": 5.66,
            "roe_4q": 14.92,
            "gross_profit": 858746,
            "gross_margin": 42.17,
            "gross_margin_4q_avg": 37.5,
            "net_income": 343214,
            "revenue": 2036258,
            "common_shares": 4182355,
            "book_valuer_per_share": 15.9,
            "book_valuer_per_share_4q_avg": 14.84,
            "equity": 6397194,
            "current_ratio": 397.84,
            "debt_ratio": 20.8,
            "inventory_turnover_ratio": 1.12,
            "account_receivable_turnover_ratio": 1.52,
            "reinvestment_rate": 43.88,
            "research_to_sale_ratio": 15.16,
            "price_fair": 70.12,
            "eps_avg_yearly": 2,
            "eps_latest_yearly": 3.64,
            "eps_growth_yearly": 290.23
        },
        "20124": {
            "year_quarter": 20124,
            "year": 2012,
            "quarter": 4,
            "eps": 0.83,
            "eps_growth_year": 252.03,
            "eps_4q": 2.97,
            "eps_4q_growth_year": 144.03,
            "roe": 4.63,
            "roe_4q": 18.14,
            "gross_profit": 825027,
            "gross_margin": 43.25,
            "gross_margin_4q_avg": 40.57,
            "net_income": 304920,
            "revenue": 1907531,
            "common_shares": 4189381,
            "book_valuer_per_share": 16.86,
            "book_valuer_per_share_4q_avg": 15.49,
            "equity": 6771562,
            "current_ratio": 413.81,
            "debt_ratio": 20.42,
            "inventory_turnover_ratio": 0.98,
            "account_receivable_turnover_ratio": 1.49,
            "reinvestment_rate": 30.85,
            "research_to_sale_ratio": 14.62,
            "price_fair": 78.98,
            "eps_avg_yearly": 2.26,
            "eps_latest_yearly": 3.32,
            "eps_growth_yearly": 294.71
        },
        "20131": {
            "year_quarter": 20131,
            "year": 2013,
            "quarter": 1,
            "eps": 0.99,
            "eps_growth_year": 90.38,
            "eps_4q": 3.34,
            "eps_4q_growth_year": 103.65,
            "roe": 5.2,
            "roe_4q": 20.15,
            "gross_profit": 890593,
            "gross_margin": 47.72,
            "gross_margin_4q_avg": 42.6,
            "net_income": 376127,
            "revenue": 1866397,
            "common_shares": 4282277,
            "book_valuer_per_share": 18.6,
            "book_valuer_per_share_4q_avg": 16.44,
            "equity": 7702008,
            "current_ratio": 460.06,
            "debt_ratio": 21.17,
            "inventory_turnover_ratio": 0.85,
            "account_receivable_turnover_ratio": 1.61,
            "reinvestment_rate": 32.23,
            "research_to_sale_ratio": 15.87,
            "price_fair": 83.57,
            "eps_avg_yearly": 2.39,
            "eps_latest_yearly": 3.96,
            "eps_growth_yearly": 277.97
        },
        "20132": {
            "year_quarter": 20132,
            "year": 2013,
            "quarter": 2,
            "eps": 1.18,
            "eps_growth_year": 59.87,
            "eps_4q": 3.8,
            "eps_4q_growth_year": 117.17,
            "roe": 6.35,
            "roe_4q": 21.84,
            "gross_profit": 1025838,
            "gross_margin": 47.48,
            "gross_margin_4q_avg": 45.16,
            "net_income": 468985,
            "revenue": 2160439,
            "common_shares": 4325985,
            "book_valuer_per_share": 16.92,
            "book_valuer_per_share_4q_avg": 17.07,
            "equity": 7073895,
            "current_ratio": 266.9,
            "debt_ratio": 33.81,
            "inventory_turnover_ratio": 0.93,
            "account_receivable_turnover_ratio": 1.71,
            "reinvestment_rate": 27.81,
            "research_to_sale_ratio": 12.89,
            "price_fair": 89.4,
            "eps_avg_yearly": 2.55,
            "eps_latest_yearly": 4.72,
            "eps_growth_yearly": 263.6
        },
        "20133": {
            "year_quarter": 20133,
            "year": 2013,
            "quarter": 3,
            "eps": 0.72,
            "eps_growth_year": -20.97,
            "eps_4q": 3.69,
            "eps_4q_growth_year": 55.14,
            "roe": 3.9,
            "roe_4q": 20.08,
            "gross_profit": 829951,
            "gross_margin": 43.79,
            "gross_margin_4q_avg": 45.56,
            "net_income": 275785,
            "revenue": 1895439,
            "common_shares": 4332125,
            "book_valuer_per_share": 17.16,
            "book_valuer_per_share_4q_avg": 17.39,
            "equity": 7056917,
            "current_ratio": 385.52,
            "debt_ratio": 24.74,
            "inventory_turnover_ratio": 0.86,
            "account_receivable_turnover_ratio": 1.37,
            "reinvestment_rate": 25.69,
            "research_to_sale_ratio": 15.24,
            "price_fair": 91.2,
            "eps_avg_yearly": 2.61,
            "eps_latest_yearly": 2.88,
            "eps_growth_yearly": 219.32
        },
        "20134": {
            "year_quarter": 20134,
            "year": 2013,
            "quarter": 4,
            "eps": 0.91,
            "eps_growth_year": 9.21,
            "eps_4q": 3.79,
            "eps_4q_growth_year": 27.49,
            "roe": 4.77,
            "roe_4q": 20.22,
            "gross_profit": 827875,
            "gross_margin": 44.22,
            "gross_margin_4q_avg": 45.8,
            "net_income": 346042,
            "revenue": 1872259,
            "common_shares": 4332125,
            "book_valuer_per_share": 18.09,
            "book_valuer_per_share_4q_avg": 17.69,
            "equity": 7439353,
            "current_ratio": 455.13,
            "debt_ratio": 21.87,
            "inventory_turnover_ratio": 0.87,
            "account_receivable_turnover_ratio": 1.47,
            "reinvestment_rate": 24.14,
            "research_to_sale_ratio": 16.52,
            "price_fair": 97,
            "eps_avg_yearly": 2.77,
            "eps_latest_yearly": 3.64,
            "eps_growth_yearly": 237.97
        },
        "20141": {
            "year_quarter": 20141,
            "year": 2014,
            "quarter": 1,
            "eps": 0.78,
            "eps_growth_year": -21.21,
            "eps_4q": 3.59,
            "eps_4q_growth_year": 7.45,
            "roe": 3.82,
            "roe_4q": 18.84,
            "gross_profit": 783582,
            "gross_margin": 45.94,
            "gross_margin_4q_avg": 45.36,
            "net_income": 294770,
            "revenue": 1705586,
            "common_shares": 4350234,
            "book_valuer_per_share": 19.34,
            "book_valuer_per_share_4q_avg": 17.88,
            "equity": 7975584,
            "current_ratio": 471.91,
            "debt_ratio": 20.99,
            "inventory_turnover_ratio": 0.78,
            "account_receivable_turnover_ratio": 1.45,
            "reinvestment_rate": -3.34,
            "research_to_sale_ratio": 17.36,
            "price_fair": 101.3,
            "eps_avg_yearly": 2.89,
            "eps_latest_yearly": 3.12,
            "eps_growth_yearly": 232.16
        },
        "20142": {
            "year_quarter": 20142,
            "year": 2014,
            "quarter": 2,
            "eps": 1.12,
            "eps_growth_year": -5.08,
            "eps_4q": 3.49,
            "eps_4q_growth_year": -8.02,
            "roe": 5.84,
            "roe_4q": 18.33,
            "gross_profit": 984869,
            "gross_margin": 46.6,
            "gross_margin_4q_avg": 45.14,
            "net_income": 439406,
            "revenue": 2113340,
            "common_shares": 4385978,
            "book_valuer_per_share": 16.99,
            "book_valuer_per_share_4q_avg": 17.9,
            "equity": 7065632,
            "current_ratio": 265.28,
            "debt_ratio": 34.46,
            "inventory_turnover_ratio": 0.95,
            "account_receivable_turnover_ratio": 1.77,
            "reinvestment_rate": -5.38,
            "research_to_sale_ratio": 14.63,
            "price_fair": 105.1,
            "eps_avg_yearly": 3,
            "eps_latest_yearly": 4.48,
            "eps_growth_yearly": 212.77
        },
        "20143": {
            "year_quarter": 20143,
            "year": 2014,
            "quarter": 3,
            "eps": 0.95,
            "eps_growth_year": 31.94,
            "eps_4q": 3.72,
            "eps_4q_growth_year": 0.76,
            "roe": 5.04,
            "roe_4q": 19.47,
            "gross_profit": 918325,
            "gross_margin": 45.88,
            "gross_margin_4q_avg": 45.66,
            "net_income": 366998,
            "revenue": 2001539,
            "common_shares": 4393348,
            "book_valuer_per_share": 17.94,
            "book_valuer_per_share_4q_avg": 18.09,
            "equity": 7502490,
            "current_ratio": 449.57,
            "debt_ratio": 21.98,
            "inventory_turnover_ratio": 0.93,
            "account_receivable_turnover_ratio": 1.62,
            "reinvestment_rate": -6.77,
            "research_to_sale_ratio": 16.53,
            "price_fair": 107.7,
            "eps_avg_yearly": 3.08,
            "eps_latest_yearly": 3.8,
            "eps_growth_yearly": 210.37
        },
        "20144": {
            "year_quarter": 20144,
            "year": 2014,
            "quarter": 4,
            "eps": 0.76,
            "eps_growth_year": -15.94,
            "eps_4q": 3.58,
            "eps_4q_growth_year": -5.61,
            "roe": 3.91,
            "roe_4q": 18.61,
            "gross_profit": 837147,
            "gross_margin": 44.87,
            "gross_margin_4q_avg": 45.82,
            "net_income": 301736,
            "revenue": 1865857,
            "common_shares": 4411448,
            "book_valuer_per_share": 18.88,
            "book_valuer_per_share_4q_avg": 18.29,
            "equity": 7913466,
            "current_ratio": 437.34,
            "debt_ratio": 22.16,
            "inventory_turnover_ratio": 0.87,
            "account_receivable_turnover_ratio": 1.53,
            "reinvestment_rate": -1.64,
            "research_to_sale_ratio": 17.58,
            "price_fair": 107.61,
            "eps_avg_yearly": 3.07,
            "eps_latest_yearly": 3.04,
            "eps_growth_yearly": 191.01
        },
        "20151": {
            "year_quarter": 20151,
            "year": 2015,
            "quarter": 1,
            "eps": 0.59,
            "eps_growth_year": -24.36,
            "eps_4q": 3.4,
            "eps_4q_growth_year": -5.34,
            "roe": 2.77,
            "roe_4q": 17.56,
            "gross_profit": 782246,
            "gross_margin": 46.44,
            "gross_margin_4q_avg": 45.95,
            "net_income": 221746,
            "revenue": 1684408,
            "common_shares": 4411448,
            "book_valuer_per_share": 19.36,
            "book_valuer_per_share_4q_avg": 18.29,
            "equity": 8089316,
            "current_ratio": 493.54,
            "debt_ratio": 20.56,
            "inventory_turnover_ratio": 0.75,
            "account_receivable_turnover_ratio": 1.48,
            "reinvestment_rate": -2.61,
            "research_to_sale_ratio": 18.68,
            "price_fair": 106.05,
            "eps_avg_yearly": 3.03,
            "eps_latest_yearly": 2.36,
            "eps_growth_yearly": 173.48
        },
        "20152": {
            "year_quarter": 20152,
            "year": 2015,
            "quarter": 2,
            "eps": 0.38,
            "eps_growth_year": -66.07,
            "eps_4q": 2.68,
            "eps_4q_growth_year": -23.34,
            "roe": 1.97,
            "roe_4q": 13.690000000000001,
            "gross_profit": 642985,
            "gross_margin": 42.33,
            "gross_margin_4q_avg": 44.88,
            "net_income": 144668,
            "revenue": 1518842,
            "common_shares": 4411448,
            "book_valuer_per_share": 15.88,
            "book_valuer_per_share_4q_avg": 18.02,
            "equity": 6623328,
            "current_ratio": 251.16,
            "debt_ratio": 35.97,
            "inventory_turnover_ratio": 0.73,
            "account_receivable_turnover_ratio": 1.46,
            "reinvestment_rate": -0.16,
            "research_to_sale_ratio": 19.96,
            "price_fair": 81.26,
            "eps_avg_yearly": 2.97,
            "eps_latest_yearly": 1.52,
            "eps_growth_yearly": 17.36
        },
        "20153": {
            "year_quarter": 20153,
            "year": 2015,
            "quarter": 3,
            "eps": 0.57,
            "eps_growth_year": -40,
            "eps_4q": 2.31,
            "eps_4q_growth_year": -38.04,
            "roe": 3.19,
            "roe_4q": 11.84,
            "gross_profit": 683502,
            "gross_margin": 40.62,
            "gross_margin_4q_avg": 43.57,
            "net_income": 215295,
            "revenue": 1682834,
            "common_shares": 4411448,
            "book_valuer_per_share": 16.48,
            "book_valuer_per_share_4q_avg": 17.65,
            "equity": 6877282,
            "current_ratio": 391.58,
            "debt_ratio": 24.86,
            "inventory_turnover_ratio": 0.84,
            "account_receivable_turnover_ratio": 1.52,
            "reinvestment_rate": -0.6,
            "research_to_sale_ratio": 19.69,
            "price_fair": 106.66,
            "eps_avg_yearly": 3.05,
            "eps_latest_yearly": 2.28,
            "eps_growth_yearly": 44.38
        },
        "20154": {
            "year_quarter": 20154,
            "year": 2015,
            "quarter": 4,
            "eps": 0.44,
            "eps_growth_year": -42.51,
            "eps_4q": 1.98,
            "eps_4q_growth_year": -44.65,
            "roe": 2.25,
            "roe_4q": 10.18,
            "gross_profit": 704953,
            "gross_margin": 41.01,
            "gross_margin_4q_avg": 42.6,
            "net_income": 157237,
            "revenue": 1719015,
            "common_shares": 4411448,
            "book_valuer_per_share": 17.05,
            "book_valuer_per_share_4q_avg": 17.19,
            "equity": 7091163,
            "current_ratio": 418.24,
            "debt_ratio": 23.62,
            "inventory_turnover_ratio": 0.88,
            "account_receivable_turnover_ratio": 1.52,
            "reinvestment_rate": 0.91,
            "research_to_sale_ratio": 20.59,
            "price_fair": 108.41,
            "eps_avg_yearly": 3.1,
            "eps_latest_yearly": 1.76,
            "eps_growth_yearly": 40.6
        },
        "20161": {
            "year_quarter": 20161,
            "year": 2016,
            "quarter": 1,
            "eps": 0.26,
            "eps_growth_year": -55.93,
            "eps_4q": 1.65,
            "eps_4q_growth_year": -51.36,
            "roe": 1.25,
            "roe_4q": 8.66,
            "gross_profit": 566284,
            "gross_margin": 40.45,
            "gross_margin_4q_avg": 41.1,
            "net_income": 90159,
            "revenue": 1399790,
            "common_shares": 4411448,
            "book_valuer_per_share": 17.45,
            "book_valuer_per_share_4q_avg": 16.72,
            "equity": 7304022,
            "current_ratio": 481.06,
            "debt_ratio": 20.73,
            "inventory_turnover_ratio": 0.75,
            "account_receivable_turnover_ratio": 1.46,
            "reinvestment_rate": 2.38,
            "research_to_sale_ratio": 22.07,
            "price_fair": 33.97,
            "eps_avg_yearly": 3.03,
            "eps_latest_yearly": 1.04,
            "eps_growth_yearly": 1.2
        },
        "20162": {
            "year_quarter": 20162,
            "year": 2016,
            "quarter": 2,
            "eps": 0.33,
            "eps_growth_year": -13.16,
            "eps_4q": 1.6,
            "eps_4q_growth_year": -40.19,
            "roe": 1.75,
            "roe_4q": 8.44,
            "gross_profit": 631526,
            "gross_margin": 40.7,
            "gross_margin_4q_avg": 40.7,
            "net_income": 120342,
            "revenue": 1551786,
            "common_shares": 4411448,
            "book_valuer_per_share": 15.38,
            "book_valuer_per_share_4q_avg": 16.59,
            "equity": 6425235,
            "current_ratio": 308.63,
            "debt_ratio": 30.22,
            "inventory_turnover_ratio": 0.9,
            "account_receivable_turnover_ratio": 1.64,
            "reinvestment_rate": -0.28,
            "research_to_sale_ratio": 21.4,
            "price_fair": 8.79,
            "eps_avg_yearly": 2.93,
            "eps_latest_yearly": 1.32,
            "eps_growth_yearly": -2.64
        },
        "20163": {
            "year_quarter": 20163,
            "year": 2016,
            "quarter": 3,
            "eps": 0.58,
            "eps_growth_year": 1.75,
            "eps_4q": 1.62,
            "eps_4q_growth_year": -29.79,
            "roe": 3.47,
            "roe_4q": 8.72,
            "gross_profit": 813919,
            "gross_margin": 41.53,
            "gross_margin_4q_avg": 40.92,
            "net_income": 228021,
            "revenue": 1959788,
            "common_shares": 4341148,
            "book_valuer_per_share": 16.09,
            "book_valuer_per_share_4q_avg": 16.49,
            "equity": 6714213,
            "current_ratio": 288.57,
            "debt_ratio": 32.06,
            "inventory_turnover_ratio": 1.22,
            "account_receivable_turnover_ratio": 1.65,
            "reinvestment_rate": 0.97,
            "research_to_sale_ratio": 17.28,
            "price_fair": 58.52,
            "eps_avg_yearly": 2.85,
            "eps_latest_yearly": 2.32,
            "eps_growth_yearly": 10.55
        },
        "20164": {
            "year_quarter": 20164,
            "year": 2016,
            "quarter": 4,
            "eps": 0.39,
            "eps_growth_year": -11.64,
            "eps_4q": 1.57,
            "eps_4q_growth_year": -20.87,
            "roe": 2.08,
            "roe_4q": 8.55,
            "gross_profit": 696441,
            "gross_margin": 42.27,
            "gross_margin_4q_avg": 41.24,
            "net_income": 141479,
            "revenue": 1647569,
            "common_shares": 4341148,
            "book_valuer_per_share": 16.57,
            "book_valuer_per_share_4q_avg": 16.37,
            "equity": 6896142,
            "current_ratio": 392.13,
            "debt_ratio": 24.48,
            "inventory_turnover_ratio": 0.96,
            "account_receivable_turnover_ratio": 1.33,
            "reinvestment_rate": 0.94,
            "research_to_sale_ratio": 21.8,
            "price_fair": 39.86,
            "eps_avg_yearly": 2.74,
            "eps_latest_yearly": 1.56,
            "eps_growth_yearly": 4.56
        },
        "20171": {
            "year_quarter": 20171,
            "year": 2017,
            "quarter": 1,
            "eps": 0.34,
            "eps_growth_year": 30.77,
            "eps_4q": 1.64,
            "eps_4q_growth_year": -0.79,
            "roe": 1.79,
            "roe_4q": 9.09,
            "gross_profit": 696612,
            "gross_margin": 43.83,
            "gross_margin_4q_avg": 42.08,
            "net_income": 124883,
            "revenue": 1589240,
            "common_shares": 4341148,
            "book_valuer_per_share": 16.92,
            "book_valuer_per_share_4q_avg": 16.24,
            "equity": 7025702,
            "current_ratio": 403.2,
            "debt_ratio": 23.91,
            "inventory_turnover_ratio": 0.84,
            "account_receivable_turnover_ratio": 1.49,
            "reinvestment_rate": -4.26,
            "research_to_sale_ratio": 20.82,
            "price_fair": 7.73,
            "eps_avg_yearly": 2.58,
            "eps_latest_yearly": 1.36,
            "eps_growth_yearly": -3.46
        },
        "20172": {
            "year_quarter": 20172,
            "year": 2017,
            "quarter": 2,
            "eps": 0.7,
            "eps_growth_year": 112.12,
            "eps_4q": 2.01,
            "eps_4q_growth_year": 25.58,
            "roe": 4.1,
            "roe_4q": 11.44,
            "gross_profit": 830690,
            "gross_margin": 44.5,
            "gross_margin_4q_avg": 43.03,
            "net_income": 279855,
            "revenue": 1866847,
            "common_shares": 4341148,
            "book_valuer_per_share": 15.96,
            "book_valuer_per_share_4q_avg": 16.39,
            "equity": 6612328,
            "current_ratio": 283.02,
            "debt_ratio": 32.62,
            "inventory_turnover_ratio": 0.97,
            "account_receivable_turnover_ratio": 1.61,
            "reinvestment_rate": -5.9,
            "research_to_sale_ratio": 18.45,
            "price_fair": 69.25,
            "eps_avg_yearly": 2.46,
            "eps_latest_yearly": 2.8,
            "eps_growth_yearly": 18.21
        },
        "20173": {
            "year_quarter": 20173,
            "year": 2017,
            "quarter": 3,
            "eps": 0.96,
            "eps_growth_year": 65.52,
            "eps_4q": 2.39,
            "eps_4q_growth_year": 47.42,
            "roe": 5.71,
            "roe_4q": 13.679999999999998,
            "gross_profit": 994353,
            "gross_margin": 46.04,
            "gross_margin_4q_avg": 44.16,
            "net_income": 389825,
            "revenue": 2159855,
            "common_shares": 4341148,
            "book_valuer_per_share": 17.02,
            "book_valuer_per_share_4q_avg": 16.62,
            "equity": 7045681,
            "current_ratio": 326.33,
            "debt_ratio": 28.81,
            "inventory_turnover_ratio": 1.11,
            "account_receivable_turnover_ratio": 1.56,
            "reinvestment_rate": -3.82,
            "research_to_sale_ratio": 16.72,
            "price_fair": 88.03,
            "eps_avg_yearly": 2.52,
            "eps_latest_yearly": 3.84,
            "eps_growth_yearly": 37.24
        },
        "20174": {
            "year_quarter": 20174,
            "year": 2017,
            "quarter": 4,
            "eps": 0.58,
            "eps_growth_year": 49.75,
            "eps_4q": 2.58,
            "eps_4q_growth_year": 64.53,
            "roe": 3.31,
            "roe_4q": 14.91,
            "gross_profit": 826165,
            "gross_margin": 43.77,
            "gross_margin_4q_avg": 44.54,
            "net_income": 237547,
            "revenue": 1887325,
            "common_shares": 4341148,
            "book_valuer_per_share": 17.67,
            "book_valuer_per_share_4q_avg": 16.89,
            "equity": 7323463,
            "current_ratio": 329.97,
            "debt_ratio": 27.8,
            "inventory_turnover_ratio": 0.96,
            "account_receivable_turnover_ratio": 1.56,
            "reinvestment_rate": 0.5,
            "research_to_sale_ratio": 18.57,
            "price_fair": 74.79,
            "eps_avg_yearly": 2.43,
            "eps_latest_yearly": 2.32,
            "eps_growth_yearly": 20.75
        },
        "20181": {
            "year_quarter": 20181,
            "year": 2018,
            "quarter": 1,
            "eps": 0.63,
            "eps_growth_year": 85.29,
            "eps_4q": 2.88,
            "eps_4q_growth_year": 75.3,
            "roe": 3.47,
            "roe_4q": 16.59,
            "gross_profit": 787368,
            "gross_margin": 44.25,
            "gross_margin_4q_avg": 44.64,
            "net_income": 258695,
            "revenue": 1779238,
            "common_shares": 4341148,
            "book_valuer_per_share": 18.31,
            "book_valuer_per_share_4q_avg": 17.24,
            "equity": 7586334,
            "current_ratio": 356.21,
            "debt_ratio": 25.96,
            "inventory_turnover_ratio": 0.88,
            "account_receivable_turnover_ratio": 1.95,
            "reinvestment_rate": -6.67,
            "research_to_sale_ratio": 19.8,
            "price_fair": 83.83,
            "eps_avg_yearly": 2.4,
            "eps_latest_yearly": 2.52,
            "eps_growth_yearly": 26.47
        },
        "20182": {
            "year_quarter": 20182,
            "year": 2018,
            "quarter": 2,
            "eps": 0.9,
            "eps_growth_year": 28.57,
            "eps_4q": 3.08,
            "eps_4q_growth_year": 52.98,
            "roe": 5.05,
            "roe_4q": 17.54,
            "gross_profit": 947986,
            "gross_margin": 45.06,
            "gross_margin_4q_avg": 44.78,
            "net_income": 365481,
            "revenue": 2103906,
            "common_shares": 4341148,
            "book_valuer_per_share": 16.61,
            "book_valuer_per_share_4q_avg": 17.4,
            "equity": 6883433,
            "current_ratio": 231.86,
            "debt_ratio": 37.98,
            "inventory_turnover_ratio": 1.02,
            "account_receivable_turnover_ratio": 2.09,
            "reinvestment_rate": -4.09,
            "research_to_sale_ratio": 17.87,
            "price_fair": 81.9,
            "eps_avg_yearly": 2.34,
            "eps_latest_yearly": 3.6,
            "eps_growth_yearly": 26.29
        },
        "20183": {
            "year_quarter": 20183,
            "year": 2018,
            "quarter": 3,
            "eps": 1.28,
            "eps_growth_year": 33.33,
            "eps_4q": 4.67,
            "eps_4q_growth_year": 95.8,
            "roe": 7.23,
            "roe_4q": 19.060000000000002,
            "gross_profit": 1145392,
            "gross_margin": 46.11,
            "gross_margin_4q_avg": 44.8,
            "net_income": 472127,
            "revenue": 2484233,
            "common_shares": 3038804,
            "book_valuer_per_share": 21.35,
            "book_valuer_per_share_4q_avg": 18.49,
            "equity": 6182830,
            "current_ratio": 202.1,
            "debt_ratio": 42.74,
            "inventory_turnover_ratio": 1.16,
            "account_receivable_turnover_ratio": 2.04,
            "reinvestment_rate": -2.61,
            "research_to_sale_ratio": 15.92,
            "price_fair": 84.79,
            "eps_avg_yearly": 2.42,
            "eps_latest_yearly": 5.12,
            "eps_growth_yearly": 40.64
        },
        "20184": {
            "year_quarter": 20184,
            "year": 2018,
            "quarter": 4,
            "eps": 1.51,
            "eps_growth_year": 159.85,
            "eps_4q": 5.35,
            "eps_4q_growth_year": 107.49,
            "roe": 6.82,
            "roe_4q": 22.57,
            "gross_profit": 1061129,
            "gross_margin": 46.46,
            "gross_margin_4q_avg": 45.47,
            "net_income": 435399,
            "revenue": 2283955,
            "common_shares": 3038804,
            "book_valuer_per_share": 22.74,
            "book_valuer_per_share_4q_avg": 19.75,
            "equity": 6582758,
            "current_ratio": 263.3,
            "debt_ratio": 32.85,
            "inventory_turnover_ratio": 1.06,
            "account_receivable_turnover_ratio": 1.9,
            "reinvestment_rate": -4.13,
            "research_to_sale_ratio": 17.83,
            "price_fair": 91.35,
            "eps_avg_yearly": 2.61,
            "eps_latest_yearly": 6.04,
            "eps_growth_yearly": 50.13
        },
        "20191": {
            "year_quarter": 20191,
            "year": 2019,
            "quarter": 1,
            "eps": 1.36,
            "eps_growth_year": 115.87,
            "eps_4q": 5.8,
            "eps_4q_growth_year": 101.6,
            "roe": 5.65,
            "roe_4q": 24.750000000000004,
            "gross_profit": 853353,
            "gross_margin": 45.38,
            "gross_margin_4q_avg": 45.75,
            "net_income": 384282,
            "revenue": 1880614,
            "common_shares": 3038804,
            "book_valuer_per_share": 24.27,
            "book_valuer_per_share_4q_avg": 21.24,
            "equity": 7017278,
            "current_ratio": 277.83,
            "debt_ratio": 32.25,
            "inventory_turnover_ratio": 0.88,
            "account_receivable_turnover_ratio": 1.95,
            "reinvestment_rate": -1.86,
            "research_to_sale_ratio": 19.45,
            "price_fair": 98.09,
            "eps_avg_yearly": 2.8,
            "eps_latest_yearly": 5.44,
            "eps_growth_yearly": 53.24
        },
        "20192": {
            "year_quarter": 20192,
            "year": 2019,
            "quarter": 2,
            "eps": 1.49,
            "eps_growth_year": 65.56,
            "eps_4q": 6,
            "eps_4q_growth_year": 95.09,
            "roe": 6.57,
            "roe_4q": 26.27,
            "gross_profit": 1005212,
            "gross_margin": 46.07,
            "gross_margin_4q_avg": 46.01,
            "net_income": 424078,
            "revenue": 2181689,
            "common_shares": 3038804,
            "book_valuer_per_share": 20.45,
            "book_valuer_per_share_4q_avg": 22.2,
            "equity": 5893865,
            "current_ratio": 184.5,
            "debt_ratio": 46.38,
            "inventory_turnover_ratio": 0.93,
            "account_receivable_turnover_ratio": 2.28,
            "reinvestment_rate": -0.37,
            "research_to_sale_ratio": 17.2,
            "price_fair": 107.8,
            "eps_avg_yearly": 3.08,
            "eps_latest_yearly": 5.96,
            "eps_growth_yearly": 64.53
        },
        "20193": {
            "year_quarter": 20193,
            "year": 2019,
            "quarter": 3,
            "eps": 2.35,
            "eps_growth_year": 83.59,
            "eps_4q": 6.71,
            "eps_4q_growth_year": 43.54,
            "roe": 10.8,
            "roe_4q": 29.840000000000003,
            "gross_profit": 1285430,
            "gross_margin": 47.39,
            "gross_margin_4q_avg": 46.33,
            "net_income": 676967,
            "revenue": 2712699,
            "common_shares": 3038804,
            "book_valuer_per_share": 23.04,
            "book_valuer_per_share_4q_avg": 22.63,
            "equity": 6640899,
            "current_ratio": 228.31,
            "debt_ratio": 37.74,
            "inventory_turnover_ratio": 1.07,
            "account_receivable_turnover_ratio": 2.16,
            "reinvestment_rate": 3.03,
            "research_to_sale_ratio": 15.76,
            "price_fair": 123.38,
            "eps_avg_yearly": 3.53,
            "eps_latest_yearly": 9.4,
            "eps_growth_yearly": 66.46
        },
        "20194": {
            "year_quarter": 20194,
            "year": 2019,
            "quarter": 4,
            "eps": 3.37,
            "eps_growth_year": 123.38,
            "eps_4q": 8.57,
            "eps_4q_growth_year": 60.09,
            "roe": 13.75,
            "roe_4q": 36.77,
            "gross_profit": 1269937,
            "gross_margin": 46.81,
            "gross_margin_4q_avg": 46.41,
            "net_income": 979414,
            "revenue": 2712975,
            "common_shares": 3038804,
            "book_valuer_per_share": 26.31,
            "book_valuer_per_share_4q_avg": 23.52,
            "equity": 7603152,
            "current_ratio": 261.84,
            "debt_ratio": 32.4,
            "inventory_turnover_ratio": 1.06,
            "account_receivable_turnover_ratio": 2.08,
            "reinvestment_rate": 9.31,
            "research_to_sale_ratio": 15.77,
            "price_fair": 149.01,
            "eps_avg_yearly": 4.26,
            "eps_latest_yearly": 13.48,
            "eps_growth_yearly": 83.01
        },
        "20201": {
            "year_quarter": 20201,
            "year": 2020,
            "quarter": 1,
            "eps": 0.18,
            "eps_growth_year": -86.76,
            "eps_4q": 7.4,
            "eps_4q_growth_year": 27.52,
            "roe": 0.56,
            "roe_4q": 31.68,
            "gross_profit": 1043218,
            "gross_margin": 47.28,
            "gross_margin_4q_avg": 46.89,
            "net_income": 43771,
            "revenue": 2206241,
            "common_shares": 3038804,
            "book_valuer_per_share": 26.47,
            "book_valuer_per_share_4q_avg": 24.07,
            "equity": 7969632,
            "current_ratio": 322.21,
            "debt_ratio": 28.98,
            "inventory_turnover_ratio": 0.8,
            "account_receivable_turnover_ratio": 1.77,
            "reinvestment_rate": -0.09,
            "research_to_sale_ratio": 16.17,
            "price_fair": 148.31,
            "eps_avg_yearly": 4.24,
            "eps_latest_yearly": 0.72,
            "eps_growth_yearly": 69.58
        },
        "20202": {
            "year_quarter": 20202,
            "year": 2020,
            "quarter": 2,
            "eps": 3.15,
            "eps_growth_year": 111.41,
            "eps_4q": 9.06,
            "eps_4q_growth_year": 50.88,
            "roe": 11.98,
            "roe_4q": 37.09,
            "gross_profit": 1683703,
            "gross_margin": 47.57,
            "gross_margin_4q_avg": 47.26,
            "net_income": 892906,
            "revenue": 3539299,
            "common_shares": 3038804,
            "book_valuer_per_share": 22.98,
            "book_valuer_per_share_4q_avg": 24.7,
            "equity": 6936909,
            "current_ratio": 179.71,
            "debt_ratio": 48.12,
            "inventory_turnover_ratio": 1.09,
            "account_receivable_turnover_ratio": 2.3,
            "reinvestment_rate": 4.63,
            "research_to_sale_ratio": 13.54,
            "price_fair": 172.99,
            "eps_avg_yearly": 4.94,
            "eps_latest_yearly": 12.6,
            "eps_growth_yearly": 475.34
        },
        "20203": {
            "year_quarter": 20203,
            "year": 2020,
            "quarter": 3,
            "eps": 3.7,
            "eps_growth_year": 57.45,
            "eps_4q": 10.41,
            "eps_4q_growth_year": 55.21,
            "roe": 14.23,
            "roe_4q": 40.519999999999996,
            "gross_profit": 2143846,
            "gross_margin": 45.54,
            "gross_margin_4q_avg": 46.8,
            "net_income": 1066775,
            "revenue": 4707167,
            "common_shares": 3038804,
            "book_valuer_per_share": 26.85,
            "book_valuer_per_share_4q_avg": 25.65,
            "equity": 8053996,
            "current_ratio": 218.94,
            "debt_ratio": 39.22,
            "inventory_turnover_ratio": 1.4,
            "account_receivable_turnover_ratio": 2.32,
            "reinvestment_rate": 3.69,
            "research_to_sale_ratio": 10.79,
            "price_fair": 200.29,
            "eps_avg_yearly": 5.72,
            "eps_latest_yearly": 14.8,
            "eps_growth_yearly": 460.77
        },
        "20204": {
            "year_quarter": 20204,
            "year": 2020,
            "quarter": 4,
            "eps": 4.1,
            "eps_growth_year": 21.62,
            "eps_4q": 11.14,
            "eps_4q_growth_year": 30,
            "roe": 13.73,
            "roe_4q": 40.5,
            "gross_profit": 2183692,
            "gross_margin": 46.99,
            "gross_margin_4q_avg": 46.85,
            "net_income": 1189586,
            "revenue": 4646983,
            "common_shares": 3038804,
            "book_valuer_per_share": 31.05,
            "book_valuer_per_share_4q_avg": 26.84,
            "equity": 9273056,
            "current_ratio": 245.22,
            "debt_ratio": 35.84,
            "inventory_turnover_ratio": 1.38,
            "account_receivable_turnover_ratio": 2.09,
            "reinvestment_rate": 4.75,
            "research_to_sale_ratio": 11.07,
            "price_fair": 232.75,
            "eps_avg_yearly": 6.65,
            "eps_latest_yearly": 16.4,
            "eps_growth_yearly": 471.66
        },
        "20211": {
            "year_quarter": 20211,
            "year": 2021,
            "quarter": 1,
            "eps": 3.77,
            "eps_growth_year": 1994.44,
            "eps_4q": 14.73,
            "eps_4q_growth_year": 99.11,
            "roe": 11,
            "roe_4q": 50.94,
            "gross_profit": 1992679,
            "gross_margin": 47.95,
            "gross_margin_4q_avg": 47.01,
            "net_income": 1082691,
            "revenue": 4155821,
            "common_shares": 3038804,
            "book_valuer_per_share": 35.02,
            "book_valuer_per_share_4q_avg": 28.98,
            "equity": 10410052,
            "current_ratio": 258.7,
            "debt_ratio": 33.9,
            "inventory_turnover_ratio": 1.2,
            "account_receivable_turnover_ratio": 1.95,
            "reinvestment_rate": 5.9,
            "research_to_sale_ratio": 12.81,
            "price_fair": 262.76,
            "eps_avg_yearly": 7.51,
            "eps_latest_yearly": 15.08,
            "eps_growth_yearly": 472.86
        },
        "20212": {
            "year_quarter": 20212,
            "year": 2021,
            "quarter": 2,
            "eps": 4.53,
            "eps_growth_year": 43.81,
            "eps_4q": 16.11,
            "eps_4q_growth_year": 77.84,
            "roe": 13.42,
            "roe_4q": 52.38000000000001,
            "gross_profit": 2528808,
            "gross_margin": 50.21,
            "gross_margin_4q_avg": 47.67,
            "net_income": 1302096,
            "revenue": 5036112,
            "common_shares": 3038804,
            "book_valuer_per_share": 30.21,
            "book_valuer_per_share_4q_avg": 30.78,
            "equity": 8993254,
            "current_ratio": 175.38,
            "debt_ratio": 49.88,
            "inventory_turnover_ratio": 1.34,
            "account_receivable_turnover_ratio": 2.31,
            "reinvestment_rate": 6.63,
            "research_to_sale_ratio": 11.13,
            "price_fair": 296.28,
            "eps_avg_yearly": 8.47,
            "eps_latest_yearly": 18.12,
            "eps_growth_yearly": 451.42
        },
        "20213": {
            "year_quarter": 20213,
            "year": 2021,
            "quarter": 3,
            "eps": 4.7,
            "eps_growth_year": 27.03,
            "eps_4q": 17.46,
            "eps_4q_growth_year": 67.75,
            "roe": 14.26,
            "roe_4q": 52.41,
            "gross_profit": 2538477,
            "gross_margin": 51.03,
            "gross_margin_4q_avg": 49.05,
            "net_income": 1337845,
            "revenue": 4974501,
            "common_shares": 3038804,
            "book_valuer_per_share": 33.4,
            "book_valuer_per_share_4q_avg": 32.42,
            "equity": 9770097,
            "current_ratio": 215.97,
            "debt_ratio": 40.19,
            "inventory_turnover_ratio": 1.23,
            "account_receivable_turnover_ratio": 2.17,
            "reinvestment_rate": 7.01,
            "research_to_sale_ratio": 11.74,
            "price_fair": 329,
            "eps_avg_yearly": 9.4,
            "eps_latest_yearly": 18.8,
            "eps_growth_yearly": 443.08
        },
        "20214": {
            "year_quarter": 20214,
            "year": 2021,
            "quarter": 4,
            "eps": 4.64,
            "eps_growth_year": 13.22,
            "eps_4q": 17.93,
            "eps_4q_growth_year": 60.99,
            "roe": 12.58,
            "roe_4q": 51.26,
            "gross_profit": 2055877,
            "gross_margin": 49.4,
            "gross_margin_4q_avg": 49.65,
            "net_income": 1304906,
            "revenue": 4161539,
            "common_shares": 3038804,
            "book_valuer_per_share": 37.75,
            "book_valuer_per_share_4q_avg": 34.1,
            "equity": 10973868,
            "current_ratio": 248.72,
            "debt_ratio": 35.19,
            "inventory_turnover_ratio": 0.97,
            "account_receivable_turnover_ratio": 2.02,
            "reinvestment_rate": 8.05,
            "research_to_sale_ratio": 15.34,
            "price_fair": 364.53,
            "eps_avg_yearly": 10.42,
            "eps_latest_yearly": 18.56,
            "eps_growth_yearly": 452.65
        },
        "20221": {
            "year_quarter": 20221,
            "year": 2022,
            "quarter": 1,
            "eps": 2.81,
            "eps_growth_year": -25.46,
            "eps_4q": 16.87,
            "eps_4q_growth_year": 14.56,
            "roe": 6.75,
            "roe_4q": 47.01,
            "gross_profit": 1935773,
            "gross_margin": 47.23,
            "gross_margin_4q_avg": 49.47,
            "net_income": 773077,
            "revenue": 4098639,
            "common_shares": 3038804,
            "book_valuer_per_share": 40.36,
            "book_valuer_per_share_4q_avg": 35.43,
            "equity": 11915522,
            "current_ratio": 264.29,
            "debt_ratio": 34.73,
            "inventory_turnover_ratio": 0.84,
            "account_receivable_turnover_ratio": 2.18,
            "reinvestment_rate": 7.93,
            "research_to_sale_ratio": 13.84,
            "price_fair": 383.6,
            "eps_avg_yearly": 10.96,
            "eps_latest_yearly": 11.24,
            "eps_growth_yearly": 440.64
        },
        "20222": {
            "year_quarter": 20222,
            "year": 2022,
            "quarter": 2,
            "eps": 2.75,
            "eps_growth_year": -39.29,
            "eps_4q": 14.99,
            "eps_4q_growth_year": -6.95,
            "roe": 7.46,
            "roe_4q": 41.05,
            "gross_profit": 1973520,
            "gross_margin": 47.57,
            "gross_margin_4q_avg": 48.81,
            "net_income": 760581,
            "revenue": 4148548,
            "common_shares": 3038804,
            "book_valuer_per_share": 28.34,
            "book_valuer_per_share_4q_avg": 34.96,
            "equity": 8476144,
            "current_ratio": 153.88,
            "debt_ratio": 55.1,
            "inventory_turnover_ratio": 0.7,
            "account_receivable_turnover_ratio": 2.1,
            "reinvestment_rate": 6.21,
            "research_to_sale_ratio": 13.55,
            "price_fair": 399.79,
            "eps_avg_yearly": 11.42,
            "eps_latest_yearly": 11,
            "eps_growth_yearly": 429.39
        },
        "20223": {
            "year_quarter": 20223,
            "year": 2022,
            "quarter": 3,
            "eps": 1.83,
            "eps_growth_year": -61.06,
            "eps_4q": 12.03,
            "eps_4q_growth_year": -31.09,
            "roe": 5.56,
            "roe_4q": 32.35,
            "gross_profit": 1311402,
            "gross_margin": 46.52,
            "gross_margin_4q_avg": 47.68,
            "net_income": 488442,
            "revenue": 2819194,
            "common_shares": 3038804,
            "book_valuer_per_share": 30.61,
            "book_valuer_per_share_4q_avg": 34.27,
            "equity": 9091902,
            "current_ratio": 245.14,
            "debt_ratio": 35.79,
            "inventory_turnover_ratio": 0.43,
            "account_receivable_turnover_ratio": 1.74,
            "reinvestment_rate": 7.76,
            "research_to_sale_ratio": 18.35,
            "price_fair": 404.6,
            "eps_avg_yearly": 11.56,
            "eps_latest_yearly": 7.32,
            "eps_growth_yearly": 410.47
        },
        "20224": {
            "year_quarter": 20224,
            "year": 2022,
            "quarter": 4,
            "eps": 0.17,
            "eps_growth_year": -96.39,
            "eps_4q": 7.56,
            "eps_4q_growth_year": -57.83,
            "roe": 0.12,
            "roe_4q": 19.89,
            "gross_profit": 766549,
            "gross_margin": 39.03,
            "gross_margin_4q_avg": 45.09,
            "net_income": 11313,
            "revenue": 1964103,
            "common_shares": 3038804,
            "book_valuer_per_share": 31.24,
            "book_valuer_per_share_4q_avg": 32.64,
            "equity": 9622222,
            "current_ratio": 333.07,
            "debt_ratio": 27.79,
            "inventory_turnover_ratio": 0.32,
            "account_receivable_turnover_ratio": 2.01,
            "reinvestment_rate": 6.85,
            "research_to_sale_ratio": 26.41,
            "price_fair": 392.88,
            "eps_avg_yearly": 11.23,
            "eps_latest_yearly": 0.68,
            "eps_growth_yearly": 383.3
        },
        "20231": {
            "year_quarter": 20231,
            "year": 2023,
            "quarter": 1,
            "eps": 1.08,
            "eps_growth_year": -61.57,
            "eps_4q": 5.83,
            "eps_4q_growth_year": -65.43,
            "roe": 2.73,
            "roe_4q": 15.870000000000001,
            "gross_profit": 980377,
            "gross_margin": 40.76,
            "gross_margin_4q_avg": 43.47,
            "net_income": 242624,
            "revenue": 2405138,
            "common_shares": 3038804,
            "book_valuer_per_share": 26.19,
            "book_valuer_per_share_4q_avg": 29.1,
            "equity": 8121983,
            "current_ratio": 191.9,
            "debt_ratio": 40.18,
            "inventory_turnover_ratio": 0.4,
            "account_receivable_turnover_ratio": 2.89,
            "reinvestment_rate": 8.1,
            "research_to_sale_ratio": 22.14,
            "price_fair": 390.43,
            "eps_avg_yearly": 11.16,
            "eps_latest_yearly": 4.32,
            "eps_growth_yearly": 519.61
        }
    },
    "months": {
        "2001-09": {
            "month": "2001-09",
            "price": "25.00",
            "revenue": 323404
        },
        "2001-10": {
            "month": "2001-10",
            "price": "27.57",
            "revenue": 302578
        },
        "2001-11": {
            "month": "2001-11",
            "price": "37.01",
            "revenue": 253278
        },
        "2001-12": {
            "month": "2001-12",
            "price": "43.44",
            "revenue": 176964
        },
        "2002-01": {
            "month": "2002-01",
            "price": "44.78",
            "revenue": 227879
        },
        "2002-02": {
            "month": "2002-02",
            "price": "39.92",
            "revenue": 209721
        },
        "2002-03": {
            "month": "2002-03",
            "price": "43.22",
            "revenue": 349475
        },
        "2002-04": {
            "month": "2002-04",
            "price": "49.86",
            "revenue": 402270
        },
        "2002-05": {
            "month": "2002-05",
            "price": "42.88",
            "revenue": 425428
        },
        "2002-06": {
            "month": "2002-06",
            "price": "39.64",
            "revenue": 432363
        },
        "2002-07": {
            "month": "2002-07",
            "price": "35.46",
            "revenue": 369171
        },
        "2002-08": {
            "month": "2002-08",
            "price": "30.35",
            "revenue": 342258
        },
        "2002-09": {
            "month": "2002-09",
            "price": "28.44",
            "revenue": 343347
        },
        "2002-10": {
            "month": "2002-10",
            "price": "24.06",
            "revenue": 327563
        },
        "2002-11": {
            "month": "2002-11",
            "price": "25.25",
            "revenue": 315501
        },
        "2002-12": {
            "month": "2002-12",
            "price": "24.08",
            "revenue": 254864
        },
        "2003-01": {
            "month": "2003-01",
            "price": "23.56",
            "revenue": 275985
        },
        "2003-02": {
            "month": "2003-02",
            "price": "22.31",
            "revenue": 229609
        },
        "2003-03": {
            "month": "2003-03",
            "price": "23.36",
            "revenue": 354509
        },
        "2003-04": {
            "month": "2003-04",
            "price": "23.60",
            "revenue": 404767
        },
        "2003-05": {
            "month": "2003-05",
            "price": "23.31",
            "revenue": 430161
        },
        "2003-06": {
            "month": "2003-06",
            "price": "27.90",
            "revenue": 440583
        },
        "2003-07": {
            "month": "2003-07",
            "price": "28.88",
            "revenue": 400300
        },
        "2003-08": {
            "month": "2003-08",
            "price": "30.01",
            "revenue": 425006
        },
        "2003-09": {
            "month": "2003-09",
            "price": "30.49",
            "revenue": 451833
        },
        "2003-10": {
            "month": "2003-10",
            "price": "31.05",
            "revenue": 425202
        },
        "2003-11": {
            "month": "2003-11",
            "price": "31.00",
            "revenue": 411241
        },
        "2003-12": {
            "month": "2003-12",
            "price": "30.53",
            "revenue": 367735
        },
        "2004-01": {
            "month": "2004-01",
            "price": "29.69",
            "revenue": 307135
        },
        "2004-02": {
            "month": "2004-02",
            "price": "31.02",
            "revenue": 353158
        },
        "2004-03": {
            "month": "2004-03",
            "price": "30.62",
            "revenue": 463097
        },
        "2004-04": {
            "month": "2004-04",
            "price": "33.95",
            "revenue": 512959
        },
        "2004-05": {
            "month": "2004-05",
            "price": "26.64",
            "revenue": 521176
        },
        "2004-06": {
            "month": "2004-06",
            "price": "24.72",
            "revenue": 537906
        },
        "2004-07": {
            "month": "2004-07",
            "price": "23.56",
            "revenue": 552582
        },
        "2004-08": {
            "month": "2004-08",
            "price": "23.49",
            "revenue": 563893
        },
        "2004-09": {
            "month": "2004-09",
            "price": "24.02",
            "revenue": 564564
        },
        "2004-10": {
            "month": "2004-10",
            "price": "22.55",
            "revenue": 326301
        },
        "2004-11": {
            "month": "2004-11",
            "price": "19.11",
            "revenue": 341430
        },
        "2004-12": {
            "month": "2004-12",
            "price": "17.77",
            "revenue": 291011
        },
        "2005-01": {
            "month": "2005-01",
            "price": "17.04",
            "revenue": 258613
        },
        "2005-02": {
            "month": "2005-02",
            "price": "18.14",
            "revenue": 191758
        },
        "2005-03": {
            "month": "2005-03",
            "price": "17.97",
            "revenue": 321951
        },
        "2005-04": {
            "month": "2005-04",
            "price": "16.48",
            "revenue": 385527
        },
        "2005-05": {
            "month": "2005-05",
            "price": "15.15",
            "revenue": 445694
        },
        "2005-06": {
            "month": "2005-06",
            "price": "16.16",
            "revenue": 446709
        },
        "2005-07": {
            "month": "2005-07",
            "price": "15.89",
            "revenue": 421421
        },
        "2005-08": {
            "month": "2005-08",
            "price": "14.82",
            "revenue": 425165
        },
        "2005-09": {
            "month": "2005-09",
            "price": "13.37",
            "revenue": 430393
        },
        "2005-10": {
            "month": "2005-10",
            "price": "12.52",
            "revenue": 383693
        },
        "2005-11": {
            "month": "2005-11",
            "price": "13.30",
            "revenue": 369055
        },
        "2005-12": {
            "month": "2005-12",
            "price": "14.05",
            "revenue": 358877
        },
        "2006-01": {
            "month": "2006-01",
            "price": "16.48",
            "revenue": 301868
        },
        "2006-02": {
            "month": "2006-02",
            "price": "16.06",
            "revenue": 279488
        },
        "2006-03": {
            "month": "2006-03",
            "price": "16.28",
            "revenue": 375100
        },
        "2006-04": {
            "month": "2006-04",
            "price": "18.54",
            "revenue": 413440
        },
        "2006-05": {
            "month": "2006-05",
            "price": "18.43",
            "revenue": 450947
        },
        "2006-06": {
            "month": "2006-06",
            "price": "16.30",
            "revenue": 463036
        },
        "2006-07": {
            "month": "2006-07",
            "price": "15.45",
            "revenue": 403217
        },
        "2006-08": {
            "month": "2006-08",
            "price": "15.20",
            "revenue": 378622
        },
        "2006-09": {
            "month": "2006-09",
            "price": "13.37",
            "revenue": 397549
        },
        "2006-10": {
            "month": "2006-10",
            "price": "13.26",
            "revenue": 352126
        },
        "2006-11": {
            "month": "2006-11",
            "price": "13.93",
            "revenue": 335231
        },
        "2006-12": {
            "month": "2006-12",
            "price": "18.08",
            "revenue": 309169
        },
        "2007-01": {
            "month": "2007-01",
            "price": "24.10",
            "revenue": 330938
        },
        "2007-02": {
            "month": "2007-02",
            "price": "28.11",
            "revenue": 252829
        },
        "2007-03": {
            "month": "2007-03",
            "price": "34.21",
            "revenue": 353093
        },
        "2007-04": {
            "month": "2007-04",
            "price": "36.16",
            "revenue": 422041
        },
        "2007-05": {
            "month": "2007-05",
            "price": "44.31",
            "revenue": 466345
        },
        "2007-06": {
            "month": "2007-06",
            "price": "60.80",
            "revenue": 484622
        },
        "2007-07": {
            "month": "2007-07",
            "price": "72.83",
            "revenue": 474255
        },
        "2007-08": {
            "month": "2007-08",
            "price": "68.88",
            "revenue": 475581
        },
        "2007-09": {
            "month": "2007-09",
            "price": "70.89",
            "revenue": 443178
        },
        "2007-10": {
            "month": "2007-10",
            "price": "70.61",
            "revenue": 416266
        },
        "2007-11": {
            "month": "2007-11",
            "price": "60.91",
            "revenue": 371884
        },
        "2007-12": {
            "month": "2007-12",
            "price": "61.21",
            "revenue": 316441
        },
        "2008-01": {
            "month": "2008-01",
            "price": "53.64",
            "revenue": 304498
        },
        "2008-02": {
            "month": "2008-02",
            "price": "40.65",
            "revenue": 253054
        },
        "2008-03": {
            "month": "2008-03",
            "price": "49.50",
            "revenue": 354752
        },
        "2008-04": {
            "month": "2008-04",
            "price": "56.68",
            "revenue": 422720
        },
        "2008-05": {
            "month": "2008-05",
            "price": "59.77",
            "revenue": 424887
        },
        "2008-06": {
            "month": "2008-06",
            "price": "46.16",
            "revenue": 390345
        },
        "2008-07": {
            "month": "2008-07",
            "price": "38.69",
            "revenue": 371010
        },
        "2008-08": {
            "month": "2008-08",
            "price": "38.70",
            "revenue": 321647
        },
        "2008-09": {
            "month": "2008-09",
            "price": "26.42",
            "revenue": 291315
        },
        "2008-10": {
            "month": "2008-10",
            "price": "19.40",
            "revenue": 368528
        },
        "2008-11": {
            "month": "2008-11",
            "price": "18.86",
            "revenue": 342844
        },
        "2008-12": {
            "month": "2008-12",
            "price": "21.25",
            "revenue": 225861
        },
        "2009-01": {
            "month": "2009-01",
            "price": "24.33",
            "revenue": 170328
        },
        "2009-02": {
            "month": "2009-02",
            "price": "27.96",
            "revenue": 198624
        },
        "2009-03": {
            "month": "2009-03",
            "price": "32.92",
            "revenue": 335521
        },
        "2009-04": {
            "month": "2009-04",
            "price": "33.93",
            "revenue": 403290
        },
        "2009-05": {
            "month": "2009-05",
            "price": "50.98",
            "revenue": 408659
        },
        "2009-06": {
            "month": "2009-06",
            "price": "54.96",
            "revenue": 434978
        },
        "2009-07": {
            "month": "2009-07",
            "price": "55.17",
            "revenue": 452285
        },
        "2009-08": {
            "month": "2009-08",
            "price": "46.25",
            "revenue": 453302
        },
        "2009-09": {
            "month": "2009-09",
            "price": "48.13",
            "revenue": 445655
        },
        "2009-10": {
            "month": "2009-10",
            "price": "48.84",
            "revenue": 419878
        },
        "2009-11": {
            "month": "2009-11",
            "price": "48.07",
            "revenue": 417328
        },
        "2009-12": {
            "month": "2009-12",
            "price": "52.13",
            "revenue": 407923
        },
        "2010-01": {
            "month": "2010-01",
            "price": "55.54",
            "revenue": 394344
        },
        "2010-02": {
            "month": "2010-02",
            "price": "46.62",
            "revenue": 327797
        },
        "2010-03": {
            "month": "2010-03",
            "price": "48.43",
            "revenue": 505145
        },
        "2010-04": {
            "month": "2010-04",
            "price": "52.13",
            "revenue": 570078
        },
        "2010-05": {
            "month": "2010-05",
            "price": "47.20",
            "revenue": 577743
        },
        "2010-06": {
            "month": "2010-06",
            "price": "46.05",
            "revenue": 584154
        },
        "2010-07": {
            "month": "2010-07",
            "price": "46.71",
            "revenue": 586534
        },
        "2010-08": {
            "month": "2010-08",
            "price": "45.34",
            "revenue": 577655
        },
        "2010-09": {
            "month": "2010-09",
            "price": "48.00",
            "revenue": 606215
        },
        "2010-10": {
            "month": "2010-10",
            "price": "46.47",
            "revenue": 501272
        },
        "2010-11": {
            "month": "2010-11",
            "price": "43.35",
            "revenue": 396300
        },
        "2010-12": {
            "month": "2010-12",
            "price": "44.15",
            "revenue": 378967
        },
        "2011-01": {
            "month": "2011-01",
            "price": "44.18",
            "revenue": 421502
        },
        "2011-02": {
            "month": "2011-02",
            "price": "43.25",
            "revenue": 313696
        },
        "2011-03": {
            "month": "2011-03",
            "price": "40.82",
            "revenue": 438916
        },
        "2011-04": {
            "month": "2011-04",
            "price": "39.41",
            "revenue": 466165
        },
        "2011-05": {
            "month": "2011-05",
            "price": "37.63",
            "revenue": 501927
        },
        "2011-06": {
            "month": "2011-06",
            "price": "35.12",
            "revenue": 470747
        },
        "2011-07": {
            "month": "2011-07",
            "price": "29.61",
            "revenue": 446878
        },
        "2011-08": {
            "month": "2011-08",
            "price": "31.08",
            "revenue": 436078
        },
        "2011-09": {
            "month": "2011-09",
            "price": "30.47",
            "revenue": 433051
        },
        "2011-10": {
            "month": "2011-10",
            "price": "32.00",
            "revenue": 412941
        },
        "2011-11": {
            "month": "2011-11",
            "price": "27.49",
            "revenue": 433588
        },
        "2011-12": {
            "month": "2011-12",
            "price": "24.54",
            "revenue": 421921
        },
        "2012-01": {
            "month": "2012-01",
            "price": "27.60",
            "revenue": 517683
        },
        "2012-02": {
            "month": "2012-02",
            "price": "36.32",
            "revenue": 408434
        },
        "2012-03": {
            "month": "2012-03",
            "price": "36.67",
            "revenue": 528466
        },
        "2012-04": {
            "month": "2012-04",
            "price": "38.88",
            "revenue": 565164
        },
        "2012-05": {
            "month": "2012-05",
            "price": "39.78",
            "revenue": 642270
        },
        "2012-06": {
            "month": "2012-06",
            "price": "41.92",
            "revenue": 680443
        },
        "2012-07": {
            "month": "2012-07",
            "price": "46.45",
            "revenue": 686964
        },
        "2012-08": {
            "month": "2012-08",
            "price": "47.50",
            "revenue": 624905
        },
        "2012-09": {
            "month": "2012-09",
            "price": "51.56",
            "revenue": 718452
        },
        "2012-10": {
            "month": "2012-10",
            "price": "50.75",
            "revenue": 724395
        },
        "2012-11": {
            "month": "2012-11",
            "price": "44.14",
            "revenue": 611706
        },
        "2012-12": {
            "month": "2012-12",
            "price": "46.97",
            "revenue": 523809
        },
        "2013-01": {
            "month": "2013-01",
            "price": "48.68",
            "revenue": 687771
        },
        "2013-02": {
            "month": "2013-02",
            "price": "59.28",
            "revenue": 528715
        },
        "2013-03": {
            "month": "2013-03",
            "price": "64.63",
            "revenue": 649795
        },
        "2013-04": {
            "month": "2013-04",
            "price": "70.68",
            "revenue": 695064
        },
        "2013-05": {
            "month": "2013-05",
            "price": "76.86",
            "revenue": 728608
        },
        "2013-06": {
            "month": "2013-06",
            "price": "70.76",
            "revenue": 736882
        },
        "2013-07": {
            "month": "2013-07",
            "price": "60.68",
            "revenue": 620560
        },
        "2013-08": {
            "month": "2013-08",
            "price": "51.63",
            "revenue": 625597
        },
        "2013-09": {
            "month": "2013-09",
            "price": "51.87",
            "revenue": 649282
        },
        "2013-10": {
            "month": "2013-10",
            "price": "46.13",
            "revenue": 635083
        },
        "2013-11": {
            "month": "2013-11",
            "price": "42.81",
            "revenue": 623377
        },
        "2013-12": {
            "month": "2013-12",
            "price": "45.71",
            "revenue": 613799
        },
        "2014-01": {
            "month": "2014-01",
            "price": "51.94",
            "revenue": 563285
        },
        "2014-02": {
            "month": "2014-02",
            "price": "53.90",
            "revenue": 502186
        },
        "2014-03": {
            "month": "2014-03",
            "price": "55.17",
            "revenue": 640115
        },
        "2014-04": {
            "month": "2014-04",
            "price": "58.13",
            "revenue": 733508
        },
        "2014-05": {
            "month": "2014-05",
            "price": "55.22",
            "revenue": 736686
        },
        "2014-06": {
            "month": "2014-06",
            "price": "58.22",
            "revenue": 643146
        },
        "2014-07": {
            "month": "2014-07",
            "price": "53.64",
            "revenue": 663366
        },
        "2014-08": {
            "month": "2014-08",
            "price": "49.54",
            "revenue": 668257
        },
        "2014-09": {
            "month": "2014-09",
            "price": "50.40",
            "revenue": 669916
        },
        "2014-10": {
            "month": "2014-10",
            "price": "48.51",
            "revenue": 635469
        },
        "2014-11": {
            "month": "2014-11",
            "price": "45.70",
            "revenue": 585770
        },
        "2014-12": {
            "month": "2014-12",
            "price": "45.17",
            "revenue": 644618
        },
        "2015-01": {
            "month": "2015-01",
            "price": "48.51",
            "revenue": 667961
        },
        "2015-02": {
            "month": "2015-02",
            "price": "52.02",
            "revenue": 460795
        },
        "2015-03": {
            "month": "2015-03",
            "price": "54.85",
            "revenue": 555652
        },
        "2015-04": {
            "month": "2015-04",
            "price": "51.57",
            "revenue": 544050
        },
        "2015-05": {
            "month": "2015-05",
            "price": "47.24",
            "revenue": 485169
        },
        "2015-06": {
            "month": "2015-06",
            "price": "43.54",
            "revenue": 489623
        },
        "2015-07": {
            "month": "2015-07",
            "price": "39.28",
            "revenue": 517998
        },
        "2015-08": {
            "month": "2015-08",
            "price": "30.80",
            "revenue": 532651
        },
        "2015-09": {
            "month": "2015-09",
            "price": "34.30",
            "revenue": 632184
        },
        "2015-10": {
            "month": "2015-10",
            "price": "36.13",
            "revenue": 615010
        },
        "2015-11": {
            "month": "2015-11",
            "price": "37.15",
            "revenue": 598751
        },
        "2015-12": {
            "month": "2015-12",
            "price": "43.98",
            "revenue": 505255
        },
        "2016-01": {
            "month": "2016-01",
            "price": "41.25",
            "revenue": 532398
        },
        "2016-02": {
            "month": "2016-02",
            "price": "41.97",
            "revenue": 353224
        },
        "2016-03": {
            "month": "2016-03",
            "price": "40.35",
            "revenue": 514168
        },
        "2016-04": {
            "month": "2016-04",
            "price": "35.57",
            "revenue": 492487
        },
        "2016-05": {
            "month": "2016-05",
            "price": "33.32",
            "revenue": 517373
        },
        "2016-06": {
            "month": "2016-06",
            "price": "34.50",
            "revenue": 541926
        },
        "2016-07": {
            "month": "2016-07",
            "price": "36.96",
            "revenue": 601107
        },
        "2016-08": {
            "month": "2016-08",
            "price": "39.80",
            "revenue": 692240
        },
        "2016-09": {
            "month": "2016-09",
            "price": "38.76",
            "revenue": 666441
        },
        "2016-10": {
            "month": "2016-10",
            "price": "36.49",
            "revenue": 548842
        },
        "2016-11": {
            "month": "2016-11",
            "price": "32.89",
            "revenue": 562862
        },
        "2016-12": {
            "month": "2016-12",
            "price": "33.44",
            "revenue": 535865
        },
        "2017-01": {
            "month": "2017-01",
            "price": "34.42",
            "revenue": 520541
        },
        "2017-02": {
            "month": "2017-02",
            "price": "36.34",
            "revenue": 486146
        },
        "2017-03": {
            "month": "2017-03",
            "price": "38.45",
            "revenue": 582553
        },
        "2017-04": {
            "month": "2017-04",
            "price": "39.57",
            "revenue": 603228
        },
        "2017-05": {
            "month": "2017-05",
            "price": "42.76",
            "revenue": 606702
        },
        "2017-06": {
            "month": "2017-06",
            "price": "42.94",
            "revenue": 656917
        },
        "2017-07": {
            "month": "2017-07",
            "price": "44.64",
            "revenue": 669047
        },
        "2017-08": {
            "month": "2017-08",
            "price": "42.88",
            "revenue": 740424
        },
        "2017-09": {
            "month": "2017-09",
            "price": "43.10",
            "revenue": 750384
        },
        "2017-10": {
            "month": "2017-10",
            "price": "44.43",
            "revenue": 648107
        },
        "2017-11": {
            "month": "2017-11",
            "price": "50.82",
            "revenue": 634071
        },
        "2017-12": {
            "month": "2017-12",
            "price": "48.21",
            "revenue": 605147
        },
        "2018-01": {
            "month": "2018-01",
            "price": "45.63",
            "revenue": 704488
        },
        "2018-02": {
            "month": "2018-02",
            "price": "44.86",
            "revenue": 469985
        },
        "2018-03": {
            "month": "2018-03",
            "price": "44.76",
            "revenue": 604765
        },
        "2018-04": {
            "month": "2018-04",
            "price": "44.04",
            "revenue": 657652
        },
        "2018-05": {
            "month": "2018-05",
            "price": "45.81",
            "revenue": 718716
        },
        "2018-06": {
            "month": "2018-06",
            "price": "49.19",
            "revenue": 727538
        },
        "2018-07": {
            "month": "2018-07",
            "price": "49.75",
            "revenue": 789013
        },
        "2018-08": {
            "month": "2018-08",
            "price": "50.86",
            "revenue": 819654
        },
        "2018-09": {
            "month": "2018-09",
            "price": "51.33",
            "revenue": 875566
        },
        "2018-10": {
            "month": "2018-10",
            "price": "50.21",
            "revenue": 825082
        },
        "2018-11": {
            "month": "2018-11",
            "price": "65.81",
            "revenue": 760938
        },
        "2018-12": {
            "month": "2018-12",
            "price": "75.50",
            "revenue": 697935
        },
        "2019-01": {
            "month": "2019-01",
            "price": "79.16",
            "revenue": 761885
        },
        "2019-02": {
            "month": "2019-02",
            "price": "89.35",
            "revenue": 508929
        },
        "2019-03": {
            "month": "2019-03",
            "price": "88.24",
            "revenue": 609800
        },
        "2019-04": {
            "month": "2019-04",
            "price": "90.02",
            "revenue": 696720
        },
        "2019-05": {
            "month": "2019-05",
            "price": "73.74",
            "revenue": 751925
        },
        "2019-06": {
            "month": "2019-06",
            "price": "72.95",
            "revenue": 733044
        },
        "2019-07": {
            "month": "2019-07",
            "price": "78.20",
            "revenue": 800014
        },
        "2019-08": {
            "month": "2019-08",
            "price": "80.81",
            "revenue": 899157
        },
        "2019-09": {
            "month": "2019-09",
            "price": "83.62",
            "revenue": 1013528
        },
        "2019-10": {
            "month": "2019-10",
            "price": "90.06",
            "revenue": 990009
        },
        "2019-11": {
            "month": "2019-11",
            "price": "91.07",
            "revenue": 875586
        },
        "2019-12": {
            "month": "2019-12",
            "price": "89.88",
            "revenue": 847380
        },
        "2020-01": {
            "month": "2020-01",
            "price": "91.72",
            "revenue": 738588
        },
        "2020-02": {
            "month": "2020-02",
            "price": "86.43",
            "revenue": 496117
        },
        "2020-03": {
            "month": "2020-03",
            "price": "80.36",
            "revenue": 971536
        },
        "2020-04": {
            "month": "2020-04",
            "price": "91.98",
            "revenue": 1039028
        },
        "2020-05": {
            "month": "2020-05",
            "price": "95.46",
            "revenue": 1225041
        },
        "2020-06": {
            "month": "2020-06",
            "price": "119.98",
            "revenue": 1275230
        },
        "2020-07": {
            "month": "2020-07",
            "price": "141.35",
            "revenue": 1465826
        },
        "2020-08": {
            "month": "2020-08",
            "price": "142.69",
            "revenue": 1523422
        },
        "2020-09": {
            "month": "2020-09",
            "price": "151.41",
            "revenue": 1717919
        },
        "2020-10": {
            "month": "2020-10",
            "price": "142.00",
            "revenue": 1431674
        },
        "2020-11": {
            "month": "2020-11",
            "price": "133.57",
            "revenue": 1530932
        },
        "2020-12": {
            "month": "2020-12",
            "price": "135.65",
            "revenue": 1684377
        },
        "2021-01": {
            "month": "2021-01",
            "price": "163.30",
            "revenue": 1335075
        },
        "2021-02": {
            "month": "2021-02",
            "price": "169.46",
            "revenue": 1108792
        },
        "2021-03": {
            "month": "2021-03",
            "price": "181.48",
            "revenue": 1711954
        },
        "2021-04": {
            "month": "2021-04",
            "price": "206.32",
            "revenue": 1712236
        },
        "2021-05": {
            "month": "2021-05",
            "price": "200.43",
            "revenue": 1661074
        },
        "2021-06": {
            "month": "2021-06",
            "price": "203.88",
            "revenue": 1662802
        },
        "2021-07": {
            "month": "2021-07",
            "price": "192.84",
            "revenue": 1663825
        },
        "2021-08": {
            "month": "2021-08",
            "price": "162.82",
            "revenue": 1657778
        },
        "2021-09": {
            "month": "2021-09",
            "price": "154.85",
            "revenue": 1652898
        },
        "2021-10": {
            "month": "2021-10",
            "price": "155.08",
            "revenue": 1401310
        },
        "2021-11": {
            "month": "2021-11",
            "price": "166.09",
            "revenue": 1386698
        },
        "2021-12": {
            "month": "2021-12",
            "price": "163.75",
            "revenue": 1373531
        },
        "2022-01": {
            "month": "2022-01",
            "price": "163.36",
            "revenue": 1335948
        },
        "2022-02": {
            "month": "2022-02",
            "price": "171.67",
            "revenue": 1117014
        },
        "2022-03": {
            "month": "2022-03",
            "price": "167.80",
            "revenue": 1645677
        },
        "2022-04": {
            "month": "2022-04",
            "price": "158.71",
            "revenue": 1257056
        },
        "2022-05": {
            "month": "2022-05",
            "price": "144.95",
            "revenue": 1443740
        },
        "2022-06": {
            "month": "2022-06",
            "price": "143.00",
            "revenue": 1447752
        },
        "2022-07": {
            "month": "2022-07",
            "price": "111.62",
            "revenue": 1076225
        },
        "2022-08": {
            "month": "2022-08",
            "price": "101.35",
            "revenue": 843824
        },
        "2022-09": {
            "month": "2022-09",
            "price": "88.10",
            "revenue": 899145
        },
        "2022-10": {
            "month": "2022-10",
            "price": "81.38",
            "revenue": 691327
        },
        "2022-11": {
            "month": "2022-11",
            "price": "86.64",
            "revenue": 679962
        },
        "2022-12": {
            "month": "2022-12",
            "price": "88.30",
            "revenue": 592814
        },
        "2023-01": {
            "month": "2023-01",
            "price": "92.33",
            "revenue": 814603
        },
        "2023-02": {
            "month": "2023-02",
            "price": "105.61",
            "revenue": 789455
        },
        "2023-03": {
            "month": "2023-03",
            "price": "102.96",
            "revenue": 801080
        },
        "2023-04": {
            "month": "2023-04",
            "price": "98.44",
            "revenue": 1056261
        }
    }
}
