{
    "summary": {
        "stock_name": "敦吉",
        "stock_id": "2459",
        "category": "其他電子",
        "main_business": "電子零組件之買賣<br>安全規格、電磁相容測試與驗證<br>精密模具及射出成型生產製造、車用電子零組件及電子零組件製造",
        "website_url": "http://www.audix.com",
        "ceo": "鍾元凱",
        "pe_ratio": 10,
        "report_year_from": 2001,
        "report_year_to": 2023,
        "age": 22,
        "eps_negative_percentage": 0,
        "eps_growth_avg": {
            "last_all": 5.22,
            "last_2y": 9.17,
            "last_4y": 5.86,
            "last_8y": 8.03,
            "last_12y": 10.43,
            "last_16y": 6.2,
            "last_20y": 5.22,
            "at_2006_last_3y": 3.53,
            "at_2007_last_3y": -1.41,
            "at_2008_last_3y": -12.43,
            "at_2009_last_3y": -7.55,
            "at_2010_last_3y": 6.25,
            "at_2011_last_3y": 10.1,
            "at_2012_last_3y": 18.51,
            "at_2013_last_3y": 15.84,
            "at_2014_last_3y": -1.2,
            "at_2015_last_3y": 4.31,
            "at_2016_last_3y": 7.2,
            "at_2017_last_3y": 10.74,
            "at_2018_last_3y": 3.93,
            "at_2019_last_3y": 4.63,
            "at_2020_last_3y": 3.44,
            "at_2021_last_3y": 5.29,
            "at_2022_last_3y": 7.93,
            "at_2023_last_3y": 7.93,
            "at_2006_last_all": 8.39,
            "at_2007_last_all": 0.99,
            "at_2008_last_all": -4.8,
            "at_2009_last_all": -3.25,
            "at_2010_last_all": 7.44,
            "at_2011_last_all": 4.64,
            "at_2012_last_all": 3.68,
            "at_2013_last_all": 3.11,
            "at_2014_last_all": 4.78,
            "at_2015_last_all": 4.54,
            "at_2016_last_all": 4.62,
            "at_2017_last_all": 5.02,
            "at_2018_last_all": 4.58,
            "at_2019_last_all": 4.56,
            "at_2020_last_all": 4.37,
            "at_2021_last_all": 5.07,
            "at_2022_last_all": 5.22,
            "at_2023_last_all": 5.22
        },
        "latest_eps": 5.43,
        "latest_price": 57,
        "latest_roe": 12.58,
        "latest_gross_margin": 17.31,
        "latest_equity": 5381215,
        "latest_revenue": 1552170,
        "latest_gross_profit": 268731,
        "latest_net_income": 120991,
        "latest_debt_ratio": 42.89,
        "latest_current_ratio": 170.05,
        "latest_account_receivable_turnover_ratio": 0.81,
        "latest_inventory_turnover_ratio": 1.79,
        "latest_reinvestment_rate": -12.82,
        "latest_research_to_sale_ratio": 1.81
    },
    "eps_dividends": {
        "1998": {
            "cash": 0,
            "stock": 10,
            "eps": 0
        },
        "1999": {
            "cash": 1,
            "stock": 1,
            "eps": 0
        },
        "2000": {
            "cash": 0,
            "stock": 3,
            "eps": 0
        },
        "2001": {
            "cash": 1,
            "stock": 3,
            "eps": 3.52
        },
        "2002": {
            "cash": 2,
            "stock": 2,
            "eps": 4.5
        },
        "2003": {
            "cash": 2,
            "stock": 1,
            "eps": 3.77
        },
        "2004": {
            "cash": 2,
            "stock": 1,
            "eps": 3.94
        },
        "2005": {
            "cash": 2,
            "stock": 0,
            "eps": 3.47
        },
        "2006": {
            "cash": 2,
            "stock": 0,
            "eps": 4.78
        },
        "2007": {
            "cash": 2,
            "stock": 0,
            "eps": 3.06
        },
        "2008": {
            "cash": 2,
            "stock": 0,
            "eps": 1.85
        },
        "2009": {
            "cash": 1,
            "stock": 0,
            "eps": 1.99
        },
        "2010": {
            "cash": 2,
            "stock": 0,
            "eps": 3.84
        },
        "2011": {
            "cash": 5,
            "stock": 0,
            "eps": 3.05
        },
        "2012": {
            "cash": 0,
            "stock": 0,
            "eps": 2.87
        },
        "2013": {
            "cash": 2,
            "stock": 0,
            "eps": 2.78
        },
        "2014": {
            "cash": 2,
            "stock": 0,
            "eps": 3.47
        },
        "2015": {
            "cash": 3,
            "stock": 0,
            "eps": 3.52
        },
        "2016": {
            "cash": 3,
            "stock": 0,
            "eps": 3.72
        },
        "2017": {
            "cash": 3,
            "stock": 0,
            "eps": 4.13
        },
        "2018": {
            "cash": 3,
            "stock": 0,
            "eps": 4.03
        },
        "2019": {
            "cash": 3,
            "stock": 0,
            "eps": 4.2
        },
        "2020": {
            "cash": 3,
            "stock": 0,
            "eps": 4.24
        },
        "2021": {
            "cash": 3,
            "stock": 0,
            "eps": 5.02
        },
        "2022": {
            "cash": 4,
            "stock": 0,
            "eps": 5.43
        },
        "2023": {
            "cash": 4,
            "stock": 0,
            "eps": 1.12
        }
    },
    "dividends": {
        "1998-04-15": {
            "cash": 0,
            "stock": 10
        },
        "1999-06-25": {
            "cash": 1,
            "stock": 1
        },
        "2000-04-28": {
            "cash": 0,
            "stock": 3
        },
        "2001-04-20": {
            "cash": 0.7,
            "stock": 2.5
        },
        "2002-06-10": {
            "cash": 1.5,
            "stock": 1.5
        },
        "2003-04-18": {
            "cash": 1.7,
            "stock": 0.95
        },
        "2004-06-15": {
            "cash": 2,
            "stock": 0.8
        },
        "2005-04-26": {
            "cash": 1.95,
            "stock": 0.39
        },
        "2006-05-04": {
            "cash": 2.11,
            "stock": 0.44
        },
        "2007-04-23": {
            "cash": 2.35,
            "stock": 0.15
        },
        "2008-04-21": {
            "cash": 1.65,
            "stock": 0.15
        },
        "2009-04-24": {
            "cash": 1.2,
            "stock": 0
        },
        "2010-04-23": {
            "cash": 1.6,
            "stock": 0
        },
        "2011-01-01": {
            "cash": 1.8,
            "stock": 0
        },
        "2011-04-22": {
            "cash": 2.5,
            "stock": 0
        },
        "2013-04-29": {
            "cash": 2,
            "stock": 0
        },
        "2014-06-11": {
            "cash": 1.5,
            "stock": 0
        },
        "2015-08-27": {
            "cash": 2.5,
            "stock": 0
        },
        "2016-08-26": {
            "cash": 2.5,
            "stock": 0
        },
        "2017-08-04": {
            "cash": 2.6,
            "stock": 0
        },
        "2018-07-30": {
            "cash": 3,
            "stock": 0
        },
        "2019-08-01": {
            "cash": 3,
            "stock": 0
        },
        "2020-07-30": {
            "cash": 3,
            "stock": 0
        },
        "2021-08-05": {
            "cash": 3.3,
            "stock": 0
        },
        "2022-08-04": {
            "cash": 3.5,
            "stock": 0
        },
        "2023-03-17": {
            "cash": 3.8,
            "stock": 0
        }
    },
    "prices": {
        "200101": "無",
        "200102": "無",
        "200103": "無",
        "200104": "無",
        "200105": "無",
        "200106": "無",
        "200107": "無",
        "200108": "無",
        "200109": "34.44",
        "200110": "36.95",
        "200111": "49.01",
        "200112": "58.10",
        "200201": "62.82",
        "200202": "63.25",
        "200203": "61.52",
        "200204": "58.14",
        "200205": "52.31",
        "200206": "52.52",
        "200207": "47.07",
        "200208": "47.26",
        "200209": "44.10",
        "200210": "39.28",
        "200211": "39.96",
        "200212": "37.84",
        "200301": "38.90",
        "200302": "38.73",
        "200303": "39.48",
        "200304": "41.16",
        "200305": "43.09",
        "200306": "51.88",
        "200307": "52.27",
        "200308": "54.60",
        "200309": "53.05",
        "200310": "51.82",
        "200311": "51.95",
        "200312": "52.22",
        "200401": "52.47",
        "200402": "52.32",
        "200403": "52.83",
        "200404": "47.96",
        "200405": "40.62",
        "200406": "39.12",
        "200407": "35.87",
        "200408": "34.40",
        "200409": "33.33",
        "200410": "31.42",
        "200411": "27.90",
        "200412": "25.67",
        "200501": "25.17",
        "200502": "27.55",
        "200503": "29.18",
        "200504": "35.69",
        "200505": "37.93",
        "200506": "39.01",
        "200507": "42.26",
        "200508": "45.58",
        "200509": "43.41",
        "200510": "43.88",
        "200511": "40.40",
        "200512": "45.00",
        "200601": "43.44",
        "200602": "41.81",
        "200603": "45.56",
        "200604": "51.24",
        "200605": "54.22",
        "200606": "40.45",
        "200607": "44.69",
        "200608": "47.86",
        "200609": "42.68",
        "200610": "40.63",
        "200611": "41.39",
        "200612": "41.03",
        "200701": "40.95",
        "200702": "40.02",
        "200703": "37.90",
        "200704": "40.01",
        "200705": "37.58",
        "200706": "38.31",
        "200707": "39.72",
        "200708": "32.69",
        "200709": "31.70",
        "200710": "33.40",
        "200711": "28.85",
        "200712": "24.80",
        "200801": "23.07",
        "200802": "22.97",
        "200803": "25.38",
        "200804": "26.70",
        "200805": "25.66",
        "200806": "22.74",
        "200807": "19.75",
        "200808": "17.61",
        "200809": "14.66",
        "200810": "12.08",
        "200811": "10.90",
        "200812": "10.78",
        "200901": "11.10",
        "200902": "11.04",
        "200903": "12.48",
        "200904": "14.85",
        "200905": "16.20",
        "200906": "16.18",
        "200907": "16.38",
        "200908": "17.64",
        "200909": "18.57",
        "200910": "20.33",
        "200911": "20.70",
        "200912": "22.86",
        "201001": "23.30",
        "201002": "21.45",
        "201003": "23.19",
        "201004": "24.80",
        "201005": "24.01",
        "201006": "23.61",
        "201007": "23.40",
        "201008": "27.60",
        "201009": "29.37",
        "201010": "29.23",
        "201011": "28.71",
        "201012": "34.52",
        "201101": "34.15",
        "201102": "33.24",
        "201103": "32.07",
        "201104": "33.98",
        "201105": "35.85",
        "201106": "34.68",
        "201107": "33.29",
        "201108": "28.55",
        "201109": "27.44",
        "201110": "27.75",
        "201111": "27.01",
        "201112": "25.31",
        "201201": "26.01",
        "201202": "29.52",
        "201203": "30.48",
        "201204": "27.30",
        "201205": "25.53",
        "201206": "24.84",
        "201207": "25.14",
        "201208": "24.99",
        "201209": "25.03",
        "201210": "23.85",
        "201211": "23.72",
        "201212": "24.14",
        "201301": "24.82",
        "201302": "26.32",
        "201303": "26.77",
        "201304": "26.66",
        "201305": "27.24",
        "201306": "27.18",
        "201307": "27.78",
        "201308": "27.12",
        "201309": "27.31",
        "201310": "29.91",
        "201311": "31.48",
        "201312": "31.65",
        "201401": "31.52",
        "201402": "29.73",
        "201403": "29.90",
        "201404": "29.79",
        "201405": "29.53",
        "201406": "30.01",
        "201407": "32.94",
        "201408": "36.07",
        "201409": "38.66",
        "201410": "41.03",
        "201411": "38.70",
        "201412": "39.84",
        "201501": "41.80",
        "201502": "43.05",
        "201503": "43.38",
        "201504": "41.57",
        "201505": "39.91",
        "201506": "38.02",
        "201507": "34.48",
        "201508": "30.66",
        "201509": "31.64",
        "201510": "34.02",
        "201511": "33.86",
        "201512": "32.22",
        "201601": "31.15",
        "201602": "32.70",
        "201603": "33.57",
        "201604": "33.65",
        "201605": "33.19",
        "201606": "33.82",
        "201607": "35.33",
        "201608": "35.44",
        "201609": "34.92",
        "201610": "35.19",
        "201611": "35.76",
        "201612": "35.63",
        "201701": "35.44",
        "201702": "37.24",
        "201703": "40.38",
        "201704": "41.93",
        "201705": "42.10",
        "201706": "40.65",
        "201707": "37.93",
        "201708": "39.25",
        "201709": "40.49",
        "201710": "42.62",
        "201711": "44.08",
        "201712": "43.09",
        "201801": "43.04",
        "201802": "42.45",
        "201803": "43.32",
        "201804": "43.14",
        "201805": "41.93",
        "201806": "42.10",
        "201807": "37.72",
        "201808": "37.66",
        "201809": "36.99",
        "201810": "34.96",
        "201811": "35.85",
        "201812": "35.95",
        "201901": "36.18",
        "201902": "38.20",
        "201903": "39.02",
        "201904": "39.37",
        "201905": "38.71",
        "201906": "38.62",
        "201907": "37.80",
        "201908": "36.45",
        "201909": "37.21",
        "201910": "38.68",
        "201911": "41.05",
        "201912": "42.37",
        "202001": "42.93",
        "202002": "41.28",
        "202003": "37.95",
        "202004": "39.18",
        "202005": "40.53",
        "202006": "41.12",
        "202007": "39.57",
        "202008": "40.15",
        "202009": "41.07",
        "202010": "43.66",
        "202011": "45.50",
        "202012": "45.76",
        "202101": "45.78",
        "202102": "46.47",
        "202103": "51.55",
        "202104": "56.69",
        "202105": "53.31",
        "202106": "54.94",
        "202107": "54.99",
        "202108": "53.96",
        "202109": "54.25",
        "202110": "53.98",
        "202111": "58.38",
        "202112": "59.01",
        "202201": "58.51",
        "202202": "57.76",
        "202203": "57.09",
        "202204": "53.33",
        "202205": "50.49",
        "202206": "50.73",
        "202207": "47.38",
        "202208": "49.38",
        "202209": "51.15",
        "202210": "50.48",
        "202211": "51.27",
        "202212": "52.00",
        "202301": "52.15",
        "202302": "54.62",
        "202303": "56.95",
        "202304": "56.87",
        "202305": "56.89"
    },
    "quarters": {
        "20011": {
            "year_quarter": 20011,
            "year": 2001,
            "quarter": 1,
            "eps": 1.14,
            "eps_growth_year": -2.56,
            "eps_4q": 4.84,
            "eps_4q_growth_year": 28.45,
            "roe": 5.31,
            "roe_4q": 5.31,
            "gross_profit": 86876,
            "gross_margin": 15.89,
            "gross_margin_4q_avg": 15.89,
            "net_income": 68975,
            "revenue": 546816,
            "common_shares": 606000,
            "book_valuer_per_share": 21.99,
            "book_valuer_per_share_4q_avg": 21.99,
            "equity": 1332858,
            "current_ratio": 141.66,
            "debt_ratio": 34.81,
            "inventory_turnover_ratio": 2.02,
            "account_receivable_turnover_ratio": null,
            "reinvestment_rate": null,
            "research_to_sale_ratio": null,
            "price_fair": 0,
            "eps_avg_yearly": 0,
            "eps_latest_yearly": 0,
            "eps_growth_yearly": 0
        },
        "20012": {
            "year_quarter": 20012,
            "year": 2001,
            "quarter": 2,
            "eps": 0.94,
            "eps_growth_year": -24.19,
            "eps_4q": 3.77,
            "eps_4q_growth_year": 3.58,
            "roe": 5.31,
            "roe_4q": 10.62,
            "gross_profit": 91128,
            "gross_margin": 12.68,
            "gross_margin_4q_avg": 14.29,
            "net_income": 72332,
            "revenue": 718400,
            "common_shares": 768000,
            "book_valuer_per_share": 18.09,
            "book_valuer_per_share_4q_avg": 20.04,
            "equity": 1389581,
            "current_ratio": 138.12,
            "debt_ratio": 35.55,
            "inventory_turnover_ratio": 4.76,
            "account_receivable_turnover_ratio": null,
            "reinvestment_rate": null,
            "research_to_sale_ratio": null,
            "price_fair": 0,
            "eps_avg_yearly": 0,
            "eps_latest_yearly": 0,
            "eps_growth_yearly": 0
        },
        "20013": {
            "year_quarter": 20013,
            "year": 2001,
            "quarter": 3,
            "eps": 0.87,
            "eps_growth_year": -40.82,
            "eps_4q": 3.5,
            "eps_4q_growth_year": -19.36,
            "roe": 4.67,
            "roe_4q": 15.29,
            "gross_profit": 89477,
            "gross_margin": 12.55,
            "gross_margin_4q_avg": 13.71,
            "net_income": 66531,
            "revenue": 712785,
            "common_shares": 768000,
            "book_valuer_per_share": 18.99,
            "book_valuer_per_share_4q_avg": 19.69,
            "equity": 1458541,
            "current_ratio": 159.37,
            "debt_ratio": 29.78,
            "inventory_turnover_ratio": 5.1,
            "account_receivable_turnover_ratio": null,
            "reinvestment_rate": null,
            "research_to_sale_ratio": null,
            "price_fair": 0,
            "eps_avg_yearly": 0,
            "eps_latest_yearly": 0,
            "eps_growth_yearly": 0
        },
        "20014": {
            "year_quarter": 20014,
            "year": 2001,
            "quarter": 4,
            "eps": 0.57,
            "eps_growth_year": -42.42,
            "eps_4q": 3.29,
            "eps_4q_growth_year": -28.65,
            "roe": 2.94,
            "roe_4q": 18.229999999999997,
            "gross_profit": 66434,
            "gross_margin": 8.92,
            "gross_margin_4q_avg": 12.51,
            "net_income": 43617,
            "revenue": 744376,
            "common_shares": 768000,
            "book_valuer_per_share": 19.69,
            "book_valuer_per_share_4q_avg": 19.69,
            "equity": 1511817,
            "current_ratio": 153.51,
            "debt_ratio": 40.23,
            "inventory_turnover_ratio": 4.01,
            "account_receivable_turnover_ratio": null,
            "reinvestment_rate": null,
            "research_to_sale_ratio": null,
            "price_fair": 0,
            "eps_avg_yearly": 0,
            "eps_latest_yearly": 0,
            "eps_growth_yearly": 0
        },
        "20021": {
            "year_quarter": 20021,
            "year": 2002,
            "quarter": 1,
            "eps": 0.69,
            "eps_growth_year": -39.47,
            "eps_4q": 3.05,
            "eps_4q_growth_year": -36.87,
            "roe": 3.46,
            "roe_4q": 16.38,
            "gross_profit": 74363,
            "gross_margin": 10.9,
            "gross_margin_4q_avg": 11.26,
            "net_income": 53250,
            "revenue": 681986,
            "common_shares": 768000,
            "book_valuer_per_share": 20.38,
            "book_valuer_per_share_4q_avg": 19.29,
            "equity": 1565097,
            "current_ratio": 133.23,
            "debt_ratio": 33.98,
            "inventory_turnover_ratio": 3.91,
            "account_receivable_turnover_ratio": null,
            "reinvestment_rate": null,
            "research_to_sale_ratio": null,
            "price_fair": 96.6,
            "eps_avg_yearly": 2.76,
            "eps_latest_yearly": 2.76,
            "eps_growth_yearly": 84.21
        },
        "20022": {
            "year_quarter": 20022,
            "year": 2002,
            "quarter": 2,
            "eps": 0.66,
            "eps_growth_year": -29.79,
            "eps_4q": 2.46,
            "eps_4q_growth_year": -34.57,
            "roe": 3.94,
            "roe_4q": 15.01,
            "gross_profit": 87587,
            "gross_margin": 8.42,
            "gross_margin_4q_avg": 10.2,
            "net_income": 59758,
            "revenue": 1039761,
            "common_shares": 768000,
            "book_valuer_per_share": 19.16,
            "book_valuer_per_share_4q_avg": 19.56,
            "equity": 1471148,
            "current_ratio": 181.59,
            "debt_ratio": 57.03,
            "inventory_turnover_ratio": 10.23,
            "account_receivable_turnover_ratio": null,
            "reinvestment_rate": null,
            "research_to_sale_ratio": null,
            "price_fair": 94.5,
            "eps_avg_yearly": 2.7,
            "eps_latest_yearly": 2.64,
            "eps_growth_yearly": 33.41
        },
        "20023": {
            "year_quarter": 20023,
            "year": 2002,
            "quarter": 3,
            "eps": 1.21,
            "eps_growth_year": 39.08,
            "eps_4q": 2.95,
            "eps_4q_growth_year": -15.68,
            "roe": 7.03,
            "roe_4q": 17.37,
            "gross_profit": 89418,
            "gross_margin": 6.89,
            "gross_margin_4q_avg": 8.78,
            "net_income": 108873,
            "revenue": 1297603,
            "common_shares": 900000,
            "book_valuer_per_share": 18.06,
            "book_valuer_per_share_4q_avg": 19.32,
            "equity": 1624979,
            "current_ratio": 147.51,
            "debt_ratio": 55.85,
            "inventory_turnover_ratio": 12.46,
            "account_receivable_turnover_ratio": null,
            "reinvestment_rate": null,
            "research_to_sale_ratio": null,
            "price_fair": 119.47,
            "eps_avg_yearly": 3.41,
            "eps_latest_yearly": 4.84,
            "eps_growth_yearly": 133.38
        },
        "20024": {
            "year_quarter": 20024,
            "year": 2002,
            "quarter": 4,
            "eps": 1.94,
            "eps_growth_year": 240.35,
            "eps_4q": 4.41,
            "eps_4q_growth_year": 34.1,
            "roe": 10.21,
            "roe_4q": 24.640000000000004,
            "gross_profit": 106408,
            "gross_margin": 8.81,
            "gross_margin_4q_avg": 8.76,
            "net_income": 174517,
            "revenue": 1207222,
            "common_shares": 900000,
            "book_valuer_per_share": 19.92,
            "book_valuer_per_share_4q_avg": 19.38,
            "equity": 1793014,
            "current_ratio": 208.84,
            "debt_ratio": 52.26,
            "inventory_turnover_ratio": 5.74,
            "account_receivable_turnover_ratio": null,
            "reinvestment_rate": 34.48,
            "research_to_sale_ratio": null,
            "price_fair": 157.5,
            "eps_avg_yearly": 4.5,
            "eps_latest_yearly": 7.76,
            "eps_growth_yearly": 160.37
        },
        "20031": {
            "year_quarter": 20031,
            "year": 2003,
            "quarter": 1,
            "eps": 0.91,
            "eps_growth_year": 31.88,
            "eps_4q": 4.72,
            "eps_4q_growth_year": 54.47,
            "roe": 4.47,
            "roe_4q": 25.650000000000002,
            "gross_profit": 131906,
            "gross_margin": 11.5,
            "gross_margin_4q_avg": 8.91,
            "net_income": 81998,
            "revenue": 1147049,
            "common_shares": 900000,
            "book_valuer_per_share": 20.83,
            "book_valuer_per_share_4q_avg": 19.49,
            "equity": 1875050,
            "current_ratio": 159.47,
            "debt_ratio": 49.12,
            "inventory_turnover_ratio": 5.38,
            "account_receivable_turnover_ratio": null,
            "reinvestment_rate": -0.58,
            "research_to_sale_ratio": null,
            "price_fair": 151.48,
            "eps_avg_yearly": 4.33,
            "eps_latest_yearly": 3.64,
            "eps_growth_yearly": 85.82
        },
        "20032": {
            "year_quarter": 20032,
            "year": 2003,
            "quarter": 2,
            "eps": 0.82,
            "eps_growth_year": 24.24,
            "eps_4q": 4.46,
            "eps_4q_growth_year": 81,
            "roe": 4.23,
            "roe_4q": 25.94,
            "gross_profit": 119051,
            "gross_margin": 8.89,
            "gross_margin_4q_avg": 9.02,
            "net_income": 82287,
            "revenue": 1338876,
            "common_shares": 951562,
            "book_valuer_per_share": 21.17,
            "book_valuer_per_share_4q_avg": 20,
            "equity": 2014205,
            "current_ratio": 146.25,
            "debt_ratio": 43.67,
            "inventory_turnover_ratio": 14.21,
            "account_receivable_turnover_ratio": null,
            "reinvestment_rate": -1.66,
            "research_to_sale_ratio": null,
            "price_fair": 145.37,
            "eps_avg_yearly": 4.15,
            "eps_latest_yearly": 3.28,
            "eps_growth_yearly": 64.92
        },
        "20033": {
            "year_quarter": 20033,
            "year": 2003,
            "quarter": 3,
            "eps": 1.32,
            "eps_growth_year": 9.09,
            "eps_4q": 4.62,
            "eps_4q_growth_year": 56.64,
            "roe": 6.34,
            "roe_4q": 25.25,
            "gross_profit": 130425,
            "gross_margin": 8.23,
            "gross_margin_4q_avg": 9.36,
            "net_income": 135434,
            "revenue": 1585159,
            "common_shares": 1094556,
            "book_valuer_per_share": 20.63,
            "book_valuer_per_share_4q_avg": 20.64,
            "equity": 2257940,
            "current_ratio": 158.55,
            "debt_ratio": 38.41,
            "inventory_turnover_ratio": 20.26,
            "account_receivable_turnover_ratio": null,
            "reinvestment_rate": -3.02,
            "research_to_sale_ratio": null,
            "price_fair": 151,
            "eps_avg_yearly": 4.31,
            "eps_latest_yearly": 5.28,
            "eps_growth_yearly": 90.49
        },
        "20034": {
            "year_quarter": 20034,
            "year": 2003,
            "quarter": 4,
            "eps": 0.72,
            "eps_growth_year": -62.89,
            "eps_4q": 3.56,
            "eps_4q_growth_year": -19.11,
            "roe": 3.24,
            "roe_4q": 18.28,
            "gross_profit": 140190,
            "gross_margin": 6.61,
            "gross_margin_4q_avg": 8.81,
            "net_income": 75871,
            "revenue": 2120324,
            "common_shares": 1101242,
            "book_valuer_per_share": 21.47,
            "book_valuer_per_share_4q_avg": 21.03,
            "equity": 2429270,
            "current_ratio": 150.42,
            "debt_ratio": 52.2,
            "inventory_turnover_ratio": 8.29,
            "account_receivable_turnover_ratio": null,
            "reinvestment_rate": 60.01,
            "research_to_sale_ratio": null,
            "price_fair": 144.73,
            "eps_avg_yearly": 4.14,
            "eps_latest_yearly": 2.88,
            "eps_growth_yearly": 56.45
        },
        "20041": {
            "year_quarter": 20041,
            "year": 2004,
            "quarter": 1,
            "eps": 0.97,
            "eps_growth_year": 6.59,
            "eps_4q": 3.64,
            "eps_4q_growth_year": -22.95,
            "roe": 4.38,
            "roe_4q": 18.19,
            "gross_profit": 102737,
            "gross_margin": 6.45,
            "gross_margin_4q_avg": 7.55,
            "net_income": 106844,
            "revenue": 1592418,
            "common_shares": 1108976,
            "book_valuer_per_share": 22.05,
            "book_valuer_per_share_4q_avg": 21.33,
            "equity": 2445081,
            "current_ratio": 159.92,
            "debt_ratio": 38.2,
            "inventory_turnover_ratio": 5.73,
            "account_receivable_turnover_ratio": null,
            "reinvestment_rate": -2.96,
            "research_to_sale_ratio": null,
            "price_fair": 143.73,
            "eps_avg_yearly": 4.11,
            "eps_latest_yearly": 3.88,
            "eps_growth_yearly": 65.61
        },
        "20042": {
            "year_quarter": 20042,
            "year": 2004,
            "quarter": 2,
            "eps": 1.48,
            "eps_growth_year": 80.49,
            "eps_4q": 4.36,
            "eps_4q_growth_year": -2.34,
            "roe": 6.85,
            "roe_4q": 20.810000000000002,
            "gross_profit": 111779,
            "gross_margin": 6.55,
            "gross_margin_4q_avg": 6.96,
            "net_income": 163690,
            "revenue": 1707004,
            "common_shares": 1109268,
            "book_valuer_per_share": 21.07,
            "book_valuer_per_share_4q_avg": 21.31,
            "equity": 2336896,
            "current_ratio": 98.56,
            "debt_ratio": 42.26,
            "inventory_turnover_ratio": 14.75,
            "account_receivable_turnover_ratio": null,
            "reinvestment_rate": -2.2,
            "research_to_sale_ratio": null,
            "price_fair": 150.08,
            "eps_avg_yearly": 4.29,
            "eps_latest_yearly": 5.92,
            "eps_growth_yearly": 80.08
        },
        "20043": {
            "year_quarter": 20043,
            "year": 2004,
            "quarter": 3,
            "eps": 0.81,
            "eps_growth_year": -38.64,
            "eps_4q": 3.7,
            "eps_4q_growth_year": -19.87,
            "roe": 4.06,
            "roe_4q": 18.53,
            "gross_profit": 107808,
            "gross_margin": 7.54,
            "gross_margin_4q_avg": 6.79,
            "net_income": 96969,
            "revenue": 1430501,
            "common_shares": 1194357,
            "book_valuer_per_share": 20.47,
            "book_valuer_per_share_4q_avg": 21.27,
            "equity": 2444692,
            "current_ratio": 101.58,
            "debt_ratio": 41.44,
            "inventory_turnover_ratio": 9.06,
            "account_receivable_turnover_ratio": null,
            "reinvestment_rate": -2.82,
            "research_to_sale_ratio": null,
            "price_fair": 146.75,
            "eps_avg_yearly": 4.19,
            "eps_latest_yearly": 3.24,
            "eps_growth_yearly": 56.34
        },
        "20044": {
            "year_quarter": 20044,
            "year": 2004,
            "quarter": 4,
            "eps": 0.68,
            "eps_growth_year": -5.56,
            "eps_4q": 3.7,
            "eps_4q_growth_year": 3.84,
            "roe": 3.34,
            "roe_4q": 18.63,
            "gross_profit": 109973,
            "gross_margin": 8.33,
            "gross_margin_4q_avg": 7.22,
            "net_income": 82720,
            "revenue": 1320924,
            "common_shares": 1195161,
            "book_valuer_per_share": 19.99,
            "book_valuer_per_share_4q_avg": 20.9,
            "equity": 2504144,
            "current_ratio": 137.7,
            "debt_ratio": 45.34,
            "inventory_turnover_ratio": 3.38,
            "account_receivable_turnover_ratio": null,
            "reinvestment_rate": 51.75,
            "research_to_sale_ratio": null,
            "price_fair": 142.45,
            "eps_avg_yearly": 4.07,
            "eps_latest_yearly": 2.72,
            "eps_growth_yearly": 46.3
        },
        "20051": {
            "year_quarter": 20051,
            "year": 2005,
            "quarter": 1,
            "eps": 0.61,
            "eps_growth_year": -37.11,
            "eps_4q": 3.46,
            "eps_4q_growth_year": -4.72,
            "roe": 2.97,
            "roe_4q": 17.22,
            "gross_profit": 82331,
            "gross_margin": 7.48,
            "gross_margin_4q_avg": 7.48,
            "net_income": 73399,
            "revenue": 1100356,
            "common_shares": 1195385,
            "book_valuer_per_share": 20.43,
            "book_valuer_per_share_4q_avg": 20.49,
            "equity": 2442456,
            "current_ratio": 130.53,
            "debt_ratio": 34.66,
            "inventory_turnover_ratio": 3.11,
            "account_receivable_turnover_ratio": null,
            "reinvestment_rate": -5.3,
            "research_to_sale_ratio": null,
            "price_fair": 138.06,
            "eps_avg_yearly": 3.94,
            "eps_latest_yearly": 2.44,
            "eps_growth_yearly": 39.57
        },
        "20052": {
            "year_quarter": 20052,
            "year": 2005,
            "quarter": 2,
            "eps": 0.92,
            "eps_growth_year": -37.84,
            "eps_4q": 3.04,
            "eps_4q_growth_year": -30.2,
            "roe": 4.6,
            "roe_4q": 14.969999999999999,
            "gross_profit": 93855,
            "gross_margin": 6.75,
            "gross_margin_4q_avg": 7.53,
            "net_income": 109789,
            "revenue": 1391232,
            "common_shares": 1202866,
            "book_valuer_per_share": 19.4,
            "book_valuer_per_share_4q_avg": 20.07,
            "equity": 2333181,
            "current_ratio": 100.26,
            "debt_ratio": 44.16,
            "inventory_turnover_ratio": 11.9,
            "account_receivable_turnover_ratio": null,
            "reinvestment_rate": -5.23,
            "research_to_sale_ratio": null,
            "price_fair": 137.4,
            "eps_avg_yearly": 3.93,
            "eps_latest_yearly": 3.68,
            "eps_growth_yearly": 51.26
        },
        "20053": {
            "year_quarter": 20053,
            "year": 2005,
            "quarter": 3,
            "eps": 1.04,
            "eps_growth_year": 28.4,
            "eps_4q": 3.14,
            "eps_4q_growth_year": -15.3,
            "roe": 5.22,
            "roe_4q": 16.130000000000003,
            "gross_profit": 101365,
            "gross_margin": 6.2,
            "gross_margin_4q_avg": 7.19,
            "net_income": 131872,
            "revenue": 1636067,
            "common_shares": 1307762,
            "book_valuer_per_share": 20.76,
            "book_valuer_per_share_4q_avg": 20.15,
            "equity": 2714915,
            "current_ratio": 113.86,
            "debt_ratio": 34.01,
            "inventory_turnover_ratio": 18.62,
            "account_receivable_turnover_ratio": null,
            "reinvestment_rate": -4.97,
            "research_to_sale_ratio": null,
            "price_fair": 137.95,
            "eps_avg_yearly": 3.94,
            "eps_latest_yearly": 4.16,
            "eps_growth_yearly": 51.32
        },
        "20054": {
            "year_quarter": 20054,
            "year": 2005,
            "quarter": 4,
            "eps": 0.9,
            "eps_growth_year": 32.35,
            "eps_4q": 3.37,
            "eps_4q_growth_year": -8.9,
            "roe": 4,
            "roe_4q": 16.79,
            "gross_profit": 123611,
            "gross_margin": 7.25,
            "gross_margin_4q_avg": 6.92,
            "net_income": 114720,
            "revenue": 1703827,
            "common_shares": 1307762,
            "book_valuer_per_share": 22.03,
            "book_valuer_per_share_4q_avg": 20.66,
            "equity": 3018186,
            "current_ratio": 142.34,
            "debt_ratio": 46.69,
            "inventory_turnover_ratio": 5.8,
            "account_receivable_turnover_ratio": null,
            "reinvestment_rate": 46.87,
            "research_to_sale_ratio": null,
            "price_fair": 137.2,
            "eps_avg_yearly": 3.92,
            "eps_latest_yearly": 3.6,
            "eps_growth_yearly": 44.75
        },
        "20061": {
            "year_quarter": 20061,
            "year": 2006,
            "quarter": 1,
            "eps": 1.45,
            "eps_growth_year": 137.7,
            "eps_4q": 4.14,
            "eps_4q_growth_year": 19.46,
            "roe": 6.3,
            "roe_4q": 20.119999999999997,
            "gross_profit": 103055,
            "gross_margin": 7.06,
            "gross_margin_4q_avg": 6.82,
            "net_income": 192260,
            "revenue": 1459993,
            "common_shares": 1327450,
            "book_valuer_per_share": 23.26,
            "book_valuer_per_share_4q_avg": 21.36,
            "equity": 3087723,
            "current_ratio": 130.33,
            "debt_ratio": 30.33,
            "inventory_turnover_ratio": 4.9,
            "account_receivable_turnover_ratio": null,
            "reinvestment_rate": -4.19,
            "research_to_sale_ratio": null,
            "price_fair": 143.85,
            "eps_avg_yearly": 4.11,
            "eps_latest_yearly": 5.8,
            "eps_growth_yearly": 54.76
        },
        "20062": {
            "year_quarter": 20062,
            "year": 2006,
            "quarter": 2,
            "eps": 1.48,
            "eps_growth_year": 60.87,
            "eps_4q": 4.79,
            "eps_4q_growth_year": 57.67,
            "roe": 6.35,
            "roe_4q": 21.869999999999997,
            "gross_profit": 117509,
            "gross_margin": 8.37,
            "gross_margin_4q_avg": 7.22,
            "net_income": 195970,
            "revenue": 1404626,
            "common_shares": 1327450,
            "book_valuer_per_share": 23.24,
            "book_valuer_per_share_4q_avg": 22.32,
            "equity": 3085010,
            "current_ratio": 112.76,
            "debt_ratio": 36.68,
            "inventory_turnover_ratio": 14.78,
            "account_receivable_turnover_ratio": null,
            "reinvestment_rate": -4.12,
            "research_to_sale_ratio": null,
            "price_fair": 151.03,
            "eps_avg_yearly": 4.32,
            "eps_latest_yearly": 5.92,
            "eps_growth_yearly": 56.37
        },
        "20063": {
            "year_quarter": 20063,
            "year": 2006,
            "quarter": 3,
            "eps": 1.22,
            "eps_growth_year": 17.31,
            "eps_4q": 4.77,
            "eps_4q_growth_year": 52.06,
            "roe": 5.45,
            "roe_4q": 22.1,
            "gross_profit": 101955,
            "gross_margin": 6.89,
            "gross_margin_4q_avg": 7.39,
            "net_income": 172829,
            "revenue": 1479327,
            "common_shares": 1425424,
            "book_valuer_per_share": 22.86,
            "book_valuer_per_share_4q_avg": 22.85,
            "equity": 3258016,
            "current_ratio": 126.36,
            "debt_ratio": 30.27,
            "inventory_turnover_ratio": 12.11,
            "account_receivable_turnover_ratio": null,
            "reinvestment_rate": -5.73,
            "research_to_sale_ratio": null,
            "price_fair": 151.11,
            "eps_avg_yearly": 4.32,
            "eps_latest_yearly": 4.88,
            "eps_growth_yearly": 31.14
        },
        "20064": {
            "year_quarter": 20064,
            "year": 2006,
            "quarter": 4,
            "eps": 0.63,
            "eps_growth_year": -30,
            "eps_4q": 4.6,
            "eps_4q_growth_year": 36.4,
            "roe": 2.55,
            "roe_4q": 20.65,
            "gross_profit": 75990,
            "gross_margin": 6.2,
            "gross_margin_4q_avg": 7.13,
            "net_income": 89058,
            "revenue": 1225510,
            "common_shares": 1433500,
            "book_valuer_per_share": 24.36,
            "book_valuer_per_share_4q_avg": 23.43,
            "equity": 3713694,
            "current_ratio": 149.33,
            "debt_ratio": 44.4,
            "inventory_turnover_ratio": 3.44,
            "account_receivable_turnover_ratio": null,
            "reinvestment_rate": 49.43,
            "research_to_sale_ratio": null,
            "price_fair": 55.74,
            "eps_avg_yearly": 3.99,
            "eps_latest_yearly": 2.52,
            "eps_growth_yearly": 3.97
        },
        "20071": {
            "year_quarter": 20071,
            "year": 2007,
            "quarter": 1,
            "eps": 0.61,
            "eps_growth_year": -57.93,
            "eps_4q": 3.76,
            "eps_4q_growth_year": -9.08,
            "roe": 2.41,
            "roe_4q": 16.759999999999998,
            "gross_profit": 50505,
            "gross_margin": 5.91,
            "gross_margin_4q_avg": 6.84,
            "net_income": 88612,
            "revenue": 853946,
            "common_shares": 1447406,
            "book_valuer_per_share": 25.18,
            "book_valuer_per_share_4q_avg": 23.91,
            "equity": 3643864,
            "current_ratio": 173.6,
            "debt_ratio": 21.93,
            "inventory_turnover_ratio": 2.32,
            "account_receivable_turnover_ratio": null,
            "reinvestment_rate": -5,
            "research_to_sale_ratio": null,
            "price_fair": 103.55,
            "eps_avg_yearly": 3.92,
            "eps_latest_yearly": 2.44,
            "eps_growth_yearly": 16.45
        },
        "20072": {
            "year_quarter": 20072,
            "year": 2007,
            "quarter": 2,
            "eps": 0.66,
            "eps_growth_year": -55.41,
            "eps_4q": 3.03,
            "eps_4q_growth_year": -36.76,
            "roe": 2.75,
            "roe_4q": 13.16,
            "gross_profit": 67900,
            "gross_margin": 5.04,
            "gross_margin_4q_avg": 6.01,
            "net_income": 97531,
            "revenue": 1346940,
            "common_shares": 1450656,
            "book_valuer_per_share": 23.82,
            "book_valuer_per_share_4q_avg": 24.06,
            "equity": 3455544,
            "current_ratio": 126.25,
            "debt_ratio": 31.56,
            "inventory_turnover_ratio": 7.45,
            "account_receivable_turnover_ratio": null,
            "reinvestment_rate": -5.11,
            "research_to_sale_ratio": null,
            "price_fair": 120.01,
            "eps_avg_yearly": 3.88,
            "eps_latest_yearly": 2.64,
            "eps_growth_yearly": 20.97
        },
        "20073": {
            "year_quarter": 20073,
            "year": 2007,
            "quarter": 3,
            "eps": 0.86,
            "eps_growth_year": -29.51,
            "eps_4q": 2.69,
            "eps_4q_growth_year": -43.63,
            "roe": 3.67,
            "roe_4q": 11.379999999999999,
            "gross_profit": 98502,
            "gross_margin": 4.99,
            "gross_margin_4q_avg": 5.54,
            "net_income": 129396,
            "revenue": 1972233,
            "common_shares": 1525106,
            "book_valuer_per_share": 23.62,
            "book_valuer_per_share_4q_avg": 24.25,
            "equity": 3602673,
            "current_ratio": 116.45,
            "debt_ratio": 33.38,
            "inventory_turnover_ratio": 11.79,
            "account_receivable_turnover_ratio": null,
            "reinvestment_rate": -4.93,
            "research_to_sale_ratio": null,
            "price_fair": 87.62,
            "eps_avg_yearly": 3.76,
            "eps_latest_yearly": 3.44,
            "eps_growth_yearly": 13.3
        },
        "20074": {
            "year_quarter": 20074,
            "year": 2007,
            "quarter": 4,
            "eps": 0.93,
            "eps_growth_year": 47.62,
            "eps_4q": 3.02,
            "eps_4q_growth_year": -34.26,
            "roe": 3.65,
            "roe_4q": 12.48,
            "gross_profit": 97467,
            "gross_margin": 5.25,
            "gross_margin_4q_avg": 5.3,
            "net_income": 140192,
            "revenue": 1857303,
            "common_shares": 1530106,
            "book_valuer_per_share": 24.63,
            "book_valuer_per_share_4q_avg": 24.31,
            "equity": 4070640,
            "current_ratio": 142.16,
            "debt_ratio": 47.84,
            "inventory_turnover_ratio": 4.42,
            "account_receivable_turnover_ratio": null,
            "reinvestment_rate": 31.03,
            "research_to_sale_ratio": null,
            "price_fair": 133.44,
            "eps_avg_yearly": 3.81,
            "eps_latest_yearly": 3.72,
            "eps_growth_yearly": 26.7
        },
        "20081": {
            "year_quarter": 20081,
            "year": 2008,
            "quarter": 1,
            "eps": 0.45,
            "eps_growth_year": -26.23,
            "eps_4q": 2.43,
            "eps_4q_growth_year": -35.42,
            "roe": 1.99,
            "roe_4q": 12.059999999999999,
            "gross_profit": 240787,
            "gross_margin": 8.4,
            "gross_margin_4q_avg": 5.92,
            "net_income": 80657,
            "revenue": 2866008,
            "common_shares": 1530106,
            "book_valuer_per_share": 24.56,
            "book_valuer_per_share_4q_avg": 24.16,
            "equity": 4046309,
            "current_ratio": 158.91,
            "debt_ratio": 41.04,
            "inventory_turnover_ratio": 3.94,
            "account_receivable_turnover_ratio": null,
            "reinvestment_rate": 85.22,
            "research_to_sale_ratio": null,
            "price_fair": 55.67,
            "eps_avg_yearly": 3.68,
            "eps_latest_yearly": 1.8,
            "eps_growth_yearly": 5.12
        },
        "20082": {
            "year_quarter": 20082,
            "year": 2008,
            "quarter": 2,
            "eps": 0.4,
            "eps_growth_year": -39.39,
            "eps_4q": 2.31,
            "eps_4q_growth_year": -23.65,
            "roe": 1.73,
            "roe_4q": 11.04,
            "gross_profit": 257690,
            "gross_margin": 8.68,
            "gross_margin_4q_avg": 6.83,
            "net_income": 68859,
            "revenue": 2969419,
            "common_shares": 1530106,
            "book_valuer_per_share": 23.67,
            "book_valuer_per_share_4q_avg": 24.12,
            "equity": 3924567,
            "current_ratio": 144.78,
            "debt_ratio": 46.32,
            "inventory_turnover_ratio": 4,
            "account_receivable_turnover_ratio": null,
            "reinvestment_rate": 89.91,
            "research_to_sale_ratio": null,
            "price_fair": 10.24,
            "eps_avg_yearly": 3.41,
            "eps_latest_yearly": 1.6,
            "eps_growth_yearly": -10.8
        },
        "20083": {
            "year_quarter": 20083,
            "year": 2008,
            "quarter": 3,
            "eps": 0.87,
            "eps_growth_year": 1.16,
            "eps_4q": 2.36,
            "eps_4q_growth_year": -12.11,
            "roe": 3.63,
            "roe_4q": 11,
            "gross_profit": 324454,
            "gross_margin": 9.14,
            "gross_margin_4q_avg": 7.87,
            "net_income": 148725,
            "revenue": 3549175,
            "common_shares": 1570758,
            "book_valuer_per_share": 25.05,
            "book_valuer_per_share_4q_avg": 24.48,
            "equity": 4268652,
            "current_ratio": 148.03,
            "debt_ratio": 45.6,
            "inventory_turnover_ratio": 4.7,
            "account_receivable_turnover_ratio": null,
            "reinvestment_rate": 93.27,
            "research_to_sale_ratio": null,
            "price_fair": 119.96,
            "eps_avg_yearly": 3.43,
            "eps_latest_yearly": 3.48,
            "eps_growth_yearly": 29.89
        },
        "20084": {
            "year_quarter": 20084,
            "year": 2008,
            "quarter": 4,
            "eps": 0.13,
            "eps_growth_year": -86.02,
            "eps_4q": 1.28,
            "eps_4q_growth_year": -57.76,
            "roe": 0.68,
            "roe_4q": 8.03,
            "gross_profit": 223544,
            "gross_margin": 8,
            "gross_margin_4q_avg": 8.56,
            "net_income": 28943,
            "revenue": 2792973,
            "common_shares": 1530758,
            "book_valuer_per_share": 26.07,
            "book_valuer_per_share_4q_avg": 24.84,
            "equity": 4277855,
            "current_ratio": 158.4,
            "debt_ratio": 40.15,
            "inventory_turnover_ratio": 4.1,
            "account_receivable_turnover_ratio": 2.56,
            "reinvestment_rate": 40.51,
            "research_to_sale_ratio": null,
            "price_fair": 74.47,
            "eps_avg_yearly": 3.29,
            "eps_latest_yearly": 0.52,
            "eps_growth_yearly": 12.64
        },
        "20091": {
            "year_quarter": 20091,
            "year": 2009,
            "quarter": 1,
            "eps": 0.15,
            "eps_growth_year": -66.67,
            "eps_4q": 1.55,
            "eps_4q_growth_year": -36.33,
            "roe": 0.53,
            "roe_4q": 6.57,
            "gross_profit": 192735,
            "gross_margin": 10.19,
            "gross_margin_4q_avg": 9,
            "net_income": 23139,
            "revenue": 1891622,
            "common_shares": 1530758,
            "book_valuer_per_share": 26.88,
            "book_valuer_per_share_4q_avg": 25.42,
            "equity": 4419454,
            "current_ratio": 179.08,
            "debt_ratio": 34.55,
            "inventory_turnover_ratio": 3.46,
            "account_receivable_turnover_ratio": 1,
            "reinvestment_rate": 105.09,
            "research_to_sale_ratio": null,
            "price_fair": 92.25,
            "eps_avg_yearly": 3.18,
            "eps_latest_yearly": 0.6,
            "eps_growth_yearly": 19.06
        },
        "20092": {
            "year_quarter": 20092,
            "year": 2009,
            "quarter": 2,
            "eps": 0.45,
            "eps_growth_year": 12.5,
            "eps_4q": 1.51,
            "eps_4q_growth_year": -34.75,
            "roe": 1.71,
            "roe_4q": 6.550000000000001,
            "gross_profit": 250044,
            "gross_margin": 9.56,
            "gross_margin_4q_avg": 9.22,
            "net_income": 73325,
            "revenue": 2614611,
            "common_shares": 1530758,
            "book_valuer_per_share": 25.42,
            "book_valuer_per_share_4q_avg": 25.86,
            "equity": 4144309,
            "current_ratio": 157.47,
            "debt_ratio": 41.49,
            "inventory_turnover_ratio": 5.38,
            "account_receivable_turnover_ratio": 1.42,
            "reinvestment_rate": 101.79,
            "research_to_sale_ratio": null,
            "price_fair": 107.01,
            "eps_avg_yearly": 3.06,
            "eps_latest_yearly": 1.8,
            "eps_growth_yearly": 56.35
        },
        "20093": {
            "year_quarter": 20093,
            "year": 2009,
            "quarter": 3,
            "eps": 0.89,
            "eps_growth_year": 2.3,
            "eps_4q": 1.47,
            "eps_4q_growth_year": -37.62,
            "roe": 3.57,
            "roe_4q": 6.489999999999999,
            "gross_profit": 370481,
            "gross_margin": 11.09,
            "gross_margin_4q_avg": 9.71,
            "net_income": 148102,
            "revenue": 3340843,
            "common_shares": 1530758,
            "book_valuer_per_share": 25.34,
            "book_valuer_per_share_4q_avg": 25.93,
            "equity": 4144222,
            "current_ratio": 159.84,
            "debt_ratio": 41.9,
            "inventory_turnover_ratio": 6.09,
            "account_receivable_turnover_ratio": 1.4,
            "reinvestment_rate": 98.14,
            "research_to_sale_ratio": null,
            "price_fair": 105.7,
            "eps_avg_yearly": 3.02,
            "eps_latest_yearly": 3.56,
            "eps_growth_yearly": 77.53
        },
        "20094": {
            "year_quarter": 20094,
            "year": 2009,
            "quarter": 4,
            "eps": 0.5,
            "eps_growth_year": 284.62,
            "eps_4q": 2.07,
            "eps_4q_growth_year": 61.97,
            "roe": 1.98,
            "roe_4q": 7.79,
            "gross_profit": 349762,
            "gross_margin": 11.61,
            "gross_margin_4q_avg": 10.61,
            "net_income": 82507,
            "revenue": 3013310,
            "common_shares": 1470758,
            "book_valuer_per_share": 26.98,
            "book_valuer_per_share_4q_avg": 26.16,
            "equity": 4184799,
            "current_ratio": 163.94,
            "debt_ratio": 41.85,
            "inventory_turnover_ratio": 4.75,
            "account_receivable_turnover_ratio": 2.49,
            "reinvestment_rate": 32.4,
            "research_to_sale_ratio": null,
            "price_fair": 102.2,
            "eps_avg_yearly": 2.92,
            "eps_latest_yearly": 2,
            "eps_growth_yearly": 69.94
        },
        "20101": {
            "year_quarter": 20101,
            "year": 2010,
            "quarter": 1,
            "eps": 0.57,
            "eps_growth_year": 280,
            "eps_4q": 2.49,
            "eps_4q_growth_year": 60.73,
            "roe": 2.16,
            "roe_4q": 9.420000000000002,
            "gross_profit": 284404,
            "gross_margin": 10.04,
            "gross_margin_4q_avg": 10.58,
            "net_income": 91315,
            "revenue": 2832092,
            "common_shares": 1470758,
            "book_valuer_per_share": 27.42,
            "book_valuer_per_share_4q_avg": 26.29,
            "equity": 4254632,
            "current_ratio": 168.34,
            "debt_ratio": 41.4,
            "inventory_turnover_ratio": 3.78,
            "account_receivable_turnover_ratio": 1.18,
            "reinvestment_rate": 114.34,
            "research_to_sale_ratio": 0.15,
            "price_fair": 94.5,
            "eps_avg_yearly": 2.7,
            "eps_latest_yearly": 2.28,
            "eps_growth_yearly": 58.17
        },
        "20102": {
            "year_quarter": 20102,
            "year": 2010,
            "quarter": 2,
            "eps": 1.27,
            "eps_growth_year": 183.28,
            "eps_4q": 3.29,
            "eps_4q_growth_year": 117.88,
            "roe": 4.7,
            "roe_4q": 12.41,
            "gross_profit": 382254,
            "gross_margin": 11.46,
            "gross_margin_4q_avg": 11.05,
            "net_income": 200858,
            "revenue": 3334290,
            "common_shares": 1470758,
            "book_valuer_per_share": 27.5,
            "book_valuer_per_share_4q_avg": 26.81,
            "equity": 4288268,
            "current_ratio": 156.31,
            "debt_ratio": 46.21,
            "inventory_turnover_ratio": 3.8,
            "account_receivable_turnover_ratio": 1.3,
            "reinvestment_rate": 115.88,
            "research_to_sale_ratio": 0.12,
            "price_fair": 92.66,
            "eps_avg_yearly": 2.65,
            "eps_latest_yearly": 5.08,
            "eps_growth_yearly": 88.35
        },
        "20103": {
            "year_quarter": 20103,
            "year": 2010,
            "quarter": 3,
            "eps": 1.08,
            "eps_growth_year": 21.16,
            "eps_4q": 3.45,
            "eps_4q_growth_year": 133.67,
            "roe": 3.94,
            "roe_4q": 12.780000000000001,
            "gross_profit": 378998,
            "gross_margin": 11.58,
            "gross_margin_4q_avg": 11.17,
            "net_income": 170304,
            "revenue": 3272420,
            "common_shares": 1470758,
            "book_valuer_per_share": 28.18,
            "book_valuer_per_share_4q_avg": 27.52,
            "equity": 4364429,
            "current_ratio": 171.27,
            "debt_ratio": 41.78,
            "inventory_turnover_ratio": 3.69,
            "account_receivable_turnover_ratio": 1.24,
            "reinvestment_rate": 115.34,
            "research_to_sale_ratio": 0.16,
            "price_fair": 91.44,
            "eps_avg_yearly": 2.61,
            "eps_latest_yearly": 4.32,
            "eps_growth_yearly": 89
        },
        "20104": {
            "year_quarter": 20104,
            "year": 2010,
            "quarter": 4,
            "eps": 0.92,
            "eps_growth_year": 83.01,
            "eps_4q": 3.84,
            "eps_4q_growth_year": 85.77,
            "roe": 3.29,
            "roe_4q": 14.09,
            "gross_profit": 364422,
            "gross_margin": 12.7,
            "gross_margin_4q_avg": 11.45,
            "net_income": 142414,
            "revenue": 2870438,
            "common_shares": 1450758,
            "book_valuer_per_share": 27.7,
            "book_valuer_per_share_4q_avg": 27.7,
            "equity": 4291086,
            "current_ratio": 176.85,
            "debt_ratio": 39.5,
            "inventory_turnover_ratio": 3.6,
            "account_receivable_turnover_ratio": 1.21,
            "reinvestment_rate": 9.2,
            "research_to_sale_ratio": 0.1,
            "price_fair": 93.98,
            "eps_avg_yearly": 2.69,
            "eps_latest_yearly": 3.68,
            "eps_growth_yearly": 97.39
        },
        "20111": {
            "year_quarter": 20111,
            "year": 2011,
            "quarter": 1,
            "eps": 0.73,
            "eps_growth_year": 28.07,
            "eps_4q": 4,
            "eps_4q_growth_year": 60.88,
            "roe": 2.6,
            "roe_4q": 14.530000000000001,
            "gross_profit": 293927,
            "gross_margin": 10.16,
            "gross_margin_4q_avg": 11.48,
            "net_income": 113767,
            "revenue": 2892499,
            "common_shares": 1450758,
            "book_valuer_per_share": 28.82,
            "book_valuer_per_share_4q_avg": 28.05,
            "equity": 4464181,
            "current_ratio": 178,
            "debt_ratio": 39.25,
            "inventory_turnover_ratio": 3.77,
            "account_receivable_turnover_ratio": 1.3,
            "reinvestment_rate": 113.69,
            "research_to_sale_ratio": 0.13,
            "price_fair": 95.03,
            "eps_avg_yearly": 2.72,
            "eps_latest_yearly": 2.92,
            "eps_growth_yearly": 93.02
        },
        "20112": {
            "year_quarter": 20112,
            "year": 2011,
            "quarter": 2,
            "eps": 0.88,
            "eps_growth_year": -30.84,
            "eps_4q": 3.61,
            "eps_4q_growth_year": 9.58,
            "roe": 3.29,
            "roe_4q": 13.12,
            "gross_profit": 360619,
            "gross_margin": 9.92,
            "gross_margin_4q_avg": 11.09,
            "net_income": 142034,
            "revenue": 3636019,
            "common_shares": 1450758,
            "book_valuer_per_share": 26.93,
            "book_valuer_per_share_4q_avg": 27.91,
            "equity": 4158835,
            "current_ratio": 144.07,
            "debt_ratio": 49.53,
            "inventory_turnover_ratio": 4.48,
            "account_receivable_turnover_ratio": 1.43,
            "reinvestment_rate": 119.68,
            "research_to_sale_ratio": 0.12,
            "price_fair": 96.95,
            "eps_avg_yearly": 2.77,
            "eps_latest_yearly": 3.52,
            "eps_growth_yearly": 96.11
        },
        "20113": {
            "year_quarter": 20113,
            "year": 2011,
            "quarter": 3,
            "eps": 0.96,
            "eps_growth_year": -11.12,
            "eps_4q": 3.49,
            "eps_4q_growth_year": 1.21,
            "roe": 3.51,
            "roe_4q": 12.690000000000001,
            "gross_profit": 309453,
            "gross_margin": 8.23,
            "gross_margin_4q_avg": 10.25,
            "net_income": 153314,
            "revenue": 3759136,
            "common_shares": 1450758,
            "book_valuer_per_share": 29.65,
            "book_valuer_per_share_4q_avg": 28.28,
            "equity": 4586405,
            "current_ratio": 155.38,
            "debt_ratio": 43.7,
            "inventory_turnover_ratio": 4.67,
            "account_receivable_turnover_ratio": 1.39,
            "reinvestment_rate": 134.12,
            "research_to_sale_ratio": 0.11,
            "price_fair": 97.83,
            "eps_avg_yearly": 2.8,
            "eps_latest_yearly": 3.84,
            "eps_growth_yearly": 90.8
        },
        "20114": {
            "year_quarter": 20114,
            "year": 2011,
            "quarter": 4,
            "eps": 0.48,
            "eps_growth_year": -47.71,
            "eps_4q": 3.05,
            "eps_4q_growth_year": -20.61,
            "roe": 1.81,
            "roe_4q": 11.209999999999999,
            "gross_profit": 280445,
            "gross_margin": 8.08,
            "gross_margin_4q_avg": 9.1,
            "net_income": 84459,
            "revenue": 3469247,
            "common_shares": 1450758,
            "book_valuer_per_share": 30.62,
            "book_valuer_per_share_4q_avg": 29.01,
            "equity": 4745375,
            "current_ratio": 155.53,
            "debt_ratio": 43.41,
            "inventory_turnover_ratio": 4.41,
            "account_receivable_turnover_ratio": 1.31,
            "reinvestment_rate": 37.36,
            "research_to_sale_ratio": 0.14,
            "price_fair": 93.89,
            "eps_avg_yearly": 2.68,
            "eps_latest_yearly": 1.92,
            "eps_growth_yearly": 76.27
        },
        "20121": {
            "year_quarter": 20121,
            "year": 2012,
            "quarter": 1,
            "eps": 0.47,
            "eps_growth_year": -35.62,
            "eps_4q": 2.79,
            "eps_4q_growth_year": -30.36,
            "roe": 1.7,
            "roe_4q": 10.309999999999999,
            "gross_profit": 243604,
            "gross_margin": 8.16,
            "gross_margin_4q_avg": 8.6,
            "net_income": 80363,
            "revenue": 2984170,
            "common_shares": 1450758,
            "book_valuer_per_share": 30.4,
            "book_valuer_per_share_4q_avg": 29.4,
            "equity": 4719512,
            "current_ratio": 183.57,
            "debt_ratio": 40.01,
            "inventory_turnover_ratio": 4.4,
            "account_receivable_turnover_ratio": 1.15,
            "reinvestment_rate": 301.26,
            "research_to_sale_ratio": 0.13,
            "price_fair": 94.06,
            "eps_avg_yearly": 2.69,
            "eps_latest_yearly": 1.88,
            "eps_growth_yearly": 88.65
        },
        "20122": {
            "year_quarter": 20122,
            "year": 2012,
            "quarter": 2,
            "eps": 0.8,
            "eps_growth_year": -9.01,
            "eps_4q": 2.71,
            "eps_4q_growth_year": -24.97,
            "roe": 2.85,
            "roe_4q": 9.87,
            "gross_profit": 306174,
            "gross_margin": 8.3,
            "gross_margin_4q_avg": 8.19,
            "net_income": 132173,
            "revenue": 3689324,
            "common_shares": 1450758,
            "book_valuer_per_share": 29.53,
            "book_valuer_per_share_4q_avg": 30.05,
            "equity": 4563308,
            "current_ratio": 159.56,
            "debt_ratio": 46.53,
            "inventory_turnover_ratio": 6.29,
            "account_receivable_turnover_ratio": 1.39,
            "reinvestment_rate": 299.86,
            "research_to_sale_ratio": 0.11,
            "price_fair": 97.56,
            "eps_avg_yearly": 2.79,
            "eps_latest_yearly": 3.2,
            "eps_growth_yearly": 108.98
        },
        "20123": {
            "year_quarter": 20123,
            "year": 2012,
            "quarter": 3,
            "eps": 0.81,
            "eps_growth_year": -15.4,
            "eps_4q": 2.56,
            "eps_4q_growth_year": -26.63,
            "roe": 2.9,
            "roe_4q": 9.26,
            "gross_profit": 306998,
            "gross_margin": 8.72,
            "gross_margin_4q_avg": 8.32,
            "net_income": 133791,
            "revenue": 3521839,
            "common_shares": 1450758,
            "book_valuer_per_share": 30.06,
            "book_valuer_per_share_4q_avg": 30.15,
            "equity": 4652801,
            "current_ratio": 169.33,
            "debt_ratio": 43.37,
            "inventory_turnover_ratio": 5.72,
            "account_receivable_turnover_ratio": 1.3,
            "reinvestment_rate": 300.69,
            "research_to_sale_ratio": 0.11,
            "price_fair": 97.04,
            "eps_avg_yearly": 2.77,
            "eps_latest_yearly": 3.24,
            "eps_growth_yearly": 79.92
        },
        "20124": {
            "year_quarter": 20124,
            "year": 2012,
            "quarter": 4,
            "eps": 0.79,
            "eps_growth_year": 64.85,
            "eps_4q": 2.91,
            "eps_4q_growth_year": -4.51,
            "roe": 2.69,
            "roe_4q": 10.139999999999999,
            "gross_profit": 319672,
            "gross_margin": 10.19,
            "gross_margin_4q_avg": 8.84,
            "net_income": 125700,
            "revenue": 3138476,
            "common_shares": 1450758,
            "book_valuer_per_share": 30.88,
            "book_valuer_per_share_4q_avg": 30.22,
            "equity": 4693407,
            "current_ratio": 174.74,
            "debt_ratio": 44,
            "inventory_turnover_ratio": 5.1,
            "account_receivable_turnover_ratio": 1.2,
            "reinvestment_rate": 287.05,
            "research_to_sale_ratio": 0.14,
            "price_fair": 102.81,
            "eps_avg_yearly": 2.94,
            "eps_latest_yearly": 3.16,
            "eps_growth_yearly": 100.57
        },
        "20131": {
            "year_quarter": 20131,
            "year": 2013,
            "quarter": 1,
            "eps": 0.85,
            "eps_growth_year": 80.85,
            "eps_4q": 3.28,
            "eps_4q_growth_year": 17.86,
            "roe": 2.7,
            "roe_4q": 11.14,
            "gross_profit": 273393,
            "gross_margin": 10.07,
            "gross_margin_4q_avg": 9.32,
            "net_income": 129541,
            "revenue": 2714660,
            "common_shares": 1420758,
            "book_valuer_per_share": 32.43,
            "book_valuer_per_share_4q_avg": 30.73,
            "equity": 4911743,
            "current_ratio": 191.17,
            "debt_ratio": 38.52,
            "inventory_turnover_ratio": 4.62,
            "account_receivable_turnover_ratio": 1.12,
            "reinvestment_rate": 22.77,
            "research_to_sale_ratio": 0.62,
            "price_fair": 108.94,
            "eps_avg_yearly": 3.11,
            "eps_latest_yearly": 3.4,
            "eps_growth_yearly": 98.62
        },
        "20132": {
            "year_quarter": 20132,
            "year": 2013,
            "quarter": 2,
            "eps": 0.47,
            "eps_growth_year": -41.41,
            "eps_4q": 2.94,
            "eps_4q_growth_year": 8.49,
            "roe": 1.56,
            "roe_4q": 9.85,
            "gross_profit": 283710,
            "gross_margin": 8.45,
            "gross_margin_4q_avg": 9.36,
            "net_income": 75037,
            "revenue": 3357226,
            "common_shares": 1420758,
            "book_valuer_per_share": 31.37,
            "book_valuer_per_share_4q_avg": 31.19,
            "equity": 4720023,
            "current_ratio": 158.93,
            "debt_ratio": 45.92,
            "inventory_turnover_ratio": 5.74,
            "account_receivable_turnover_ratio": 1.37,
            "reinvestment_rate": 32.44,
            "research_to_sale_ratio": 0.55,
            "price_fair": 109.11,
            "eps_avg_yearly": 3.12,
            "eps_latest_yearly": 1.88,
            "eps_growth_yearly": 37.44
        },
        "20133": {
            "year_quarter": 20133,
            "year": 2013,
            "quarter": 3,
            "eps": 0.92,
            "eps_growth_year": 13.45,
            "eps_4q": 3.03,
            "eps_4q_growth_year": 18.31,
            "roe": 2.96,
            "roe_4q": 9.91,
            "gross_profit": 329655,
            "gross_margin": 8.33,
            "gross_margin_4q_avg": 9.26,
            "net_income": 141057,
            "revenue": 3958376,
            "common_shares": 1420758,
            "book_valuer_per_share": 31.92,
            "book_valuer_per_share_4q_avg": 31.65,
            "equity": 4805138,
            "current_ratio": 168.6,
            "debt_ratio": 45.25,
            "inventory_turnover_ratio": 6.72,
            "account_receivable_turnover_ratio": 1.35,
            "reinvestment_rate": 32.3,
            "research_to_sale_ratio": 0.46,
            "price_fair": 109.38,
            "eps_avg_yearly": 3.13,
            "eps_latest_yearly": 3.68,
            "eps_growth_yearly": 36.94
        },
        "20134": {
            "year_quarter": 20134,
            "year": 2013,
            "quarter": 4,
            "eps": 0.54,
            "eps_growth_year": -32.08,
            "eps_4q": 2.77,
            "eps_4q_growth_year": -4.77,
            "roe": 1.79,
            "roe_4q": 9.010000000000002,
            "gross_profit": 254130,
            "gross_margin": 7.38,
            "gross_margin_4q_avg": 8.56,
            "net_income": 87597,
            "revenue": 3444085,
            "common_shares": 1420758,
            "book_valuer_per_share": 33,
            "book_valuer_per_share_4q_avg": 32.18,
            "equity": 4975494,
            "current_ratio": 196.75,
            "debt_ratio": 40.51,
            "inventory_turnover_ratio": 6.24,
            "account_receivable_turnover_ratio": 1.19,
            "reinvestment_rate": 22.67,
            "research_to_sale_ratio": 0.54,
            "price_fair": 109.73,
            "eps_avg_yearly": 3.14,
            "eps_latest_yearly": 2.16,
            "eps_growth_yearly": 37.56
        },
        "20141": {
            "year_quarter": 20141,
            "year": 2014,
            "quarter": 1,
            "eps": 0.66,
            "eps_growth_year": -22.35,
            "eps_4q": 2.58,
            "eps_4q_growth_year": -21.33,
            "roe": 1.97,
            "roe_4q": 8.28,
            "gross_profit": 243635,
            "gross_margin": 11.45,
            "gross_margin_4q_avg": 8.9,
            "net_income": 98881,
            "revenue": 2127444,
            "common_shares": 1420758,
            "book_valuer_per_share": 33.69,
            "book_valuer_per_share_4q_avg": 32.5,
            "equity": 5078413,
            "current_ratio": 246.1,
            "debt_ratio": 33.29,
            "inventory_turnover_ratio": 3.9,
            "account_receivable_turnover_ratio": 0.95,
            "reinvestment_rate": 22.65,
            "research_to_sale_ratio": 0.89,
            "price_fair": 110.51,
            "eps_avg_yearly": 3.16,
            "eps_latest_yearly": 2.64,
            "eps_growth_yearly": 39.62
        },
        "20142": {
            "year_quarter": 20142,
            "year": 2014,
            "quarter": 2,
            "eps": 0.9,
            "eps_growth_year": 91.49,
            "eps_4q": 3.02,
            "eps_4q_growth_year": 2.86,
            "roe": 2.76,
            "roe_4q": 9.48,
            "gross_profit": 316732,
            "gross_margin": 11.49,
            "gross_margin_4q_avg": 9.66,
            "net_income": 137166,
            "revenue": 2757015,
            "common_shares": 1420758,
            "book_valuer_per_share": 32.5,
            "book_valuer_per_share_4q_avg": 32.78,
            "equity": 4875565,
            "current_ratio": 201.48,
            "debt_ratio": 38.94,
            "inventory_turnover_ratio": 4.72,
            "account_receivable_turnover_ratio": 1.37,
            "reinvestment_rate": 20.65,
            "research_to_sale_ratio": 0.74,
            "price_fair": 85.85,
            "eps_avg_yearly": 3.07,
            "eps_latest_yearly": 3.6,
            "eps_growth_yearly": 18.01
        },
        "20143": {
            "year_quarter": 20143,
            "year": 2014,
            "quarter": 3,
            "eps": 1.08,
            "eps_growth_year": 17.39,
            "eps_4q": 3.96,
            "eps_4q_growth_year": 30.95,
            "roe": 3.44,
            "roe_4q": 9.96,
            "gross_profit": 356141,
            "gross_margin": 11.88,
            "gross_margin_4q_avg": 10.55,
            "net_income": 167668,
            "revenue": 2997087,
            "common_shares": 1136606,
            "book_valuer_per_share": 40.41,
            "book_valuer_per_share_4q_avg": 34.9,
            "equity": 4873067,
            "current_ratio": 197.9,
            "debt_ratio": 40.24,
            "inventory_turnover_ratio": 4.84,
            "account_receivable_turnover_ratio": 1.27,
            "reinvestment_rate": 27.83,
            "research_to_sale_ratio": 0.66,
            "price_fair": 107.28,
            "eps_avg_yearly": 3.07,
            "eps_latest_yearly": 4.32,
            "eps_growth_yearly": 26.75
        },
        "20144": {
            "year_quarter": 20144,
            "year": 2014,
            "quarter": 4,
            "eps": 0.83,
            "eps_growth_year": 54.92,
            "eps_4q": 4.12,
            "eps_4q_growth_year": 48.68,
            "roe": 2.1,
            "roe_4q": 10.270000000000001,
            "gross_profit": 333207,
            "gross_margin": 12.11,
            "gross_margin_4q_avg": 11.73,
            "net_income": 105128,
            "revenue": 2752142,
            "common_shares": 1136606,
            "book_valuer_per_share": 42.58,
            "book_valuer_per_share_4q_avg": 37.3,
            "equity": 5140526,
            "current_ratio": 223.42,
            "debt_ratio": 37.16,
            "inventory_turnover_ratio": 4.27,
            "account_receivable_turnover_ratio": 1.18,
            "reinvestment_rate": 31.79,
            "research_to_sale_ratio": 0.67,
            "price_fair": 105.47,
            "eps_avg_yearly": 3.04,
            "eps_latest_yearly": 3.32,
            "eps_growth_yearly": 24.67
        },
        "20151": {
            "year_quarter": 20151,
            "year": 2015,
            "quarter": 1,
            "eps": 0.68,
            "eps_growth_year": 3.03,
            "eps_4q": 3.98,
            "eps_4q_growth_year": 54.25,
            "roe": 1.64,
            "roe_4q": 9.94,
            "gross_profit": 231833,
            "gross_margin": 9.79,
            "gross_margin_4q_avg": 11.32,
            "net_income": 84349,
            "revenue": 2368426,
            "common_shares": 1136606,
            "book_valuer_per_share": 42.39,
            "book_valuer_per_share_4q_avg": 39.47,
            "equity": 5125076,
            "current_ratio": 249.99,
            "debt_ratio": 33.86,
            "inventory_turnover_ratio": 3.36,
            "account_receivable_turnover_ratio": 1.16,
            "reinvestment_rate": 19.59,
            "research_to_sale_ratio": 0.81,
            "price_fair": 106.05,
            "eps_avg_yearly": 3.03,
            "eps_latest_yearly": 2.72,
            "eps_growth_yearly": 25.31
        },
        "20152": {
            "year_quarter": 20152,
            "year": 2015,
            "quarter": 2,
            "eps": 1,
            "eps_growth_year": 11.11,
            "eps_4q": 3.88,
            "eps_4q_growth_year": 28.41,
            "roe": 2.45,
            "roe_4q": 9.629999999999999,
            "gross_profit": 281356,
            "gross_margin": 9.04,
            "gross_margin_4q_avg": 10.71,
            "net_income": 121906,
            "revenue": 3112370,
            "common_shares": 1136606,
            "book_valuer_per_share": 40.31,
            "book_valuer_per_share_4q_avg": 41.42,
            "equity": 4808507,
            "current_ratio": 196.59,
            "debt_ratio": 41.74,
            "inventory_turnover_ratio": 4.17,
            "account_receivable_turnover_ratio": 1.49,
            "reinvestment_rate": 7.6,
            "research_to_sale_ratio": 0.63,
            "price_fair": 107.1,
            "eps_avg_yearly": 3.06,
            "eps_latest_yearly": 4,
            "eps_growth_yearly": 31.94
        },
        "20153": {
            "year_quarter": 20153,
            "year": 2015,
            "quarter": 3,
            "eps": 1.01,
            "eps_growth_year": -6.48,
            "eps_4q": 3.66,
            "eps_4q_growth_year": -7.75,
            "roe": 2.51,
            "roe_4q": 8.7,
            "gross_profit": 279801,
            "gross_margin": 9.76,
            "gross_margin_4q_avg": 10.18,
            "net_income": 123444,
            "revenue": 2866675,
            "common_shares": 1124606,
            "book_valuer_per_share": 43.6,
            "book_valuer_per_share_4q_avg": 42.22,
            "equity": 5024315,
            "current_ratio": 196.17,
            "debt_ratio": 43.12,
            "inventory_turnover_ratio": 3.75,
            "account_receivable_turnover_ratio": 1.18,
            "reinvestment_rate": -5.77,
            "research_to_sale_ratio": 0.74,
            "price_fair": 107.54,
            "eps_avg_yearly": 3.07,
            "eps_latest_yearly": 4.04,
            "eps_growth_yearly": 29.92
        },
        "20154": {
            "year_quarter": 20154,
            "year": 2015,
            "quarter": 4,
            "eps": 0.83,
            "eps_growth_year": 0.23,
            "eps_4q": 3.65,
            "eps_4q_growth_year": -11.57,
            "roe": 1.96,
            "roe_4q": 8.56,
            "gross_profit": 281666,
            "gross_margin": 10.17,
            "gross_margin_4q_avg": 9.69,
            "net_income": 97552,
            "revenue": 2768547,
            "common_shares": 1073006,
            "book_valuer_per_share": 43.02,
            "book_valuer_per_share_4q_avg": 42.33,
            "equity": 4911635,
            "current_ratio": 213.61,
            "debt_ratio": 41.27,
            "inventory_turnover_ratio": 3.74,
            "account_receivable_turnover_ratio": 1.12,
            "reinvestment_rate": -19.94,
            "research_to_sale_ratio": 1.21,
            "price_fair": 110.6,
            "eps_avg_yearly": 3.16,
            "eps_latest_yearly": 3.32,
            "eps_growth_yearly": 37.96
        },
        "20161": {
            "year_quarter": 20161,
            "year": 2016,
            "quarter": 1,
            "eps": 0.75,
            "eps_growth_year": 10.29,
            "eps_4q": 3.67,
            "eps_4q_growth_year": -7.76,
            "roe": 1.69,
            "roe_4q": 8.61,
            "gross_profit": 233963,
            "gross_margin": 9.3,
            "gross_margin_4q_avg": 9.57,
            "net_income": 83327,
            "revenue": 2514685,
            "common_shares": 1073006,
            "book_valuer_per_share": 43.38,
            "book_valuer_per_share_4q_avg": 42.58,
            "equity": 4952434,
            "current_ratio": 237.08,
            "debt_ratio": 37.91,
            "inventory_turnover_ratio": 3.54,
            "account_receivable_turnover_ratio": 1.11,
            "reinvestment_rate": -271.52,
            "research_to_sale_ratio": 1.1,
            "price_fair": 113.05,
            "eps_avg_yearly": 3.23,
            "eps_latest_yearly": 3,
            "eps_growth_yearly": 36.07
        },
        "20162": {
            "year_quarter": 20162,
            "year": 2016,
            "quarter": 2,
            "eps": 0.85,
            "eps_growth_year": -15,
            "eps_4q": 3.48,
            "eps_4q_growth_year": -10.29,
            "roe": 2.06,
            "roe_4q": 8.219999999999999,
            "gross_profit": 280592,
            "gross_margin": 8.43,
            "gross_margin_4q_avg": 9.42,
            "net_income": 98904,
            "revenue": 3328586,
            "common_shares": 1073006,
            "book_valuer_per_share": 40.71,
            "book_valuer_per_share_4q_avg": 42.68,
            "equity": 4664990,
            "current_ratio": 177.46,
            "debt_ratio": 48.65,
            "inventory_turnover_ratio": 3.31,
            "account_receivable_turnover_ratio": 1.34,
            "reinvestment_rate": -282.87,
            "research_to_sale_ratio": 0.99,
            "price_fair": 103.28,
            "eps_avg_yearly": 3.24,
            "eps_latest_yearly": 3.4,
            "eps_growth_yearly": 21.85
        },
        "20163": {
            "year_quarter": 20163,
            "year": 2016,
            "quarter": 3,
            "eps": 1.26,
            "eps_growth_year": 24.75,
            "eps_4q": 3.69,
            "eps_4q_growth_year": 0.97,
            "roe": 3.38,
            "roe_4q": 9.09,
            "gross_profit": 366313,
            "gross_margin": 10.28,
            "gross_margin_4q_avg": 9.55,
            "net_income": 156915,
            "revenue": 3562600,
            "common_shares": 1073006,
            "book_valuer_per_share": 40.55,
            "book_valuer_per_share_4q_avg": 41.92,
            "equity": 4629330,
            "current_ratio": 204.59,
            "debt_ratio": 43.59,
            "inventory_turnover_ratio": 3.61,
            "account_receivable_turnover_ratio": 1.27,
            "reinvestment_rate": -285.62,
            "research_to_sale_ratio": 0.79,
            "price_fair": 117.43,
            "eps_avg_yearly": 3.36,
            "eps_latest_yearly": 5.04,
            "eps_growth_yearly": 33.6
        },
        "20164": {
            "year_quarter": 20164,
            "year": 2016,
            "quarter": 4,
            "eps": 0.86,
            "eps_growth_year": 3.42,
            "eps_4q": 3.72,
            "eps_4q_growth_year": 2.02,
            "roe": 2.38,
            "roe_4q": 9.51,
            "gross_profit": 360995,
            "gross_margin": 13.89,
            "gross_margin_4q_avg": 10.48,
            "net_income": 110780,
            "revenue": 2599359,
            "common_shares": 1073006,
            "book_valuer_per_share": 40.98,
            "book_valuer_per_share_4q_avg": 41.41,
            "equity": 4689185,
            "current_ratio": 246.89,
            "debt_ratio": 41.48,
            "inventory_turnover_ratio": 3.11,
            "account_receivable_turnover_ratio": 1.01,
            "reinvestment_rate": -295.91,
            "research_to_sale_ratio": 1.28,
            "price_fair": 118.04,
            "eps_avg_yearly": 3.37,
            "eps_latest_yearly": 3.44,
            "eps_growth_yearly": 26.28
        },
        "20171": {
            "year_quarter": 20171,
            "year": 2017,
            "quarter": 1,
            "eps": 1.01,
            "eps_growth_year": 34.67,
            "eps_4q": 3.98,
            "eps_4q_growth_year": 8.25,
            "roe": 2.54,
            "roe_4q": 10.360000000000001,
            "gross_profit": 300394,
            "gross_margin": 12.04,
            "gross_margin_4q_avg": 11.16,
            "net_income": 117445,
            "revenue": 2494563,
            "common_shares": 1073006,
            "book_valuer_per_share": 39.79,
            "book_valuer_per_share_4q_avg": 40.51,
            "equity": 4557775,
            "current_ratio": 232.27,
            "debt_ratio": 41.28,
            "inventory_turnover_ratio": 2.75,
            "account_receivable_turnover_ratio": 1.06,
            "reinvestment_rate": -28.96,
            "research_to_sale_ratio": 1.21,
            "price_fair": 119.44,
            "eps_avg_yearly": 3.41,
            "eps_latest_yearly": 4.04,
            "eps_growth_yearly": 28.74
        },
        "20172": {
            "year_quarter": 20172,
            "year": 2017,
            "quarter": 2,
            "eps": 0.92,
            "eps_growth_year": 8.24,
            "eps_4q": 4.05,
            "eps_4q_growth_year": 16.45,
            "roe": 2.37,
            "roe_4q": 10.67,
            "gross_profit": 287741,
            "gross_margin": 11.98,
            "gross_margin_4q_avg": 12.05,
            "net_income": 106259,
            "revenue": 2401841,
            "common_shares": 1073006,
            "book_valuer_per_share": 38.75,
            "book_valuer_per_share_4q_avg": 40.02,
            "equity": 4416483,
            "current_ratio": 210.71,
            "debt_ratio": 44.39,
            "inventory_turnover_ratio": 2.97,
            "account_receivable_turnover_ratio": 1.02,
            "reinvestment_rate": -29.35,
            "research_to_sale_ratio": 1.28,
            "price_fair": 123.38,
            "eps_avg_yearly": 3.53,
            "eps_latest_yearly": 3.68,
            "eps_growth_yearly": 37.69
        },
        "20173": {
            "year_quarter": 20173,
            "year": 2017,
            "quarter": 3,
            "eps": 1.33,
            "eps_growth_year": 5.56,
            "eps_4q": 4.12,
            "eps_4q_growth_year": 11.69,
            "roe": 3.47,
            "roe_4q": 10.759999999999998,
            "gross_profit": 371639,
            "gross_margin": 12.43,
            "gross_margin_4q_avg": 12.59,
            "net_income": 157137,
            "revenue": 2990338,
            "common_shares": 1073006,
            "book_valuer_per_share": 40.58,
            "book_valuer_per_share_4q_avg": 40.03,
            "equity": 4631194,
            "current_ratio": 201.48,
            "debt_ratio": 46.01,
            "inventory_turnover_ratio": 4.03,
            "account_receivable_turnover_ratio": 1.18,
            "reinvestment_rate": -23.28,
            "research_to_sale_ratio": 1.01,
            "price_fair": 126.58,
            "eps_avg_yearly": 3.63,
            "eps_latest_yearly": 5.32,
            "eps_growth_yearly": 24.89
        },
        "20174": {
            "year_quarter": 20174,
            "year": 2017,
            "quarter": 4,
            "eps": 0.87,
            "eps_growth_year": 0.74,
            "eps_4q": 4.13,
            "eps_4q_growth_year": 11.01,
            "roe": 2.27,
            "roe_4q": 10.649999999999999,
            "gross_profit": 330341,
            "gross_margin": 13.77,
            "gross_margin_4q_avg": 12.56,
            "net_income": 106518,
            "revenue": 2398919,
            "common_shares": 1073006,
            "book_valuer_per_share": 41.45,
            "book_valuer_per_share_4q_avg": 40.14,
            "equity": 4738124,
            "current_ratio": 243.58,
            "debt_ratio": 41.97,
            "inventory_turnover_ratio": 3.21,
            "account_receivable_turnover_ratio": 0.99,
            "reinvestment_rate": -18.73,
            "research_to_sale_ratio": 1.46,
            "price_fair": 129.85,
            "eps_avg_yearly": 3.71,
            "eps_latest_yearly": 3.48,
            "eps_growth_yearly": 26.57
        },
        "20181": {
            "year_quarter": 20181,
            "year": 2018,
            "quarter": 1,
            "eps": 0.72,
            "eps_growth_year": -28.71,
            "eps_4q": 3.85,
            "eps_4q_growth_year": -3.27,
            "roe": 1.67,
            "roe_4q": 9.780000000000001,
            "gross_profit": 245073,
            "gross_margin": 12.57,
            "gross_margin_4q_avg": 12.69,
            "net_income": 80269,
            "revenue": 1949598,
            "common_shares": 1073006,
            "book_valuer_per_share": 42.73,
            "book_valuer_per_share_4q_avg": 40.88,
            "equity": 4883969,
            "current_ratio": 238.74,
            "debt_ratio": 37.34,
            "inventory_turnover_ratio": 2.71,
            "account_receivable_turnover_ratio": 1.03,
            "reinvestment_rate": -16.34,
            "research_to_sale_ratio": 1.64,
            "price_fair": 99.49,
            "eps_avg_yearly": 3.73,
            "eps_latest_yearly": 2.88,
            "eps_growth_yearly": 16.71
        },
        "20182": {
            "year_quarter": 20182,
            "year": 2018,
            "quarter": 2,
            "eps": 0.88,
            "eps_growth_year": -4.35,
            "eps_4q": 3.8,
            "eps_4q_growth_year": -6.24,
            "roe": 2.26,
            "roe_4q": 9.67,
            "gross_profit": 272391,
            "gross_margin": 10.61,
            "gross_margin_4q_avg": 12.35,
            "net_income": 107306,
            "revenue": 2566748,
            "common_shares": 1073006,
            "book_valuer_per_share": 40.37,
            "book_valuer_per_share_4q_avg": 41.28,
            "equity": 4599918,
            "current_ratio": 178.53,
            "debt_ratio": 47.09,
            "inventory_turnover_ratio": 3.4,
            "account_receivable_turnover_ratio": 1.27,
            "reinvestment_rate": -14.25,
            "research_to_sale_ratio": 1.06,
            "price_fair": 86.2,
            "eps_avg_yearly": 3.72,
            "eps_latest_yearly": 3.52,
            "eps_growth_yearly": 13.17
        },
        "20183": {
            "year_quarter": 20183,
            "year": 2018,
            "quarter": 3,
            "eps": 1.47,
            "eps_growth_year": 10.53,
            "eps_4q": 3.94,
            "eps_4q_growth_year": -4.5,
            "roe": 3.8,
            "roe_4q": 10,
            "gross_profit": 359363,
            "gross_margin": 15.02,
            "gross_margin_4q_avg": 12.99,
            "net_income": 175096,
            "revenue": 2392984,
            "common_shares": 1073006,
            "book_valuer_per_share": 40.42,
            "book_valuer_per_share_4q_avg": 41.24,
            "equity": 4613321,
            "current_ratio": 181.17,
            "debt_ratio": 47.64,
            "inventory_turnover_ratio": 2.82,
            "account_receivable_turnover_ratio": 0.97,
            "reinvestment_rate": -21.05,
            "research_to_sale_ratio": 0.8,
            "price_fair": 133.36,
            "eps_avg_yearly": 3.82,
            "eps_latest_yearly": 5.88,
            "eps_growth_yearly": 24.93
        },
        "20184": {
            "year_quarter": 20184,
            "year": 2018,
            "quarter": 4,
            "eps": 0.96,
            "eps_growth_year": 11.14,
            "eps_4q": 4.08,
            "eps_4q_growth_year": -1.32,
            "roe": 2.75,
            "roe_4q": 10.479999999999999,
            "gross_profit": 333065,
            "gross_margin": 17.69,
            "gross_margin_4q_avg": 13.97,
            "net_income": 128598,
            "revenue": 1883163,
            "common_shares": 1073006,
            "book_valuer_per_share": 41.8,
            "book_valuer_per_share_4q_avg": 41.33,
            "equity": 4730823,
            "current_ratio": 270.09,
            "debt_ratio": 42.9,
            "inventory_turnover_ratio": 2.26,
            "account_receivable_turnover_ratio": 0.83,
            "reinvestment_rate": -24.2,
            "research_to_sale_ratio": 1.07,
            "price_fair": 123.38,
            "eps_avg_yearly": 3.85,
            "eps_latest_yearly": 3.84,
            "eps_growth_yearly": 22.05
        },
        "20191": {
            "year_quarter": 20191,
            "year": 2019,
            "quarter": 1,
            "eps": 0.74,
            "eps_growth_year": 2.78,
            "eps_4q": 4.09,
            "eps_4q_growth_year": 6.17,
            "roe": 1.78,
            "roe_4q": 10.59,
            "gross_profit": 241323,
            "gross_margin": 13.98,
            "gross_margin_4q_avg": 14.33,
            "net_income": 86004,
            "revenue": 1726262,
            "common_shares": 1059006,
            "book_valuer_per_share": 43.54,
            "book_valuer_per_share_4q_avg": 41.53,
            "equity": 4929875,
            "current_ratio": 224.18,
            "debt_ratio": 41.39,
            "inventory_turnover_ratio": 2.25,
            "account_receivable_turnover_ratio": 0.91,
            "reinvestment_rate": -15.51,
            "research_to_sale_ratio": 1.76,
            "price_fair": 119.18,
            "eps_avg_yearly": 3.87,
            "eps_latest_yearly": 2.96,
            "eps_growth_yearly": 20.84
        },
        "20192": {
            "year_quarter": 20192,
            "year": 2019,
            "quarter": 2,
            "eps": 0.88,
            "eps_growth_year": 0,
            "eps_4q": 4.08,
            "eps_4q_growth_year": 7.34,
            "roe": 2.18,
            "roe_4q": 10.51,
            "gross_profit": 273290,
            "gross_margin": 14.53,
            "gross_margin_4q_avg": 15.31,
            "net_income": 104144,
            "revenue": 1880604,
            "common_shares": 1059006,
            "book_valuer_per_share": 40.95,
            "book_valuer_per_share_4q_avg": 41.68,
            "equity": 4609732,
            "current_ratio": 223.05,
            "debt_ratio": 44.57,
            "inventory_turnover_ratio": 2.56,
            "account_receivable_turnover_ratio": 1,
            "reinvestment_rate": -15.35,
            "research_to_sale_ratio": 1.07,
            "price_fair": 91.28,
            "eps_avg_yearly": 3.84,
            "eps_latest_yearly": 3.52,
            "eps_growth_yearly": 13.8
        },
        "20193": {
            "year_quarter": 20193,
            "year": 2019,
            "quarter": 3,
            "eps": 1.36,
            "eps_growth_year": -7.48,
            "eps_4q": 3.94,
            "eps_4q_growth_year": 0.15,
            "roe": 3.44,
            "roe_4q": 10.15,
            "gross_profit": 341242,
            "gross_margin": 16.72,
            "gross_margin_4q_avg": 15.73,
            "net_income": 158090,
            "revenue": 2040737,
            "common_shares": 1059006,
            "book_valuer_per_share": 40.72,
            "book_valuer_per_share_4q_avg": 41.75,
            "equity": 4588635,
            "current_ratio": 215.07,
            "debt_ratio": 45.17,
            "inventory_turnover_ratio": 2.81,
            "account_receivable_turnover_ratio": 1.05,
            "reinvestment_rate": -26.49,
            "research_to_sale_ratio": 0.93,
            "price_fair": 137.29,
            "eps_avg_yearly": 3.92,
            "eps_latest_yearly": 5.44,
            "eps_growth_yearly": 27.19
        },
        "20194": {
            "year_quarter": 20194,
            "year": 2019,
            "quarter": 4,
            "eps": 1.22,
            "eps_growth_year": 26.98,
            "eps_4q": 4.2,
            "eps_4q_growth_year": 3.15,
            "roe": 3.14,
            "roe_4q": 10.54,
            "gross_profit": 387120,
            "gross_margin": 20.15,
            "gross_margin_4q_avg": 16.35,
            "net_income": 145279,
            "revenue": 1921575,
            "common_shares": 1059006,
            "book_valuer_per_share": 41.35,
            "book_valuer_per_share_4q_avg": 41.64,
            "equity": 4668343,
            "current_ratio": 277.81,
            "debt_ratio": 44.91,
            "inventory_turnover_ratio": 2.69,
            "account_receivable_turnover_ratio": 0.98,
            "reinvestment_rate": -24.31,
            "research_to_sale_ratio": 1.27,
            "price_fair": 140.7,
            "eps_avg_yearly": 4.02,
            "eps_latest_yearly": 4.88,
            "eps_growth_yearly": 29.07
        },
        "20201": {
            "year_quarter": 20201,
            "year": 2020,
            "quarter": 1,
            "eps": 0.77,
            "eps_growth_year": 4.05,
            "eps_4q": 4.23,
            "eps_4q_growth_year": 3.52,
            "roe": 1.87,
            "roe_4q": 10.629999999999999,
            "gross_profit": 257247,
            "gross_margin": 18.78,
            "gross_margin_4q_avg": 17.55,
            "net_income": 84574,
            "revenue": 1369520,
            "common_shares": 1059006,
            "book_valuer_per_share": 38.76,
            "book_valuer_per_share_4q_avg": 40.45,
            "equity": 4393086,
            "current_ratio": 207.41,
            "debt_ratio": 45.9,
            "inventory_turnover_ratio": 2.21,
            "account_receivable_turnover_ratio": 0.8,
            "reinvestment_rate": -24.49,
            "research_to_sale_ratio": 1.61,
            "price_fair": 129.84,
            "eps_avg_yearly": 4.03,
            "eps_latest_yearly": 3.08,
            "eps_growth_yearly": 22.26
        },
        "20202": {
            "year_quarter": 20202,
            "year": 2020,
            "quarter": 2,
            "eps": 0.96,
            "eps_growth_year": 9.09,
            "eps_4q": 4.32,
            "eps_4q_growth_year": 6.08,
            "roe": 2.52,
            "roe_4q": 10.97,
            "gross_profit": 241248,
            "gross_margin": 17.46,
            "gross_margin_4q_avg": 18.28,
            "net_income": 110624,
            "revenue": 1381874,
            "common_shares": 1059006,
            "book_valuer_per_share": 38.92,
            "book_valuer_per_share_4q_avg": 39.94,
            "equity": 4403080,
            "current_ratio": 218.95,
            "debt_ratio": 45.01,
            "inventory_turnover_ratio": 2.52,
            "account_receivable_turnover_ratio": 0.97,
            "reinvestment_rate": -28.15,
            "research_to_sale_ratio": 1.47,
            "price_fair": 141.84,
            "eps_avg_yearly": 4.05,
            "eps_latest_yearly": 3.84,
            "eps_growth_yearly": 25.09
        },
        "20203": {
            "year_quarter": 20203,
            "year": 2020,
            "quarter": 3,
            "eps": 1.52,
            "eps_growth_year": 11.76,
            "eps_4q": 4.48,
            "eps_4q_growth_year": 13.69,
            "roe": 3.95,
            "roe_4q": 11.48,
            "gross_profit": 396796,
            "gross_margin": 21.32,
            "gross_margin_4q_avg": 19.43,
            "net_income": 178677,
            "revenue": 1860941,
            "common_shares": 1055956,
            "book_valuer_per_share": 41.01,
            "book_valuer_per_share_4q_avg": 40.01,
            "equity": 4647790,
            "current_ratio": 248.05,
            "debt_ratio": 44.54,
            "inventory_turnover_ratio": 3.5,
            "account_receivable_turnover_ratio": 1.22,
            "reinvestment_rate": -24.72,
            "research_to_sale_ratio": 1.27,
            "price_fair": 144.11,
            "eps_avg_yearly": 4.12,
            "eps_latest_yearly": 6.08,
            "eps_growth_yearly": 27.62
        },
        "20204": {
            "year_quarter": 20204,
            "year": 2020,
            "quarter": 4,
            "eps": 0.99,
            "eps_growth_year": -18.83,
            "eps_4q": 4.25,
            "eps_4q_growth_year": 1.09,
            "roe": 2.7,
            "roe_4q": 11.04,
            "gross_profit": 403197,
            "gross_margin": 23.01,
            "gross_margin_4q_avg": 20.14,
            "net_income": 128565,
            "revenue": 1752283,
            "common_shares": 1055956,
            "book_valuer_per_share": 42.72,
            "book_valuer_per_share_4q_avg": 40.35,
            "equity": 4859804,
            "current_ratio": 295.97,
            "debt_ratio": 44.66,
            "inventory_turnover_ratio": 3.28,
            "account_receivable_turnover_ratio": 1.02,
            "reinvestment_rate": -21.62,
            "research_to_sale_ratio": 1.55,
            "price_fair": 145.25,
            "eps_avg_yearly": 4.15,
            "eps_latest_yearly": 3.96,
            "eps_growth_yearly": 26.84
        },
        "20211": {
            "year_quarter": 20211,
            "year": 2021,
            "quarter": 1,
            "eps": 1.18,
            "eps_growth_year": 53.25,
            "eps_4q": 4.66,
            "eps_4q_growth_year": 10.16,
            "roe": 2.97,
            "roe_4q": 12.14,
            "gross_profit": 325827,
            "gross_margin": 21.49,
            "gross_margin_4q_avg": 20.82,
            "net_income": 140680,
            "revenue": 1516247,
            "common_shares": 1055956,
            "book_valuer_per_share": 40.31,
            "book_valuer_per_share_4q_avg": 40.74,
            "equity": 4618514,
            "current_ratio": 244.46,
            "debt_ratio": 47.3,
            "inventory_turnover_ratio": 2.69,
            "account_receivable_turnover_ratio": 0.9,
            "reinvestment_rate": -18.09,
            "research_to_sale_ratio": 1.52,
            "price_fair": 146.74,
            "eps_avg_yearly": 4.19,
            "eps_latest_yearly": 4.72,
            "eps_growth_yearly": 27.28
        },
        "20212": {
            "year_quarter": 20212,
            "year": 2021,
            "quarter": 2,
            "eps": 1.32,
            "eps_growth_year": 37.5,
            "eps_4q": 5.01,
            "eps_4q_growth_year": 15.83,
            "roe": 3.27,
            "roe_4q": 12.89,
            "gross_profit": 346033,
            "gross_margin": 19.25,
            "gross_margin_4q_avg": 21.27,
            "net_income": 152355,
            "revenue": 1797452,
            "common_shares": 1055956,
            "book_valuer_per_share": 41,
            "book_valuer_per_share_4q_avg": 41.26,
            "equity": 4702350,
            "current_ratio": 196.38,
            "debt_ratio": 47.75,
            "inventory_turnover_ratio": 2.99,
            "account_receivable_turnover_ratio": 1.05,
            "reinvestment_rate": -21.89,
            "research_to_sale_ratio": 1.87,
            "price_fair": 150.24,
            "eps_avg_yearly": 4.29,
            "eps_latest_yearly": 5.28,
            "eps_growth_yearly": 32.47
        },
        "20213": {
            "year_quarter": 20213,
            "year": 2021,
            "quarter": 3,
            "eps": 1.68,
            "eps_growth_year": 10.53,
            "eps_4q": 5.16,
            "eps_4q_growth_year": 15.2,
            "roe": 4.35,
            "roe_4q": 13.29,
            "gross_profit": 444323,
            "gross_margin": 24.12,
            "gross_margin_4q_avg": 21.97,
            "net_income": 208049,
            "revenue": 1842466,
            "common_shares": 1055956,
            "book_valuer_per_share": 42.62,
            "book_valuer_per_share_4q_avg": 41.66,
            "equity": 4870443,
            "current_ratio": 192.85,
            "debt_ratio": 46.54,
            "inventory_turnover_ratio": 2.64,
            "account_receivable_turnover_ratio": 1.03,
            "reinvestment_rate": -23.58,
            "research_to_sale_ratio": 1.19,
            "price_fair": 153.3,
            "eps_avg_yearly": 4.38,
            "eps_latest_yearly": 6.72,
            "eps_growth_yearly": 28.15
        },
        "20214": {
            "year_quarter": 20214,
            "year": 2021,
            "quarter": 4,
            "eps": 0.84,
            "eps_growth_year": -15.14,
            "eps_4q": 5.01,
            "eps_4q_growth_year": 18,
            "roe": 1.93,
            "roe_4q": 12.52,
            "gross_profit": 364427,
            "gross_margin": 19.91,
            "gross_margin_4q_avg": 21.19,
            "net_income": 95168,
            "revenue": 1830765,
            "common_shares": 1055956,
            "book_valuer_per_share": 43.71,
            "book_valuer_per_share_4q_avg": 41.91,
            "equity": 4995029,
            "current_ratio": 292.41,
            "debt_ratio": 46.39,
            "inventory_turnover_ratio": 2.59,
            "account_receivable_turnover_ratio": 1.03,
            "reinvestment_rate": -26.24,
            "research_to_sale_ratio": 1.15,
            "price_fair": 149.94,
            "eps_avg_yearly": 4.37,
            "eps_latest_yearly": 3.36,
            "eps_growth_yearly": 24.29
        },
        "20221": {
            "year_quarter": 20221,
            "year": 2022,
            "quarter": 1,
            "eps": 1.11,
            "eps_growth_year": -5.93,
            "eps_4q": 4.95,
            "eps_4q_growth_year": 6.24,
            "roe": 2.59,
            "roe_4q": 12.139999999999999,
            "gross_profit": 327011,
            "gross_margin": 20.44,
            "gross_margin_4q_avg": 20.93,
            "net_income": 129017,
            "revenue": 1600015,
            "common_shares": 1055956,
            "book_valuer_per_share": 43.32,
            "book_valuer_per_share_4q_avg": 42.66,
            "equity": 4979859,
            "current_ratio": 177.56,
            "debt_ratio": 47.46,
            "inventory_turnover_ratio": 1.94,
            "account_receivable_turnover_ratio": 0.96,
            "reinvestment_rate": -23.87,
            "research_to_sale_ratio": 1.75,
            "price_fair": 156.45,
            "eps_avg_yearly": 4.47,
            "eps_latest_yearly": 4.44,
            "eps_growth_yearly": 36.64
        },
        "20222": {
            "year_quarter": 20222,
            "year": 2022,
            "quarter": 2,
            "eps": 1.23,
            "eps_growth_year": -6.82,
            "eps_4q": 4.87,
            "eps_4q_growth_year": -2.87,
            "roe": 2.8,
            "roe_4q": 11.669999999999998,
            "gross_profit": 346520,
            "gross_margin": 18.95,
            "gross_margin_4q_avg": 20.86,
            "net_income": 141117,
            "revenue": 1828643,
            "common_shares": 1055956,
            "book_valuer_per_share": 44.56,
            "book_valuer_per_share_4q_avg": 43.55,
            "equity": 5115884,
            "current_ratio": 166.99,
            "debt_ratio": 47.32,
            "inventory_turnover_ratio": 1.95,
            "account_receivable_turnover_ratio": 1.07,
            "reinvestment_rate": -11.82,
            "research_to_sale_ratio": 1.38,
            "price_fair": 159.51,
            "eps_avg_yearly": 4.56,
            "eps_latest_yearly": 4.92,
            "eps_growth_yearly": 33.79
        },
        "20223": {
            "year_quarter": 20223,
            "year": 2022,
            "quarter": 3,
            "eps": 2.19,
            "eps_growth_year": 30.36,
            "eps_4q": 5.38,
            "eps_4q_growth_year": 4.08,
            "roe": 5.34,
            "roe_4q": 12.66,
            "gross_profit": 640103,
            "gross_margin": 26.9,
            "gross_margin_4q_avg": 21.55,
            "net_income": 283903,
            "revenue": 2379478,
            "common_shares": 1055956,
            "book_valuer_per_share": 48.22,
            "book_valuer_per_share_4q_avg": 44.95,
            "equity": 5516125,
            "current_ratio": 171.21,
            "debt_ratio": 47.53,
            "inventory_turnover_ratio": 2.41,
            "account_receivable_turnover_ratio": 1.12,
            "reinvestment_rate": -6.1,
            "research_to_sale_ratio": 1.59,
            "price_fair": 165.81,
            "eps_avg_yearly": 4.74,
            "eps_latest_yearly": 8.76,
            "eps_growth_yearly": 36.54
        },
        "20224": {
            "year_quarter": 20224,
            "year": 2022,
            "quarter": 4,
            "eps": 0.9,
            "eps_growth_year": 6.4,
            "eps_4q": 5.43,
            "eps_4q_growth_year": 8.28,
            "roe": 1.91,
            "roe_4q": 12.64,
            "gross_profit": 513881,
            "gross_margin": 25.13,
            "gross_margin_4q_avg": 22.86,
            "net_income": 105955,
            "revenue": 2045207,
            "common_shares": 1055956,
            "book_valuer_per_share": 48.96,
            "book_valuer_per_share_4q_avg": 46.27,
            "equity": 5598548,
            "current_ratio": 213.4,
            "debt_ratio": 46.43,
            "inventory_turnover_ratio": 2.29,
            "account_receivable_turnover_ratio": 0.89,
            "reinvestment_rate": -10.85,
            "research_to_sale_ratio": 1.22,
            "price_fair": 165.29,
            "eps_avg_yearly": 4.72,
            "eps_latest_yearly": 3.6,
            "eps_growth_yearly": 30.48
        },
        "20231": {
            "year_quarter": 20231,
            "year": 2023,
            "quarter": 1,
            "eps": 1.12,
            "eps_growth_year": 0.9,
            "eps_4q": 5.43,
            "eps_4q_growth_year": 9.77,
            "roe": 2.2,
            "roe_4q": 12.25,
            "gross_profit": 268731,
            "gross_margin": 17.31,
            "gross_margin_4q_avg": 22.07,
            "net_income": 120991,
            "revenue": 1552170,
            "common_shares": 1055956,
            "book_valuer_per_share": 46.85,
            "book_valuer_per_share_4q_avg": 47.15,
            "equity": 5381215,
            "current_ratio": 170.05,
            "debt_ratio": 42.89,
            "inventory_turnover_ratio": 1.79,
            "account_receivable_turnover_ratio": 0.81,
            "reinvestment_rate": -12.82,
            "research_to_sale_ratio": 1.81,
            "price_fair": 168.61,
            "eps_avg_yearly": 4.82,
            "eps_latest_yearly": 4.48,
            "eps_growth_yearly": 42.32
        }
    },
    "months": {
        "2001-09": {
            "month": "2001-09",
            "price": "34.44",
            "revenue": 258339
        },
        "2001-10": {
            "month": "2001-10",
            "price": "36.95",
            "revenue": 265973
        },
        "2001-11": {
            "month": "2001-11",
            "price": "49.01",
            "revenue": 265638
        },
        "2001-12": {
            "month": "2001-12",
            "price": "58.10",
            "revenue": 211625
        },
        "2002-01": {
            "month": "2002-01",
            "price": "62.82",
            "revenue": 228180
        },
        "2002-02": {
            "month": "2002-02",
            "price": "63.25",
            "revenue": 186559
        },
        "2002-03": {
            "month": "2002-03",
            "price": "61.52",
            "revenue": 266197
        },
        "2002-04": {
            "month": "2002-04",
            "price": "58.14",
            "revenue": 286830
        },
        "2002-05": {
            "month": "2002-05",
            "price": "52.31",
            "revenue": 376597
        },
        "2002-06": {
            "month": "2002-06",
            "price": "52.52",
            "revenue": 376334
        },
        "2002-07": {
            "month": "2002-07",
            "price": "47.07",
            "revenue": 389684
        },
        "2002-08": {
            "month": "2002-08",
            "price": "47.26",
            "revenue": 433557
        },
        "2002-09": {
            "month": "2002-09",
            "price": "44.10",
            "revenue": 474361
        },
        "2002-10": {
            "month": "2002-10",
            "price": "39.28",
            "revenue": 498460
        },
        "2002-11": {
            "month": "2002-11",
            "price": "39.96",
            "revenue": 440130
        },
        "2002-12": {
            "month": "2002-12",
            "price": "37.84",
            "revenue": 268632
        },
        "2003-01": {
            "month": "2003-01",
            "price": "38.90",
            "revenue": 388478
        },
        "2003-02": {
            "month": "2003-02",
            "price": "38.73",
            "revenue": 344488
        },
        "2003-03": {
            "month": "2003-03",
            "price": "39.48",
            "revenue": 414083
        },
        "2003-04": {
            "month": "2003-04",
            "price": "41.16",
            "revenue": 398787
        },
        "2003-05": {
            "month": "2003-05",
            "price": "43.09",
            "revenue": 446942
        },
        "2003-06": {
            "month": "2003-06",
            "price": "51.88",
            "revenue": 493147
        },
        "2003-07": {
            "month": "2003-07",
            "price": "52.27",
            "revenue": 431790
        },
        "2003-08": {
            "month": "2003-08",
            "price": "54.60",
            "revenue": 550696
        },
        "2003-09": {
            "month": "2003-09",
            "price": "53.05",
            "revenue": 602674
        },
        "2003-10": {
            "month": "2003-10",
            "price": "51.82",
            "revenue": 704575
        },
        "2003-11": {
            "month": "2003-11",
            "price": "51.95",
            "revenue": 730565
        },
        "2003-12": {
            "month": "2003-12",
            "price": "52.22",
            "revenue": 685184
        },
        "2004-01": {
            "month": "2004-01",
            "price": "52.47",
            "revenue": 428440
        },
        "2004-02": {
            "month": "2004-02",
            "price": "52.32",
            "revenue": 584369
        },
        "2004-03": {
            "month": "2004-03",
            "price": "52.83",
            "revenue": 579609
        },
        "2004-04": {
            "month": "2004-04",
            "price": "47.96",
            "revenue": 616800
        },
        "2004-05": {
            "month": "2004-05",
            "price": "40.62",
            "revenue": 621226
        },
        "2004-06": {
            "month": "2004-06",
            "price": "39.12",
            "revenue": 468979
        },
        "2004-07": {
            "month": "2004-07",
            "price": "35.87",
            "revenue": 336304
        },
        "2004-08": {
            "month": "2004-08",
            "price": "34.40",
            "revenue": 465856
        },
        "2004-09": {
            "month": "2004-09",
            "price": "33.33",
            "revenue": 628341
        },
        "2004-10": {
            "month": "2004-10",
            "price": "31.42",
            "revenue": 402915
        },
        "2004-11": {
            "month": "2004-11",
            "price": "27.90",
            "revenue": 578266
        },
        "2004-12": {
            "month": "2004-12",
            "price": "25.67",
            "revenue": 339743
        },
        "2005-01": {
            "month": "2005-01",
            "price": "25.17",
            "revenue": 403809
        },
        "2005-02": {
            "month": "2005-02",
            "price": "27.55",
            "revenue": 243059
        },
        "2005-03": {
            "month": "2005-03",
            "price": "29.18",
            "revenue": 453489
        },
        "2005-04": {
            "month": "2005-04",
            "price": "35.69",
            "revenue": 427814
        },
        "2005-05": {
            "month": "2005-05",
            "price": "37.93",
            "revenue": 456876
        },
        "2005-06": {
            "month": "2005-06",
            "price": "39.01",
            "revenue": 506542
        },
        "2005-07": {
            "month": "2005-07",
            "price": "42.26",
            "revenue": 544250
        },
        "2005-08": {
            "month": "2005-08",
            "price": "45.58",
            "revenue": 556930
        },
        "2005-09": {
            "month": "2005-09",
            "price": "43.41",
            "revenue": 534886
        },
        "2005-10": {
            "month": "2005-10",
            "price": "43.88",
            "revenue": 561314
        },
        "2005-11": {
            "month": "2005-11",
            "price": "40.40",
            "revenue": 556374
        },
        "2005-12": {
            "month": "2005-12",
            "price": "45.00",
            "revenue": 586039
        },
        "2006-01": {
            "month": "2006-01",
            "price": "43.44",
            "revenue": 474688
        },
        "2006-02": {
            "month": "2006-02",
            "price": "41.81",
            "revenue": 513121
        },
        "2006-03": {
            "month": "2006-03",
            "price": "45.56",
            "revenue": 472183
        },
        "2006-04": {
            "month": "2006-04",
            "price": "51.24",
            "revenue": 477717
        },
        "2006-05": {
            "month": "2006-05",
            "price": "54.22",
            "revenue": 474403
        },
        "2006-06": {
            "month": "2006-06",
            "price": "40.45",
            "revenue": 452507
        },
        "2006-07": {
            "month": "2006-07",
            "price": "44.69",
            "revenue": 512368
        },
        "2006-08": {
            "month": "2006-08",
            "price": "47.86",
            "revenue": 471071
        },
        "2006-09": {
            "month": "2006-09",
            "price": "42.68",
            "revenue": 495888
        },
        "2006-10": {
            "month": "2006-10",
            "price": "40.63",
            "revenue": 487361
        },
        "2006-11": {
            "month": "2006-11",
            "price": "41.39",
            "revenue": 418687
        },
        "2006-12": {
            "month": "2006-12",
            "price": "41.03",
            "revenue": 319461
        },
        "2007-01": {
            "month": "2007-01",
            "price": "40.95",
            "revenue": 320793
        },
        "2007-02": {
            "month": "2007-02",
            "price": "40.02",
            "revenue": 230067
        },
        "2007-03": {
            "month": "2007-03",
            "price": "37.90",
            "revenue": 303085
        },
        "2007-04": {
            "month": "2007-04",
            "price": "40.01",
            "revenue": 383468
        },
        "2007-05": {
            "month": "2007-05",
            "price": "37.58",
            "revenue": 449247
        },
        "2007-06": {
            "month": "2007-06",
            "price": "38.31",
            "revenue": 514226
        },
        "2007-07": {
            "month": "2007-07",
            "price": "39.72",
            "revenue": 621223
        },
        "2007-08": {
            "month": "2007-08",
            "price": "32.69",
            "revenue": 565226
        },
        "2007-09": {
            "month": "2007-09",
            "price": "31.70",
            "revenue": 785784
        },
        "2007-10": {
            "month": "2007-10",
            "price": "33.40",
            "revenue": 748624
        },
        "2007-11": {
            "month": "2007-11",
            "price": "28.85",
            "revenue": 586734
        },
        "2007-12": {
            "month": "2007-12",
            "price": "24.80",
            "revenue": 521944
        },
        "2008-01": {
            "month": "2008-01",
            "price": "23.07",
            "revenue": 396421
        },
        "2008-02": {
            "month": "2008-02",
            "price": "22.97",
            "revenue": 304934
        },
        "2008-03": {
            "month": "2008-03",
            "price": "25.38",
            "revenue": 492935
        },
        "2008-04": {
            "month": "2008-04",
            "price": "26.70",
            "revenue": 494320
        },
        "2008-05": {
            "month": "2008-05",
            "price": "25.66",
            "revenue": 555508
        },
        "2008-06": {
            "month": "2008-06",
            "price": "22.74",
            "revenue": 513128
        },
        "2008-07": {
            "month": "2008-07",
            "price": "19.75",
            "revenue": 528874
        },
        "2008-08": {
            "month": "2008-08",
            "price": "17.61",
            "revenue": 613750
        },
        "2008-09": {
            "month": "2008-09",
            "price": "14.66",
            "revenue": 626839
        },
        "2008-10": {
            "month": "2008-10",
            "price": "12.08",
            "revenue": 650899
        },
        "2008-11": {
            "month": "2008-11",
            "price": "10.90",
            "revenue": 462807
        },
        "2008-12": {
            "month": "2008-12",
            "price": "10.78",
            "revenue": 368397
        },
        "2009-01": {
            "month": "2009-01",
            "price": "11.10",
            "revenue": 258452
        },
        "2009-02": {
            "month": "2009-02",
            "price": "11.04",
            "revenue": 306851
        },
        "2009-03": {
            "month": "2009-03",
            "price": "12.48",
            "revenue": 360517
        },
        "2009-04": {
            "month": "2009-04",
            "price": "14.85",
            "revenue": 484228
        },
        "2009-05": {
            "month": "2009-05",
            "price": "16.20",
            "revenue": 417149
        },
        "2009-06": {
            "month": "2009-06",
            "price": "16.18",
            "revenue": 561670
        },
        "2009-07": {
            "month": "2009-07",
            "price": "16.38",
            "revenue": 625270
        },
        "2009-08": {
            "month": "2009-08",
            "price": "17.64",
            "revenue": 566672
        },
        "2009-09": {
            "month": "2009-09",
            "price": "18.57",
            "revenue": 600991
        },
        "2009-10": {
            "month": "2009-10",
            "price": "20.33",
            "revenue": 548078
        },
        "2009-11": {
            "month": "2009-11",
            "price": "20.70",
            "revenue": 562369
        },
        "2009-12": {
            "month": "2009-12",
            "price": "22.86",
            "revenue": 507541
        },
        "2010-01": {
            "month": "2010-01",
            "price": "23.30",
            "revenue": 559465
        },
        "2010-02": {
            "month": "2010-02",
            "price": "21.45",
            "revenue": 408692
        },
        "2010-03": {
            "month": "2010-03",
            "price": "23.19",
            "revenue": 588610
        },
        "2010-04": {
            "month": "2010-04",
            "price": "24.80",
            "revenue": 648236
        },
        "2010-05": {
            "month": "2010-05",
            "price": "24.01",
            "revenue": 627935
        },
        "2010-06": {
            "month": "2010-06",
            "price": "23.61",
            "revenue": 529286
        },
        "2010-07": {
            "month": "2010-07",
            "price": "23.40",
            "revenue": 594184
        },
        "2010-08": {
            "month": "2010-08",
            "price": "27.60",
            "revenue": 530790
        },
        "2010-09": {
            "month": "2010-09",
            "price": "29.37",
            "revenue": 466108
        },
        "2010-10": {
            "month": "2010-10",
            "price": "29.23",
            "revenue": 443121
        },
        "2010-11": {
            "month": "2010-11",
            "price": "28.71",
            "revenue": 444588
        },
        "2010-12": {
            "month": "2010-12",
            "price": "34.52",
            "revenue": 443405
        },
        "2011-01": {
            "month": "2011-01",
            "price": "34.15",
            "revenue": 435354
        },
        "2011-02": {
            "month": "2011-02",
            "price": "33.24",
            "revenue": 357621
        },
        "2011-03": {
            "month": "2011-03",
            "price": "32.07",
            "revenue": 562126
        },
        "2011-04": {
            "month": "2011-04",
            "price": "33.98",
            "revenue": 705600
        },
        "2011-05": {
            "month": "2011-05",
            "price": "35.85",
            "revenue": 694884
        },
        "2011-06": {
            "month": "2011-06",
            "price": "34.68",
            "revenue": 723289
        },
        "2011-07": {
            "month": "2011-07",
            "price": "33.29",
            "revenue": 785754
        },
        "2011-08": {
            "month": "2011-08",
            "price": "28.55",
            "revenue": 693927
        },
        "2011-09": {
            "month": "2011-09",
            "price": "27.44",
            "revenue": 1227309
        },
        "2011-10": {
            "month": "2011-10",
            "price": "27.75",
            "revenue": 1205961
        },
        "2011-11": {
            "month": "2011-11",
            "price": "27.01",
            "revenue": 1182727
        },
        "2011-12": {
            "month": "2011-12",
            "price": "25.31",
            "revenue": 1027192
        },
        "2012-01": {
            "month": "2012-01",
            "price": "26.01",
            "revenue": 949882
        },
        "2012-02": {
            "month": "2012-02",
            "price": "29.52",
            "revenue": 924211
        },
        "2012-03": {
            "month": "2012-03",
            "price": "30.48",
            "revenue": 1112870
        },
        "2012-04": {
            "month": "2012-04",
            "price": "27.30",
            "revenue": 1101279
        },
        "2012-05": {
            "month": "2012-05",
            "price": "25.53",
            "revenue": 1297033
        },
        "2012-06": {
            "month": "2012-06",
            "price": "24.84",
            "revenue": 1295541
        },
        "2012-07": {
            "month": "2012-07",
            "price": "25.14",
            "revenue": 1238823
        },
        "2012-08": {
            "month": "2012-08",
            "price": "24.99",
            "revenue": 1199383
        },
        "2012-09": {
            "month": "2012-09",
            "price": "25.03",
            "revenue": 1081230
        },
        "2012-10": {
            "month": "2012-10",
            "price": "23.85",
            "revenue": 1049913
        },
        "2012-11": {
            "month": "2012-11",
            "price": "23.72",
            "revenue": 1040296
        },
        "2012-12": {
            "month": "2012-12",
            "price": "24.14",
            "revenue": 1062241
        },
        "2013-01": {
            "month": "2013-01",
            "price": "24.82",
            "revenue": 1082000
        },
        "2013-02": {
            "month": "2013-02",
            "price": "26.32",
            "revenue": 698609
        },
        "2013-03": {
            "month": "2013-03",
            "price": "26.77",
            "revenue": 934914
        },
        "2013-04": {
            "month": "2013-04",
            "price": "26.66",
            "revenue": 1121799
        },
        "2013-05": {
            "month": "2013-05",
            "price": "27.24",
            "revenue": 1133931
        },
        "2013-06": {
            "month": "2013-06",
            "price": "27.18",
            "revenue": 1101228
        },
        "2013-07": {
            "month": "2013-07",
            "price": "27.78",
            "revenue": 1207126
        },
        "2013-08": {
            "month": "2013-08",
            "price": "27.12",
            "revenue": 1416594
        },
        "2013-09": {
            "month": "2013-09",
            "price": "27.31",
            "revenue": 1333775
        },
        "2013-10": {
            "month": "2013-10",
            "price": "29.91",
            "revenue": 1379427
        },
        "2013-11": {
            "month": "2013-11",
            "price": "31.48",
            "revenue": 1075026
        },
        "2013-12": {
            "month": "2013-12",
            "price": "31.65",
            "revenue": 987572
        },
        "2014-01": {
            "month": "2014-01",
            "price": "31.52",
            "revenue": 744924
        },
        "2014-02": {
            "month": "2014-02",
            "price": "29.73",
            "revenue": 563760
        },
        "2014-03": {
            "month": "2014-03",
            "price": "29.90",
            "revenue": 818639
        },
        "2014-04": {
            "month": "2014-04",
            "price": "29.79",
            "revenue": 935592
        },
        "2014-05": {
            "month": "2014-05",
            "price": "29.53",
            "revenue": 949506
        },
        "2014-06": {
            "month": "2014-06",
            "price": "30.01",
            "revenue": 872437
        },
        "2014-07": {
            "month": "2014-07",
            "price": "32.94",
            "revenue": 963171
        },
        "2014-08": {
            "month": "2014-08",
            "price": "36.07",
            "revenue": 1066802
        },
        "2014-09": {
            "month": "2014-09",
            "price": "38.66",
            "revenue": 965516
        },
        "2014-10": {
            "month": "2014-10",
            "price": "41.03",
            "revenue": 935373
        },
        "2014-11": {
            "month": "2014-11",
            "price": "38.70",
            "revenue": 907692
        },
        "2014-12": {
            "month": "2014-12",
            "price": "39.84",
            "revenue": 919163
        },
        "2015-01": {
            "month": "2015-01",
            "price": "41.80",
            "revenue": 891950
        },
        "2015-02": {
            "month": "2015-02",
            "price": "43.05",
            "revenue": 680208
        },
        "2015-03": {
            "month": "2015-03",
            "price": "43.38",
            "revenue": 796559
        },
        "2015-04": {
            "month": "2015-04",
            "price": "41.57",
            "revenue": 1070222
        },
        "2015-05": {
            "month": "2015-05",
            "price": "39.91",
            "revenue": 1031074
        },
        "2015-06": {
            "month": "2015-06",
            "price": "38.02",
            "revenue": 1013375
        },
        "2015-07": {
            "month": "2015-07",
            "price": "34.48",
            "revenue": 873905
        },
        "2015-08": {
            "month": "2015-08",
            "price": "30.66",
            "revenue": 983735
        },
        "2015-09": {
            "month": "2015-09",
            "price": "31.64",
            "revenue": 1006199
        },
        "2015-10": {
            "month": "2015-10",
            "price": "34.02",
            "revenue": 905081
        },
        "2015-11": {
            "month": "2015-11",
            "price": "33.86",
            "revenue": 871222
        },
        "2015-12": {
            "month": "2015-12",
            "price": "32.22",
            "revenue": 992054
        },
        "2016-01": {
            "month": "2016-01",
            "price": "31.15",
            "revenue": 926677
        },
        "2016-02": {
            "month": "2016-02",
            "price": "32.70",
            "revenue": 621412
        },
        "2016-03": {
            "month": "2016-03",
            "price": "33.57",
            "revenue": 966596
        },
        "2016-04": {
            "month": "2016-04",
            "price": "33.65",
            "revenue": 1011312
        },
        "2016-05": {
            "month": "2016-05",
            "price": "33.19",
            "revenue": 1225858
        },
        "2016-06": {
            "month": "2016-06",
            "price": "33.82",
            "revenue": 1091416
        },
        "2016-07": {
            "month": "2016-07",
            "price": "35.33",
            "revenue": 1440822
        },
        "2016-08": {
            "month": "2016-08",
            "price": "35.44",
            "revenue": 1210464
        },
        "2016-09": {
            "month": "2016-09",
            "price": "34.92",
            "revenue": 911314
        },
        "2016-10": {
            "month": "2016-10",
            "price": "35.19",
            "revenue": 839001
        },
        "2016-11": {
            "month": "2016-11",
            "price": "35.76",
            "revenue": 868214
        },
        "2016-12": {
            "month": "2016-12",
            "price": "35.63",
            "revenue": 892144
        },
        "2017-01": {
            "month": "2017-01",
            "price": "35.44",
            "revenue": 1000619
        },
        "2017-02": {
            "month": "2017-02",
            "price": "37.24",
            "revenue": 641117
        },
        "2017-03": {
            "month": "2017-03",
            "price": "40.38",
            "revenue": 852826
        },
        "2017-04": {
            "month": "2017-04",
            "price": "41.93",
            "revenue": 827747
        },
        "2017-05": {
            "month": "2017-05",
            "price": "42.10",
            "revenue": 775381
        },
        "2017-06": {
            "month": "2017-06",
            "price": "40.65",
            "revenue": 798714
        },
        "2017-07": {
            "month": "2017-07",
            "price": "37.93",
            "revenue": 1000258
        },
        "2017-08": {
            "month": "2017-08",
            "price": "39.25",
            "revenue": 999994
        },
        "2017-09": {
            "month": "2017-09",
            "price": "40.49",
            "revenue": 990086
        },
        "2017-10": {
            "month": "2017-10",
            "price": "42.62",
            "revenue": 820247
        },
        "2017-11": {
            "month": "2017-11",
            "price": "44.08",
            "revenue": 806341
        },
        "2017-12": {
            "month": "2017-12",
            "price": "43.09",
            "revenue": 769180
        },
        "2018-01": {
            "month": "2018-01",
            "price": "43.04",
            "revenue": 738802
        },
        "2018-02": {
            "month": "2018-02",
            "price": "42.45",
            "revenue": 513023
        },
        "2018-03": {
            "month": "2018-03",
            "price": "43.32",
            "revenue": 697773
        },
        "2018-04": {
            "month": "2018-04",
            "price": "43.14",
            "revenue": 822331
        },
        "2018-05": {
            "month": "2018-05",
            "price": "41.93",
            "revenue": 857158
        },
        "2018-06": {
            "month": "2018-06",
            "price": "42.10",
            "revenue": 887259
        },
        "2018-07": {
            "month": "2018-07",
            "price": "37.72",
            "revenue": 851486
        },
        "2018-08": {
            "month": "2018-08",
            "price": "37.66",
            "revenue": 878436
        },
        "2018-09": {
            "month": "2018-09",
            "price": "36.99",
            "revenue": 663062
        },
        "2018-10": {
            "month": "2018-10",
            "price": "34.96",
            "revenue": 606298
        },
        "2018-11": {
            "month": "2018-11",
            "price": "35.85",
            "revenue": 641649
        },
        "2018-12": {
            "month": "2018-12",
            "price": "35.95",
            "revenue": 635216
        },
        "2019-01": {
            "month": "2019-01",
            "price": "36.18",
            "revenue": 670194
        },
        "2019-02": {
            "month": "2019-02",
            "price": "38.20",
            "revenue": 422687
        },
        "2019-03": {
            "month": "2019-03",
            "price": "39.02",
            "revenue": 633381
        },
        "2019-04": {
            "month": "2019-04",
            "price": "39.37",
            "revenue": 666166
        },
        "2019-05": {
            "month": "2019-05",
            "price": "38.71",
            "revenue": 626371
        },
        "2019-06": {
            "month": "2019-06",
            "price": "38.62",
            "revenue": 588067
        },
        "2019-07": {
            "month": "2019-07",
            "price": "37.80",
            "revenue": 693981
        },
        "2019-08": {
            "month": "2019-08",
            "price": "36.45",
            "revenue": 725680
        },
        "2019-09": {
            "month": "2019-09",
            "price": "37.21",
            "revenue": 621076
        },
        "2019-10": {
            "month": "2019-10",
            "price": "38.68",
            "revenue": 632349
        },
        "2019-11": {
            "month": "2019-11",
            "price": "41.05",
            "revenue": 694806
        },
        "2019-12": {
            "month": "2019-12",
            "price": "42.37",
            "revenue": 594420
        },
        "2020-01": {
            "month": "2020-01",
            "price": "42.93",
            "revenue": 455822
        },
        "2020-02": {
            "month": "2020-02",
            "price": "41.28",
            "revenue": 397700
        },
        "2020-03": {
            "month": "2020-03",
            "price": "37.95",
            "revenue": 515998
        },
        "2020-04": {
            "month": "2020-04",
            "price": "39.18",
            "revenue": 504836
        },
        "2020-05": {
            "month": "2020-05",
            "price": "40.53",
            "revenue": 419422
        },
        "2020-06": {
            "month": "2020-06",
            "price": "41.12",
            "revenue": 457616
        },
        "2020-07": {
            "month": "2020-07",
            "price": "39.57",
            "revenue": 602003
        },
        "2020-08": {
            "month": "2020-08",
            "price": "40.15",
            "revenue": 635483
        },
        "2020-09": {
            "month": "2020-09",
            "price": "41.07",
            "revenue": 623455
        },
        "2020-10": {
            "month": "2020-10",
            "price": "43.66",
            "revenue": 597301
        },
        "2020-11": {
            "month": "2020-11",
            "price": "45.50",
            "revenue": 581800
        },
        "2020-12": {
            "month": "2020-12",
            "price": "45.76",
            "revenue": 573182
        },
        "2021-01": {
            "month": "2021-01",
            "price": "45.78",
            "revenue": 534523
        },
        "2021-02": {
            "month": "2021-02",
            "price": "46.47",
            "revenue": 438743
        },
        "2021-03": {
            "month": "2021-03",
            "price": "51.55",
            "revenue": 542981
        },
        "2021-04": {
            "month": "2021-04",
            "price": "56.69",
            "revenue": 593108
        },
        "2021-05": {
            "month": "2021-05",
            "price": "53.31",
            "revenue": 601991
        },
        "2021-06": {
            "month": "2021-06",
            "price": "54.94",
            "revenue": 602353
        },
        "2021-07": {
            "month": "2021-07",
            "price": "54.99",
            "revenue": 626641
        },
        "2021-08": {
            "month": "2021-08",
            "price": "53.96",
            "revenue": 612134
        },
        "2021-09": {
            "month": "2021-09",
            "price": "54.25",
            "revenue": 603691
        },
        "2021-10": {
            "month": "2021-10",
            "price": "53.98",
            "revenue": 630258
        },
        "2021-11": {
            "month": "2021-11",
            "price": "58.38",
            "revenue": 637743
        },
        "2021-12": {
            "month": "2021-12",
            "price": "59.01",
            "revenue": 562764
        },
        "2022-01": {
            "month": "2022-01",
            "price": "58.51",
            "revenue": 599682
        },
        "2022-02": {
            "month": "2022-02",
            "price": "57.76",
            "revenue": 436550
        },
        "2022-03": {
            "month": "2022-03",
            "price": "57.09",
            "revenue": 563783
        },
        "2022-04": {
            "month": "2022-04",
            "price": "53.33",
            "revenue": 513181
        },
        "2022-05": {
            "month": "2022-05",
            "price": "50.49",
            "revenue": 631727
        },
        "2022-06": {
            "month": "2022-06",
            "price": "50.73",
            "revenue": 683735
        },
        "2022-07": {
            "month": "2022-07",
            "price": "47.38",
            "revenue": 766310
        },
        "2022-08": {
            "month": "2022-08",
            "price": "49.38",
            "revenue": 814858
        },
        "2022-09": {
            "month": "2022-09",
            "price": "51.15",
            "revenue": 798310
        },
        "2022-10": {
            "month": "2022-10",
            "price": "50.48",
            "revenue": 714950
        },
        "2022-11": {
            "month": "2022-11",
            "price": "51.27",
            "revenue": 658898
        },
        "2022-12": {
            "month": "2022-12",
            "price": "52.00",
            "revenue": 671359
        },
        "2023-01": {
            "month": "2023-01",
            "price": "52.15",
            "revenue": 522641
        },
        "2023-02": {
            "month": "2023-02",
            "price": "54.62",
            "revenue": 515831
        },
        "2023-03": {
            "month": "2023-03",
            "price": "56.95",
            "revenue": 513698
        },
        "2023-04": {
            "month": "2023-04",
            "price": "56.87",
            "revenue": 516579
        }
    }
}
