{
    "summary": {
        "stock_name": "建通",
        "stock_id": "2460",
        "category": "電子零組件",
        "main_business": "精密電子產品及其零件、電器類機器之製造、加工<br>銅之原、廢料買賣、電鍍加工、煉銅<br>前述有關產品進出口貿易業務",
        "website_url": "http://www.gem.com.tw",
        "ceo": "何易霖",
        "pe_ratio": -23,
        "report_year_from": 2001,
        "report_year_to": 2023,
        "age": 22,
        "eps_negative_percentage": 26,
        "eps_growth_avg": {
            "last_all": -18.52,
            "last_2y": -100,
            "last_4y": -100,
            "last_8y": -50,
            "last_12y": -49.95,
            "last_16y": -29.63,
            "last_20y": -18.52,
            "at_2006_last_3y": 14.81,
            "at_2007_last_3y": 4.81,
            "at_2008_last_3y": -2.54,
            "at_2009_last_3y": 11,
            "at_2010_last_3y": -18.83,
            "at_2011_last_3y": -25.72,
            "at_2012_last_3y": -29.82,
            "at_2013_last_3y": -49.89,
            "at_2014_last_3y": -20.06,
            "at_2015_last_3y": -34.43,
            "at_2016_last_3y": -28,
            "at_2017_last_3y": -33.33,
            "at_2018_last_3y": -100,
            "at_2019_last_3y": -100,
            "at_2020_last_3y": -100,
            "at_2021_last_3y": null,
            "at_2022_last_3y": -100,
            "at_2023_last_3y": -100,
            "at_2006_last_all": 31.85,
            "at_2007_last_all": 24.04,
            "at_2008_last_all": 15.28,
            "at_2009_last_all": 12.9,
            "at_2010_last_all": 9.32,
            "at_2011_last_all": 4.14,
            "at_2012_last_all": -1.12,
            "at_2013_last_all": -8.03,
            "at_2014_last_all": 0.28,
            "at_2015_last_all": -6.88,
            "at_2016_last_all": -6.88,
            "at_2017_last_all": -13.09,
            "at_2018_last_all": -13.09,
            "at_2019_last_all": -13.09,
            "at_2020_last_all": -13.09,
            "at_2021_last_all": -13.09,
            "at_2022_last_all": -18.52,
            "at_2023_last_all": -18.52
        },
        "latest_eps": -0.89,
        "latest_price": 20.1,
        "latest_roe": -6.21,
        "latest_gross_margin": 3.85,
        "latest_equity": 2284159,
        "latest_revenue": 563896,
        "latest_gross_profit": 21711,
        "latest_net_income": -38541,
        "latest_debt_ratio": 52.81,
        "latest_current_ratio": 158.81,
        "latest_account_receivable_turnover_ratio": 0.72,
        "latest_inventory_turnover_ratio": 0.67,
        "latest_reinvestment_rate": null,
        "latest_research_to_sale_ratio": 0.53
    },
    "eps_dividends": {
        "1999": {
            "cash": 0,
            "stock": 2,
            "eps": 0
        },
        "2000": {
            "cash": 0,
            "stock": 2,
            "eps": 0
        },
        "2001": {
            "cash": 0,
            "stock": 2,
            "eps": 1.02
        },
        "2002": {
            "cash": 0,
            "stock": 1,
            "eps": 2.64
        },
        "2003": {
            "cash": 0,
            "stock": 2,
            "eps": 3.3
        },
        "2004": {
            "cash": 1,
            "stock": 2,
            "eps": 3.04
        },
        "2005": {
            "cash": 1,
            "stock": 1,
            "eps": 1.28
        },
        "2006": {
            "cash": 0,
            "stock": 1,
            "eps": 4.54
        },
        "2007": {
            "cash": 2,
            "stock": 2,
            "eps": 3.86
        },
        "2008": {
            "cash": 1,
            "stock": 2,
            "eps": 2.42
        },
        "2009": {
            "cash": 1,
            "stock": 0,
            "eps": 2.33
        },
        "2010": {
            "cash": 2,
            "stock": 0,
            "eps": 1.88
        },
        "2011": {
            "cash": 2,
            "stock": 0,
            "eps": 1.08
        },
        "2012": {
            "cash": 0,
            "stock": 0,
            "eps": 0.5
        },
        "2013": {
            "cash": 0,
            "stock": 0,
            "eps": 0.08
        },
        "2014": {
            "cash": 0,
            "stock": 0,
            "eps": 0.51
        },
        "2015": {
            "cash": 0,
            "stock": 0,
            "eps": -0.25
        },
        "2016": {
            "cash": 0,
            "stock": 0,
            "eps": 0.28
        },
        "2017": {
            "cash": 0,
            "stock": 0,
            "eps": 0
        },
        "2018": {
            "cash": 0,
            "stock": 0,
            "eps": -0.53
        },
        "2019": {
            "cash": 0,
            "stock": 0,
            "eps": -1.13
        },
        "2020": {
            "cash": 0,
            "stock": 0,
            "eps": -0.25
        },
        "2021": {
            "cash": 0,
            "stock": 0,
            "eps": 1.46
        },
        "2022": {
            "cash": 0,
            "stock": 0,
            "eps": -0.62
        },
        "2023": {
            "cash": 0,
            "stock": 0,
            "eps": -0.23
        }
    },
    "dividends": {
        "1999-05-29": {
            "cash": 0,
            "stock": 1.5
        },
        "2000-06-09": {
            "cash": 0,
            "stock": 1.5
        },
        "2001-06-01": {
            "cash": 0.25,
            "stock": 2
        },
        "2002-06-14": {
            "cash": 0.27,
            "stock": 1.35
        },
        "2003-03-31": {
            "cash": 0.4,
            "stock": 1.6
        },
        "2004-03-26": {
            "cash": 0.7,
            "stock": 2
        },
        "2005-03-22": {
            "cash": 1,
            "stock": 1
        },
        "2006-03-27": {
            "cash": 0.14,
            "stock": 1.14
        },
        "2007-03-22": {
            "cash": 1.63,
            "stock": 1.87
        },
        "2008-03-21": {
            "cash": 1.2,
            "stock": 1.7
        },
        "2009-05-04": {
            "cash": 1.2,
            "stock": 0.3
        },
        "2010-03-29": {
            "cash": 1.5,
            "stock": 0
        },
        "2011-01-01": {
            "cash": 0.8,
            "stock": 0
        },
        "2011-03-23": {
            "cash": 1.2,
            "stock": 0
        },
        "2013-03-25": {
            "cash": 0.23,
            "stock": 0
        },
        "2015-09-25": {
            "cash": 0.2,
            "stock": 0
        },
        "2022-09-29": {
            "cash": 0.3,
            "stock": 0
        }
    },
    "prices": {
        "200101": "無",
        "200102": "無",
        "200103": "無",
        "200104": "無",
        "200105": "無",
        "200106": "無",
        "200107": "無",
        "200108": "無",
        "200109": "11.49",
        "200110": "12.09",
        "200111": "16.06",
        "200112": "19.07",
        "200201": "25.30",
        "200202": "25.09",
        "200203": "25.00",
        "200204": "27.98",
        "200205": "26.35",
        "200206": "25.78",
        "200207": "25.39",
        "200208": "30.45",
        "200209": "34.86",
        "200210": "35.40",
        "200211": "36.64",
        "200212": "31.23",
        "200301": "30.51",
        "200302": "29.16",
        "200303": "26.55",
        "200304": "28.74",
        "200305": "34.06",
        "200306": "37.86",
        "200307": "42.20",
        "200308": "35.45",
        "200309": "32.44",
        "200310": "32.08",
        "200311": "34.36",
        "200312": "34.89",
        "200401": "34.87",
        "200402": "35.72",
        "200403": "35.10",
        "200404": "35.86",
        "200405": "33.37",
        "200406": "31.64",
        "200407": "27.45",
        "200408": "24.81",
        "200409": "26.96",
        "200410": "25.55",
        "200411": "23.58",
        "200412": "22.99",
        "200501": "21.69",
        "200502": "22.65",
        "200503": "23.58",
        "200504": "21.08",
        "200505": "19.05",
        "200506": "20.35",
        "200507": "21.09",
        "200508": "16.54",
        "200509": "14.89",
        "200510": "14.09",
        "200511": "14.19",
        "200512": "15.54",
        "200601": "15.44",
        "200602": "14.38",
        "200603": "14.52",
        "200604": "16.90",
        "200605": "17.81",
        "200606": "16.64",
        "200607": "19.75",
        "200608": "25.11",
        "200609": "29.84",
        "200610": "43.94",
        "200611": "46.44",
        "200612": "40.85",
        "200701": "42.09",
        "200702": "41.55",
        "200703": "46.68",
        "200704": "47.02",
        "200705": "44.07",
        "200706": "47.92",
        "200707": "51.68",
        "200708": "43.76",
        "200709": "41.58",
        "200710": "38.63",
        "200711": "32.22",
        "200712": "29.87",
        "200801": "29.14",
        "200802": "28.01",
        "200803": "29.21",
        "200804": "31.55",
        "200805": "32.97",
        "200806": "29.02",
        "200807": "23.07",
        "200808": "22.62",
        "200809": "22.71",
        "200810": "18.27",
        "200811": "14.32",
        "200812": "12.79",
        "200901": "12.28",
        "200902": "12.24",
        "200903": "14.27",
        "200904": "17.23",
        "200905": "18.81",
        "200906": "17.61",
        "200907": "18.81",
        "200908": "21.56",
        "200909": "22.46",
        "200910": "25.81",
        "200911": "24.21",
        "200912": "26.14",
        "201001": "25.82",
        "201002": "23.96",
        "201003": "26.15",
        "201004": "29.86",
        "201005": "28.21",
        "201006": "26.00",
        "201007": "25.66",
        "201008": "26.74",
        "201009": "25.04",
        "201010": "23.00",
        "201011": "21.22",
        "201012": "22.16",
        "201101": "21.21",
        "201102": "19.82",
        "201103": "19.56",
        "201104": "19.94",
        "201105": "20.81",
        "201106": "20.64",
        "201107": "19.42",
        "201108": "17.37",
        "201109": "16.38",
        "201110": "15.91",
        "201111": "15.37",
        "201112": "13.89",
        "201201": "13.94",
        "201202": "15.14",
        "201203": "15.04",
        "201204": "14.10",
        "201205": "13.70",
        "201206": "12.88",
        "201207": "12.95",
        "201208": "13.03",
        "201209": "12.74",
        "201210": "12.20",
        "201211": "11.57",
        "201212": "12.28",
        "201301": "12.00",
        "201302": "12.18",
        "201303": "12.00",
        "201304": "11.67",
        "201305": "11.92",
        "201306": "11.38",
        "201307": "11.32",
        "201308": "11.37",
        "201309": "10.93",
        "201310": "11.87",
        "201311": "11.55",
        "201312": "12.52",
        "201401": "13.63",
        "201402": "14.01",
        "201403": "13.28",
        "201404": "12.96",
        "201405": "11.93",
        "201406": "12.46",
        "201407": "13.13",
        "201408": "13.83",
        "201409": "13.97",
        "201410": "12.59",
        "201411": "11.82",
        "201412": "12.03",
        "201501": "12.38",
        "201502": "12.82",
        "201503": "12.86",
        "201504": "12.45",
        "201505": "12.04",
        "201506": "10.46",
        "201507": "9.55",
        "201508": "8.39",
        "201509": "8.92",
        "201510": "9.68",
        "201511": "9.11",
        "201512": "8.93",
        "201601": "8.56",
        "201602": "8.99",
        "201603": "9.84",
        "201604": "9.19",
        "201605": "8.35",
        "201606": "8.06",
        "201607": "8.87",
        "201608": "8.82",
        "201609": "10.13",
        "201610": "11.06",
        "201611": "10.28",
        "201612": "10.44",
        "201701": "10.83",
        "201702": "11.44",
        "201703": "11.84",
        "201704": "12.44",
        "201705": "12.77",
        "201706": "13.17",
        "201707": "13.35",
        "201708": "12.12",
        "201709": "11.71",
        "201710": "12.77",
        "201711": "13.27",
        "201712": "13.69",
        "201801": "18.84",
        "201802": "16.52",
        "201803": "17.47",
        "201804": "15.40",
        "201805": "13.57",
        "201806": "15.25",
        "201807": "13.72",
        "201808": "12.81",
        "201809": "11.41",
        "201810": "10.10",
        "201811": "9.74",
        "201812": "10.05",
        "201901": "9.97",
        "201902": "11.12",
        "201903": "11.38",
        "201904": "10.99",
        "201905": "10.32",
        "201906": "9.89",
        "201907": "9.82",
        "201908": "9.74",
        "201909": "9.61",
        "201910": "9.38",
        "201911": "9.80",
        "201912": "9.92",
        "202001": "10.15",
        "202002": "9.51",
        "202003": "7.77",
        "202004": "7.33",
        "202005": "7.99",
        "202006": "8.51",
        "202007": "9.73",
        "202008": "10.89",
        "202009": "13.08",
        "202010": "13.51",
        "202011": "14.34",
        "202012": "17.61",
        "202101": "21.72",
        "202102": "24.97",
        "202103": "30.83",
        "202104": "39.64",
        "202105": "33.90",
        "202106": "33.94",
        "202107": "32.49",
        "202108": "28.60",
        "202109": "24.56",
        "202110": "22.44",
        "202111": "25.49",
        "202112": "28.65",
        "202201": "28.85",
        "202202": "26.61",
        "202203": "25.10",
        "202204": "23.31",
        "202205": "21.70",
        "202206": "20.75",
        "202207": "17.32",
        "202208": "16.90",
        "202209": "15.35",
        "202210": "13.85",
        "202211": "16.88",
        "202212": "17.11",
        "202301": "17.03",
        "202302": "18.01",
        "202303": "18.47",
        "202304": "22.18",
        "202305": "21.25"
    },
    "quarters": {
        "20011": {
            "year_quarter": 20011,
            "year": 2001,
            "quarter": 1,
            "eps": -0.07,
            "eps_growth_year": -122.58,
            "eps_4q": 1.29,
            "eps_4q_growth_year": -5.68,
            "roe": -0.46,
            "roe_4q": -0.46,
            "gross_profit": 29633,
            "gross_margin": 13.06,
            "gross_margin_4q_avg": 13.06,
            "net_income": -3162,
            "revenue": 226930,
            "common_shares": 438190,
            "book_valuer_per_share": 15.75,
            "book_valuer_per_share_4q_avg": 15.75,
            "equity": 690287,
            "current_ratio": 151.38,
            "debt_ratio": 48.76,
            "inventory_turnover_ratio": 0.74,
            "account_receivable_turnover_ratio": null,
            "reinvestment_rate": null,
            "research_to_sale_ratio": null,
            "price_fair": 0,
            "eps_avg_yearly": 0,
            "eps_latest_yearly": 0,
            "eps_growth_yearly": 0
        },
        "20012": {
            "year_quarter": 20012,
            "year": 2001,
            "quarter": 2,
            "eps": 0.34,
            "eps_growth_year": -30.61,
            "eps_4q": 1.27,
            "eps_4q_growth_year": -11.57,
            "roe": 2.17,
            "roe_4q": 1.71,
            "gross_profit": 37060,
            "gross_margin": 15.72,
            "gross_margin_4q_avg": 14.39,
            "net_income": 15079,
            "revenue": 235770,
            "common_shares": 438190,
            "book_valuer_per_share": 15.99,
            "book_valuer_per_share_4q_avg": 15.87,
            "equity": 700866,
            "current_ratio": 146.11,
            "debt_ratio": 49.9,
            "inventory_turnover_ratio": 0.87,
            "account_receivable_turnover_ratio": null,
            "reinvestment_rate": null,
            "research_to_sale_ratio": null,
            "price_fair": 0,
            "eps_avg_yearly": 0,
            "eps_latest_yearly": 0,
            "eps_growth_yearly": 0
        },
        "20013": {
            "year_quarter": 20013,
            "year": 2001,
            "quarter": 3,
            "eps": 0.26,
            "eps_growth_year": -50,
            "eps_4q": 0.92,
            "eps_4q_growth_year": -37.74,
            "roe": 1.98,
            "roe_4q": 3.6900000000000004,
            "gross_profit": 44811,
            "gross_margin": 16.71,
            "gross_margin_4q_avg": 15.16,
            "net_income": 13987,
            "revenue": 268220,
            "common_shares": 528110,
            "book_valuer_per_share": 13.54,
            "book_valuer_per_share_4q_avg": 15.09,
            "equity": 715217,
            "current_ratio": 144.5,
            "debt_ratio": 50.84,
            "inventory_turnover_ratio": 1.03,
            "account_receivable_turnover_ratio": null,
            "reinvestment_rate": null,
            "research_to_sale_ratio": null,
            "price_fair": 0,
            "eps_avg_yearly": 0,
            "eps_latest_yearly": 0,
            "eps_growth_yearly": 0
        },
        "20014": {
            "year_quarter": 20014,
            "year": 2001,
            "quarter": 4,
            "eps": 0.49,
            "eps_growth_year": -16.95,
            "eps_4q": 0.98,
            "eps_4q_growth_year": -45.13,
            "roe": 3.54,
            "roe_4q": 7.2299999999999995,
            "gross_profit": 49840,
            "gross_margin": 20.22,
            "gross_margin_4q_avg": 16.43,
            "net_income": 25793,
            "revenue": 246517,
            "common_shares": 528110,
            "book_valuer_per_share": 14.06,
            "book_valuer_per_share_4q_avg": 14.84,
            "equity": 742538,
            "current_ratio": 141.03,
            "debt_ratio": 47.61,
            "inventory_turnover_ratio": 0.9,
            "account_receivable_turnover_ratio": null,
            "reinvestment_rate": null,
            "research_to_sale_ratio": null,
            "price_fair": 0,
            "eps_avg_yearly": 0,
            "eps_latest_yearly": 0,
            "eps_growth_yearly": 0
        },
        "20021": {
            "year_quarter": 20021,
            "year": 2002,
            "quarter": 1,
            "eps": 0.43,
            "eps_growth_year": null,
            "eps_4q": 1.46,
            "eps_4q_growth_year": 13.23,
            "roe": 3.03,
            "roe_4q": 10.72,
            "gross_profit": 53223,
            "gross_margin": 19.37,
            "gross_margin_4q_avg": 18.01,
            "net_income": 22852,
            "revenue": 274796,
            "common_shares": 528110,
            "book_valuer_per_share": 14.5,
            "book_valuer_per_share_4q_avg": 14.52,
            "equity": 765594,
            "current_ratio": 171.03,
            "debt_ratio": 44.16,
            "inventory_turnover_ratio": 1.01,
            "account_receivable_turnover_ratio": null,
            "reinvestment_rate": null,
            "research_to_sale_ratio": null,
            "price_fair": 5.16,
            "eps_avg_yearly": 1.72,
            "eps_latest_yearly": 1.72,
            "eps_growth_yearly": -48.98
        },
        "20022": {
            "year_quarter": 20022,
            "year": 2002,
            "quarter": 2,
            "eps": 0.72,
            "eps_growth_year": 111.76,
            "eps_4q": 1.9,
            "eps_4q_growth_year": 49.35,
            "roe": 4.92,
            "roe_4q": 13.469999999999999,
            "gross_profit": 78330,
            "gross_margin": 25.24,
            "gross_margin_4q_avg": 20.39,
            "net_income": 38093,
            "revenue": 310393,
            "common_shares": 528110,
            "book_valuer_per_share": 14.8,
            "book_valuer_per_share_4q_avg": 14.23,
            "equity": 781475,
            "current_ratio": 212.98,
            "debt_ratio": 50.29,
            "inventory_turnover_ratio": 1,
            "account_receivable_turnover_ratio": null,
            "reinvestment_rate": null,
            "research_to_sale_ratio": null,
            "price_fair": 80.5,
            "eps_avg_yearly": 2.3,
            "eps_latest_yearly": 2.88,
            "eps_growth_yearly": 110.39
        },
        "20023": {
            "year_quarter": 20023,
            "year": 2002,
            "quarter": 3,
            "eps": 0.75,
            "eps_growth_year": 188.46,
            "eps_4q": 2.2,
            "eps_4q_growth_year": 137.49,
            "roe": 5.57,
            "roe_4q": 17.06,
            "gross_profit": 84580,
            "gross_margin": 24.18,
            "gross_margin_4q_avg": 22.25,
            "net_income": 45017,
            "revenue": 349721,
            "common_shares": 600980,
            "book_valuer_per_share": 13.88,
            "book_valuer_per_share_4q_avg": 14.31,
            "equity": 834349,
            "current_ratio": 230.31,
            "debt_ratio": 47.08,
            "inventory_turnover_ratio": 1.12,
            "account_receivable_turnover_ratio": null,
            "reinvestment_rate": null,
            "research_to_sale_ratio": null,
            "price_fair": 88.67,
            "eps_avg_yearly": 2.53,
            "eps_latest_yearly": 3,
            "eps_growth_yearly": 79.15
        },
        "20024": {
            "year_quarter": 20024,
            "year": 2002,
            "quarter": 4,
            "eps": 0.74,
            "eps_growth_year": 51.02,
            "eps_4q": 2.5,
            "eps_4q_growth_year": 154.65,
            "roe": 5.2,
            "roe_4q": 18.72,
            "gross_profit": 94843,
            "gross_margin": 28.57,
            "gross_margin_4q_avg": 24.34,
            "net_income": 44529,
            "revenue": 331928,
            "common_shares": 600980,
            "book_valuer_per_share": 14.6,
            "book_valuer_per_share_4q_avg": 14.45,
            "equity": 877437,
            "current_ratio": 216.53,
            "debt_ratio": 46.36,
            "inventory_turnover_ratio": 0.98,
            "account_receivable_turnover_ratio": null,
            "reinvestment_rate": 48.3,
            "research_to_sale_ratio": null,
            "price_fair": 92.4,
            "eps_avg_yearly": 2.64,
            "eps_latest_yearly": 2.96,
            "eps_growth_yearly": 58.03
        },
        "20031": {
            "year_quarter": 20031,
            "year": 2003,
            "quarter": 1,
            "eps": 0.93,
            "eps_growth_year": 116.28,
            "eps_4q": 3.06,
            "eps_4q_growth_year": 109.35,
            "roe": 6.15,
            "roe_4q": 21.840000000000003,
            "gross_profit": 85847,
            "gross_margin": 26.63,
            "gross_margin_4q_avg": 26.16,
            "net_income": 55697,
            "revenue": 322326,
            "common_shares": 600980,
            "book_valuer_per_share": 15.53,
            "book_valuer_per_share_4q_avg": 14.7,
            "equity": 933339,
            "current_ratio": 230,
            "debt_ratio": 44.16,
            "inventory_turnover_ratio": 0.93,
            "account_receivable_turnover_ratio": null,
            "reinvestment_rate": 3.84,
            "research_to_sale_ratio": null,
            "price_fair": 99.96,
            "eps_avg_yearly": 2.86,
            "eps_latest_yearly": 3.72,
            "eps_growth_yearly": 66.96
        },
        "20032": {
            "year_quarter": 20032,
            "year": 2003,
            "quarter": 2,
            "eps": 0.62,
            "eps_growth_year": -13.89,
            "eps_4q": 3.03,
            "eps_4q_growth_year": 58.94,
            "roe": 3.99,
            "roe_4q": 20.91,
            "gross_profit": 85604,
            "gross_margin": 26.83,
            "gross_margin_4q_avg": 26.55,
            "net_income": 37428,
            "revenue": 319096,
            "common_shares": 600980,
            "book_valuer_per_share": 15.71,
            "book_valuer_per_share_4q_avg": 14.93,
            "equity": 943852,
            "current_ratio": 222.19,
            "debt_ratio": 44.46,
            "inventory_turnover_ratio": 0.86,
            "account_receivable_turnover_ratio": null,
            "reinvestment_rate": 7.29,
            "research_to_sale_ratio": null,
            "price_fair": 97.77,
            "eps_avg_yearly": 2.79,
            "eps_latest_yearly": 2.48,
            "eps_growth_yearly": 33.58
        },
        "20033": {
            "year_quarter": 20033,
            "year": 2003,
            "quarter": 3,
            "eps": 0.88,
            "eps_growth_year": 17.33,
            "eps_4q": 2.84,
            "eps_4q_growth_year": 29.6,
            "roe": 6.35,
            "roe_4q": 21.69,
            "gross_profit": 102379,
            "gross_margin": 25.71,
            "gross_margin_4q_avg": 26.94,
            "net_income": 61651,
            "revenue": 398250,
            "common_shares": 702000,
            "book_valuer_per_share": 14.22,
            "book_valuer_per_share_4q_avg": 15.02,
            "equity": 998174,
            "current_ratio": 233.39,
            "debt_ratio": 41.54,
            "inventory_turnover_ratio": 1.05,
            "account_receivable_turnover_ratio": null,
            "reinvestment_rate": 9.41,
            "research_to_sale_ratio": null,
            "price_fair": 101.4,
            "eps_avg_yearly": 2.9,
            "eps_latest_yearly": 3.52,
            "eps_growth_yearly": 52.75
        },
        "20034": {
            "year_quarter": 20034,
            "year": 2003,
            "quarter": 4,
            "eps": 0.87,
            "eps_growth_year": 17.57,
            "eps_4q": 3.08,
            "eps_4q_growth_year": 23.04,
            "roe": 5.92,
            "roe_4q": 22.409999999999997,
            "gross_profit": 122195,
            "gross_margin": 28.61,
            "gross_margin_4q_avg": 26.95,
            "net_income": 61007,
            "revenue": 427145,
            "common_shares": 702000,
            "book_valuer_per_share": 15.12,
            "book_valuer_per_share_4q_avg": 15.15,
            "equity": 1061684,
            "current_ratio": 208.07,
            "debt_ratio": 43.71,
            "inventory_turnover_ratio": 1.08,
            "account_receivable_turnover_ratio": null,
            "reinvestment_rate": 34.4,
            "research_to_sale_ratio": null,
            "price_fair": 103.95,
            "eps_avg_yearly": 2.97,
            "eps_latest_yearly": 3.48,
            "eps_growth_yearly": 45.59
        },
        "20041": {
            "year_quarter": 20041,
            "year": 2004,
            "quarter": 1,
            "eps": 1.06,
            "eps_growth_year": 13.98,
            "eps_4q": 3.33,
            "eps_4q_growth_year": 8.92,
            "roe": 6.82,
            "roe_4q": 23.08,
            "gross_profit": 131864,
            "gross_margin": 32.23,
            "gross_margin_4q_avg": 28.35,
            "net_income": 74611,
            "revenue": 409096,
            "common_shares": 702000,
            "book_valuer_per_share": 16.05,
            "book_valuer_per_share_4q_avg": 15.28,
            "equity": 1126638,
            "current_ratio": 206.62,
            "debt_ratio": 43.62,
            "inventory_turnover_ratio": 0.79,
            "account_receivable_turnover_ratio": null,
            "reinvestment_rate": 4.29,
            "research_to_sale_ratio": null,
            "price_fair": 108.89,
            "eps_avg_yearly": 3.11,
            "eps_latest_yearly": 4.24,
            "eps_growth_yearly": 50.23
        },
        "20042": {
            "year_quarter": 20042,
            "year": 2004,
            "quarter": 2,
            "eps": 1.05,
            "eps_growth_year": 69.35,
            "eps_4q": 3.86,
            "eps_4q_growth_year": 27.65,
            "roe": 6.45,
            "roe_4q": 25.54,
            "gross_profit": 123081,
            "gross_margin": 30.69,
            "gross_margin_4q_avg": 29.31,
            "net_income": 73643,
            "revenue": 401060,
            "common_shares": 702000,
            "book_valuer_per_share": 16.5,
            "book_valuer_per_share_4q_avg": 15.47,
            "equity": 1158158,
            "current_ratio": 176.13,
            "debt_ratio": 45.53,
            "inventory_turnover_ratio": 0.61,
            "account_receivable_turnover_ratio": null,
            "reinvestment_rate": 7.59,
            "research_to_sale_ratio": null,
            "price_fair": 112.7,
            "eps_avg_yearly": 3.22,
            "eps_latest_yearly": 4.2,
            "eps_growth_yearly": 44.83
        },
        "20043": {
            "year_quarter": 20043,
            "year": 2004,
            "quarter": 3,
            "eps": 0.67,
            "eps_growth_year": -23.86,
            "eps_4q": 3.12,
            "eps_4q_growth_year": 9.8,
            "roe": 4.81,
            "roe_4q": 24,
            "gross_profit": 89315,
            "gross_margin": 18.8,
            "gross_margin_4q_avg": 27.58,
            "net_income": 57140,
            "revenue": 475162,
            "common_shares": 850000,
            "book_valuer_per_share": 14.33,
            "book_valuer_per_share_4q_avg": 15.5,
            "equity": 1218015,
            "current_ratio": 240.82,
            "debt_ratio": 44.3,
            "inventory_turnover_ratio": 0.91,
            "account_receivable_turnover_ratio": null,
            "reinvestment_rate": 5.19,
            "research_to_sale_ratio": null,
            "price_fair": 110.98,
            "eps_avg_yearly": 3.17,
            "eps_latest_yearly": 2.68,
            "eps_growth_yearly": 27.59
        },
        "20044": {
            "year_quarter": 20044,
            "year": 2004,
            "quarter": 4,
            "eps": 0.26,
            "eps_growth_year": -70.11,
            "eps_4q": 2.66,
            "eps_4q_growth_year": -13.68,
            "roe": 1.8,
            "roe_4q": 19.88,
            "gross_profit": 79997,
            "gross_margin": 18.66,
            "gross_margin_4q_avg": 25.1,
            "net_income": 22287,
            "revenue": 428813,
            "common_shares": 867883,
            "book_valuer_per_share": 14.43,
            "book_valuer_per_share_4q_avg": 15.33,
            "equity": 1252276,
            "current_ratio": 232.73,
            "debt_ratio": 48.08,
            "inventory_turnover_ratio": 0.97,
            "account_receivable_turnover_ratio": null,
            "reinvestment_rate": 49.57,
            "research_to_sale_ratio": null,
            "price_fair": 44.58,
            "eps_avg_yearly": 2.99,
            "eps_latest_yearly": 1.04,
            "eps_growth_yearly": 4.89
        },
        "20051": {
            "year_quarter": 20051,
            "year": 2005,
            "quarter": 1,
            "eps": 0.3,
            "eps_growth_year": -71.7,
            "eps_4q": 2.03,
            "eps_4q_growth_year": -39.02,
            "roe": 2.09,
            "roe_4q": 15.149999999999999,
            "gross_profit": 73511,
            "gross_margin": 17.86,
            "gross_margin_4q_avg": 21.5,
            "net_income": 26492,
            "revenue": 411526,
            "common_shares": 869395,
            "book_valuer_per_share": 14.76,
            "book_valuer_per_share_4q_avg": 15.01,
            "equity": 1283503,
            "current_ratio": 297.7,
            "debt_ratio": 43.66,
            "inventory_turnover_ratio": 0.97,
            "account_receivable_turnover_ratio": null,
            "reinvestment_rate": 6.88,
            "research_to_sale_ratio": null,
            "price_fair": 54.97,
            "eps_avg_yearly": 2.86,
            "eps_latest_yearly": 1.2,
            "eps_growth_yearly": 9.25
        },
        "20052": {
            "year_quarter": 20052,
            "year": 2005,
            "quarter": 2,
            "eps": 0.21,
            "eps_growth_year": -80,
            "eps_4q": 1.43,
            "eps_4q_growth_year": -63.05,
            "roe": 1.46,
            "roe_4q": 10.16,
            "gross_profit": 60604,
            "gross_margin": 13.2,
            "gross_margin_4q_avg": 17.13,
            "net_income": 18272,
            "revenue": 459066,
            "common_shares": 869395,
            "book_valuer_per_share": 13.96,
            "book_valuer_per_share_4q_avg": 14.37,
            "equity": 1213510,
            "current_ratio": 187.07,
            "debt_ratio": 46.4,
            "inventory_turnover_ratio": 1.21,
            "account_receivable_turnover_ratio": null,
            "reinvestment_rate": 6.53,
            "research_to_sale_ratio": null,
            "price_fair": 27.11,
            "eps_avg_yearly": 2.71,
            "eps_latest_yearly": 0.84,
            "eps_growth_yearly": 0.02
        },
        "20053": {
            "year_quarter": 20053,
            "year": 2005,
            "quarter": 3,
            "eps": 0.51,
            "eps_growth_year": -23.88,
            "eps_4q": 1.2,
            "eps_4q_growth_year": -61.45,
            "roe": 3.92,
            "roe_4q": 9.27,
            "gross_profit": 68996,
            "gross_margin": 13.75,
            "gross_margin_4q_avg": 15.87,
            "net_income": 49258,
            "revenue": 501963,
            "common_shares": 963930,
            "book_valuer_per_share": 13.48,
            "book_valuer_per_share_4q_avg": 14.16,
            "equity": 1299456,
            "current_ratio": 155.33,
            "debt_ratio": 45.14,
            "inventory_turnover_ratio": 1.43,
            "account_receivable_turnover_ratio": null,
            "reinvestment_rate": 7.5,
            "research_to_sale_ratio": null,
            "price_fair": 93.33,
            "eps_avg_yearly": 2.67,
            "eps_latest_yearly": 2.04,
            "eps_growth_yearly": 38.11
        },
        "20054": {
            "year_quarter": 20054,
            "year": 2005,
            "quarter": 4,
            "eps": 0.26,
            "eps_growth_year": 0,
            "eps_4q": 1.23,
            "eps_4q_growth_year": -53.62,
            "roe": 1.92,
            "roe_4q": 9.39,
            "gross_profit": 87658,
            "gross_margin": 16.18,
            "gross_margin_4q_avg": 15.25,
            "net_income": 25150,
            "revenue": 541724,
            "common_shares": 963930,
            "book_valuer_per_share": 13.67,
            "book_valuer_per_share_4q_avg": 13.97,
            "equity": 1317952,
            "current_ratio": 141.34,
            "debt_ratio": 50.55,
            "inventory_turnover_ratio": 1.4,
            "account_receivable_turnover_ratio": null,
            "reinvestment_rate": 70.63,
            "research_to_sale_ratio": null,
            "price_fair": 85.87,
            "eps_avg_yearly": 2.57,
            "eps_latest_yearly": 1.04,
            "eps_growth_yearly": 23.48
        },
        "20061": {
            "year_quarter": 20061,
            "year": 2006,
            "quarter": 1,
            "eps": 0.34,
            "eps_growth_year": 13.33,
            "eps_4q": 1.31,
            "eps_4q_growth_year": -35.7,
            "roe": 2.44,
            "roe_4q": 9.739999999999998,
            "gross_profit": 72995,
            "gross_margin": 13.35,
            "gross_margin_4q_avg": 14.12,
            "net_income": 32569,
            "revenue": 546769,
            "common_shares": 963930,
            "book_valuer_per_share": 13.98,
            "book_valuer_per_share_4q_avg": 13.77,
            "equity": 1347132,
            "current_ratio": 180.82,
            "debt_ratio": 53.07,
            "inventory_turnover_ratio": 1.3,
            "account_receivable_turnover_ratio": null,
            "reinvestment_rate": 10.39,
            "research_to_sale_ratio": null,
            "price_fair": 88.99,
            "eps_avg_yearly": 2.54,
            "eps_latest_yearly": 1.36,
            "eps_growth_yearly": 34.23
        },
        "20062": {
            "year_quarter": 20062,
            "year": 2006,
            "quarter": 2,
            "eps": 0.99,
            "eps_growth_year": 371.43,
            "eps_4q": 2.1,
            "eps_4q_growth_year": 47.4,
            "roe": 6.85,
            "roe_4q": 15.129999999999999,
            "gross_profit": 137452,
            "gross_margin": 17.84,
            "gross_margin_4q_avg": 15.28,
            "net_income": 95078,
            "revenue": 770586,
            "common_shares": 963930,
            "book_valuer_per_share": 14.81,
            "book_valuer_per_share_4q_avg": 13.99,
            "equity": 1427617,
            "current_ratio": 172.93,
            "debt_ratio": 52.83,
            "inventory_turnover_ratio": 1.56,
            "account_receivable_turnover_ratio": null,
            "reinvestment_rate": 15.18,
            "research_to_sale_ratio": null,
            "price_fair": 91.35,
            "eps_avg_yearly": 2.61,
            "eps_latest_yearly": 3.96,
            "eps_growth_yearly": 65.16
        },
        "20063": {
            "year_quarter": 20063,
            "year": 2006,
            "quarter": 3,
            "eps": 2.21,
            "eps_growth_year": 333.33,
            "eps_4q": 3.62,
            "eps_4q_growth_year": 200.66,
            "roe": 15.16,
            "roe_4q": 26.369999999999997,
            "gross_profit": 283082,
            "gross_margin": 27.75,
            "gross_margin_4q_avg": 18.78,
            "net_income": 239379,
            "revenue": 1020085,
            "common_shares": 1108828,
            "book_valuer_per_share": 15.6,
            "book_valuer_per_share_4q_avg": 14.52,
            "equity": 1730003,
            "current_ratio": 226.17,
            "debt_ratio": 50.42,
            "inventory_turnover_ratio": 1.51,
            "account_receivable_turnover_ratio": null,
            "reinvestment_rate": 15.37,
            "research_to_sale_ratio": null,
            "price_fair": 104.13,
            "eps_avg_yearly": 2.98,
            "eps_latest_yearly": 8.84,
            "eps_growth_yearly": 94.93
        },
        "20064": {
            "year_quarter": 20064,
            "year": 2006,
            "quarter": 4,
            "eps": 1,
            "eps_growth_year": 284.62,
            "eps_4q": 4.36,
            "eps_4q_growth_year": 254.24,
            "roe": 6.11,
            "roe_4q": 30.56,
            "gross_profit": 155502,
            "gross_margin": 20.93,
            "gross_margin_4q_avg": 19.97,
            "net_income": 109095,
            "revenue": 742801,
            "common_shares": 1108828,
            "book_valuer_per_share": 16.63,
            "book_valuer_per_share_4q_avg": 15.26,
            "equity": 1843652,
            "current_ratio": 189.48,
            "debt_ratio": 50.22,
            "inventory_turnover_ratio": 0.98,
            "account_receivable_turnover_ratio": null,
            "reinvestment_rate": 58.27,
            "research_to_sale_ratio": null,
            "price_fair": 106.4,
            "eps_avg_yearly": 3.04,
            "eps_latest_yearly": 4,
            "eps_growth_yearly": 81.58
        },
        "20071": {
            "year_quarter": 20071,
            "year": 2007,
            "quarter": 1,
            "eps": 0.58,
            "eps_growth_year": 70.59,
            "eps_4q": 4.59,
            "eps_4q_growth_year": 250.73,
            "roe": 3.41,
            "roe_4q": 31.53,
            "gross_profit": 100408,
            "gross_margin": 14.15,
            "gross_margin_4q_avg": 20.17,
            "net_income": 64221,
            "revenue": 709669,
            "common_shares": 1108828,
            "book_valuer_per_share": 17.39,
            "book_valuer_per_share_4q_avg": 16.11,
            "equity": 1927865,
            "current_ratio": 243.94,
            "debt_ratio": 41.67,
            "inventory_turnover_ratio": 1.03,
            "account_receivable_turnover_ratio": null,
            "reinvestment_rate": 12.64,
            "research_to_sale_ratio": null,
            "price_fair": 103.34,
            "eps_avg_yearly": 2.95,
            "eps_latest_yearly": 2.32,
            "eps_growth_yearly": 64.66
        },
        "20072": {
            "year_quarter": 20072,
            "year": 2007,
            "quarter": 2,
            "eps": 1.35,
            "eps_growth_year": 36.36,
            "eps_4q": 5.07,
            "eps_4q_growth_year": 141.21,
            "roe": 7.83,
            "roe_4q": 32.510000000000005,
            "gross_profit": 190879,
            "gross_margin": 20.13,
            "gross_margin_4q_avg": 20.74,
            "net_income": 149575,
            "revenue": 948388,
            "common_shares": 1108828,
            "book_valuer_per_share": 17.07,
            "book_valuer_per_share_4q_avg": 16.67,
            "equity": 1892868,
            "current_ratio": 174.19,
            "debt_ratio": 48.3,
            "inventory_turnover_ratio": 1.48,
            "account_receivable_turnover_ratio": null,
            "reinvestment_rate": 13.65,
            "research_to_sale_ratio": null,
            "price_fair": 109.73,
            "eps_avg_yearly": 3.14,
            "eps_latest_yearly": 5.4,
            "eps_growth_yearly": 106.18
        },
        "20073": {
            "year_quarter": 20073,
            "year": 2007,
            "quarter": 3,
            "eps": 1.02,
            "eps_growth_year": -53.85,
            "eps_4q": 3.4,
            "eps_4q_growth_year": -6.18,
            "roe": 6.63,
            "roe_4q": 23.98,
            "gross_profit": 168232,
            "gross_margin": 18.79,
            "gross_margin_4q_avg": 18.5,
            "net_income": 138573,
            "revenue": 895214,
            "common_shares": 1423150,
            "book_valuer_per_share": 16.05,
            "book_valuer_per_share_4q_avg": 16.79,
            "equity": 2284382,
            "current_ratio": 233.97,
            "debt_ratio": 40.71,
            "inventory_turnover_ratio": 1.52,
            "account_receivable_turnover_ratio": null,
            "reinvestment_rate": 10.86,
            "research_to_sale_ratio": null,
            "price_fair": 110.95,
            "eps_avg_yearly": 3.17,
            "eps_latest_yearly": 4.08,
            "eps_growth_yearly": 89.58
        },
        "20074": {
            "year_quarter": 20074,
            "year": 2007,
            "quarter": 4,
            "eps": 0.91,
            "eps_growth_year": -9,
            "eps_4q": 3.46,
            "eps_4q_growth_year": -20.62,
            "roe": 5.35,
            "roe_4q": 23.220000000000002,
            "gross_profit": 127961,
            "gross_margin": 13.5,
            "gross_margin_4q_avg": 16.64,
            "net_income": 125534,
            "revenue": 947616,
            "common_shares": 1423150,
            "book_valuer_per_share": 16.92,
            "book_valuer_per_share_4q_avg": 16.86,
            "equity": 2408283,
            "current_ratio": 234.69,
            "debt_ratio": 42.94,
            "inventory_turnover_ratio": 1.57,
            "account_receivable_turnover_ratio": null,
            "reinvestment_rate": 48.32,
            "research_to_sale_ratio": null,
            "price_fair": 111.3,
            "eps_avg_yearly": 3.18,
            "eps_latest_yearly": 3.64,
            "eps_growth_yearly": 87.17
        },
        "20081": {
            "year_quarter": 20081,
            "year": 2008,
            "quarter": 1,
            "eps": 0.55,
            "eps_growth_year": -5.17,
            "eps_4q": 3.45,
            "eps_4q_growth_year": -24.81,
            "roe": 3.23,
            "roe_4q": 23.04,
            "gross_profit": 213330,
            "gross_margin": 22.34,
            "gross_margin_4q_avg": 18.69,
            "net_income": 78509,
            "revenue": 955125,
            "common_shares": 1423150,
            "book_valuer_per_share": 17.28,
            "book_valuer_per_share_4q_avg": 16.83,
            "equity": 2458768,
            "current_ratio": 230.54,
            "debt_ratio": 43.72,
            "inventory_turnover_ratio": 1.16,
            "account_receivable_turnover_ratio": null,
            "reinvestment_rate": 68.9,
            "research_to_sale_ratio": null,
            "price_fair": 106.84,
            "eps_avg_yearly": 3.05,
            "eps_latest_yearly": 2.2,
            "eps_growth_yearly": 71.82
        },
        "20082": {
            "year_quarter": 20082,
            "year": 2008,
            "quarter": 2,
            "eps": 1.27,
            "eps_growth_year": -5.93,
            "eps_4q": 3.67,
            "eps_4q_growth_year": -27.68,
            "roe": 7.34,
            "roe_4q": 22.55,
            "gross_profit": 255488,
            "gross_margin": 24.77,
            "gross_margin_4q_avg": 19.85,
            "net_income": 181306,
            "revenue": 1031590,
            "common_shares": 1423150,
            "book_valuer_per_share": 17.45,
            "book_valuer_per_share_4q_avg": 16.93,
            "equity": 2483638,
            "current_ratio": 231.45,
            "debt_ratio": 42.66,
            "inventory_turnover_ratio": 1.26,
            "account_receivable_turnover_ratio": null,
            "reinvestment_rate": 63.37,
            "research_to_sale_ratio": null,
            "price_fair": 108.76,
            "eps_avg_yearly": 3.11,
            "eps_latest_yearly": 5.08,
            "eps_growth_yearly": 104.79
        },
        "20083": {
            "year_quarter": 20083,
            "year": 2008,
            "quarter": 3,
            "eps": 0.79,
            "eps_growth_year": -22.55,
            "eps_4q": 3.08,
            "eps_4q_growth_year": -9.35,
            "roe": 5.09,
            "roe_4q": 21.009999999999998,
            "gross_profit": 245450,
            "gross_margin": 22.32,
            "gross_margin_4q_avg": 20.73,
            "net_income": 132987,
            "revenue": 1099717,
            "common_shares": 1680000,
            "book_valuer_per_share": 16.35,
            "book_valuer_per_share_4q_avg": 17,
            "equity": 2746155,
            "current_ratio": 212.29,
            "debt_ratio": 40.2,
            "inventory_turnover_ratio": 1.54,
            "account_receivable_turnover_ratio": null,
            "reinvestment_rate": 65.07,
            "research_to_sale_ratio": null,
            "price_fair": 109.81,
            "eps_avg_yearly": 3.14,
            "eps_latest_yearly": 3.16,
            "eps_growth_yearly": 104.38
        },
        "20084": {
            "year_quarter": 20084,
            "year": 2008,
            "quarter": 4,
            "eps": -0.19,
            "eps_growth_year": -120.88,
            "eps_4q": 2.15,
            "eps_4q_growth_year": -37.94,
            "roe": -1.18,
            "roe_4q": 14.48,
            "gross_profit": 22124,
            "gross_margin": 3.27,
            "gross_margin_4q_avg": 18.18,
            "net_income": -32071,
            "revenue": 676723,
            "common_shares": 1680000,
            "book_valuer_per_share": 16.11,
            "book_valuer_per_share_4q_avg": 16.8,
            "equity": 2707201,
            "current_ratio": 233.5,
            "debt_ratio": 40.78,
            "inventory_turnover_ratio": 1.63,
            "account_receivable_turnover_ratio": 1.45,
            "reinvestment_rate": 37.59,
            "research_to_sale_ratio": null,
            "price_fair": 114.71,
            "eps_avg_yearly": 3.28,
            "eps_latest_yearly": 3.16,
            "eps_growth_yearly": 127.66
        },
        "20091": {
            "year_quarter": 20091,
            "year": 2009,
            "quarter": 1,
            "eps": 0.14,
            "eps_growth_year": -74.55,
            "eps_4q": 1.84,
            "eps_4q_growth_year": -46.78,
            "roe": 0.85,
            "roe_4q": 12.1,
            "gross_profit": 110238,
            "gross_margin": 19.95,
            "gross_margin_4q_avg": 17.58,
            "net_income": 23310,
            "revenue": 552494,
            "common_shares": 1680000,
            "book_valuer_per_share": 16.7,
            "book_valuer_per_share_4q_avg": 16.65,
            "equity": 2806428,
            "current_ratio": 219.4,
            "debt_ratio": 40.96,
            "inventory_turnover_ratio": 1.48,
            "account_receivable_turnover_ratio": 0.67,
            "reinvestment_rate": 70.93,
            "research_to_sale_ratio": null,
            "price_fair": 119.9,
            "eps_avg_yearly": 3.43,
            "eps_latest_yearly": 3.16,
            "eps_growth_yearly": 132.39
        },
        "20092": {
            "year_quarter": 20092,
            "year": 2009,
            "quarter": 2,
            "eps": 0.87,
            "eps_growth_year": -31.5,
            "eps_4q": 1.62,
            "eps_4q_growth_year": -55.87,
            "roe": 5.25,
            "roe_4q": 10.01,
            "gross_profit": 213141,
            "gross_margin": 28.66,
            "gross_margin_4q_avg": 18.55,
            "net_income": 144176,
            "revenue": 743721,
            "common_shares": 1666000,
            "book_valuer_per_share": 16.11,
            "book_valuer_per_share_4q_avg": 16.32,
            "equity": 2683462,
            "current_ratio": 207.92,
            "debt_ratio": 40.5,
            "inventory_turnover_ratio": 1.52,
            "account_receivable_turnover_ratio": 0.94,
            "reinvestment_rate": 65.3,
            "research_to_sale_ratio": null,
            "price_fair": 126.5,
            "eps_avg_yearly": 3.61,
            "eps_latest_yearly": 3.48,
            "eps_growth_yearly": 289.94
        },
        "20093": {
            "year_quarter": 20093,
            "year": 2009,
            "quarter": 3,
            "eps": 0.67,
            "eps_growth_year": -15.19,
            "eps_4q": 1.46,
            "eps_4q_growth_year": -52.51,
            "roe": 4.21,
            "roe_4q": 9.13,
            "gross_profit": 219152,
            "gross_margin": 25.15,
            "gross_margin_4q_avg": 19.26,
            "net_income": 114494,
            "revenue": 871456,
            "common_shares": 1715980,
            "book_valuer_per_share": 16.05,
            "book_valuer_per_share_4q_avg": 16.24,
            "equity": 2754548,
            "current_ratio": 220,
            "debt_ratio": 38.93,
            "inventory_turnover_ratio": 1.49,
            "account_receivable_turnover_ratio": 0.92,
            "reinvestment_rate": 61.53,
            "research_to_sale_ratio": null,
            "price_fair": 128.1,
            "eps_avg_yearly": 3.66,
            "eps_latest_yearly": 2.68,
            "eps_growth_yearly": 242.55
        },
        "20094": {
            "year_quarter": 20094,
            "year": 2009,
            "quarter": 4,
            "eps": 0.65,
            "eps_growth_year": null,
            "eps_4q": 2.29,
            "eps_4q_growth_year": 6.53,
            "roe": 3.96,
            "roe_4q": 14.27,
            "gross_profit": 210908,
            "gross_margin": 23.31,
            "gross_margin_4q_avg": 24.27,
            "net_income": 111039,
            "revenue": 904866,
            "common_shares": 1715980,
            "book_valuer_per_share": 16.65,
            "book_valuer_per_share_4q_avg": 16.38,
            "equity": 2857265,
            "current_ratio": 230.79,
            "debt_ratio": 39.52,
            "inventory_turnover_ratio": 1.3,
            "account_receivable_turnover_ratio": 1.58,
            "reinvestment_rate": 147.83,
            "research_to_sale_ratio": null,
            "price_fair": 132,
            "eps_avg_yearly": 3.77,
            "eps_latest_yearly": 2.6,
            "eps_growth_yearly": 255.7
        },
        "20101": {
            "year_quarter": 20101,
            "year": 2010,
            "quarter": 1,
            "eps": 0.75,
            "eps_growth_year": 435.71,
            "eps_4q": 2.9,
            "eps_4q_growth_year": 58.08,
            "roe": 4.4,
            "roe_4q": 17.82,
            "gross_profit": 248638,
            "gross_margin": 24.85,
            "gross_margin_4q_avg": 25.49,
            "net_income": 128058,
            "revenue": 1000649,
            "common_shares": 1715980,
            "book_valuer_per_share": 17.26,
            "book_valuer_per_share_4q_avg": 16.52,
            "equity": 2962072,
            "current_ratio": 245.34,
            "debt_ratio": 41.07,
            "inventory_turnover_ratio": 1.25,
            "account_receivable_turnover_ratio": 0.75,
            "reinvestment_rate": 178.91,
            "research_to_sale_ratio": 0.45,
            "price_fair": 136.1,
            "eps_avg_yearly": 3.89,
            "eps_latest_yearly": 3,
            "eps_growth_yearly": 251.31
        },
        "20102": {
            "year_quarter": 20102,
            "year": 2010,
            "quarter": 2,
            "eps": 0.66,
            "eps_growth_year": -24.15,
            "eps_4q": 2.72,
            "eps_4q_growth_year": 67.97,
            "roe": 3.89,
            "roe_4q": 16.46,
            "gross_profit": 153915,
            "gross_margin": 13.25,
            "gross_margin_4q_avg": 21.64,
            "net_income": 113237,
            "revenue": 1161542,
            "common_shares": 1715980,
            "book_valuer_per_share": 16.67,
            "book_valuer_per_share_4q_avg": 16.66,
            "equity": 2861108,
            "current_ratio": 198.77,
            "debt_ratio": 47.71,
            "inventory_turnover_ratio": 1.38,
            "account_receivable_turnover_ratio": 0.73,
            "reinvestment_rate": 182.83,
            "research_to_sale_ratio": 0.37,
            "price_fair": 132.8,
            "eps_avg_yearly": 3.79,
            "eps_latest_yearly": 2.64,
            "eps_growth_yearly": 193.26
        },
        "20103": {
            "year_quarter": 20103,
            "year": 2010,
            "quarter": 3,
            "eps": 0.27,
            "eps_growth_year": -59.61,
            "eps_4q": 2.32,
            "eps_4q_growth_year": 58.9,
            "roe": 1.62,
            "roe_4q": 13.870000000000001,
            "gross_profit": 167367,
            "gross_margin": 15,
            "gross_margin_4q_avg": 19.1,
            "net_income": 46434,
            "revenue": 1115906,
            "common_shares": 1715980,
            "book_valuer_per_share": 16.72,
            "book_valuer_per_share_4q_avg": 16.83,
            "equity": 2868650,
            "current_ratio": 201.82,
            "debt_ratio": 47.57,
            "inventory_turnover_ratio": 1.24,
            "account_receivable_turnover_ratio": 0.68,
            "reinvestment_rate": 204.33,
            "research_to_sale_ratio": 0.29,
            "price_fair": 113.4,
            "eps_avg_yearly": 3.24,
            "eps_latest_yearly": 1.08,
            "eps_growth_yearly": 141.17
        },
        "20104": {
            "year_quarter": 20104,
            "year": 2010,
            "quarter": 4,
            "eps": 0.2,
            "eps_growth_year": -69.67,
            "eps_4q": 1.87,
            "eps_4q_growth_year": -18.18,
            "roe": 1.2,
            "roe_4q": 11.110000000000001,
            "gross_profit": 158219,
            "gross_margin": 13.75,
            "gross_margin_4q_avg": 16.71,
            "net_income": 33833,
            "revenue": 1150391,
            "common_shares": 1715980,
            "book_valuer_per_share": 16.28,
            "book_valuer_per_share_4q_avg": 16.73,
            "equity": 2793225,
            "current_ratio": 228.66,
            "debt_ratio": 47.73,
            "inventory_turnover_ratio": 1.46,
            "account_receivable_turnover_ratio": 0.75,
            "reinvestment_rate": 161.32,
            "research_to_sale_ratio": 0.33,
            "price_fair": 105.4,
            "eps_avg_yearly": 3.01,
            "eps_latest_yearly": 0.8,
            "eps_growth_yearly": 149.4
        },
        "20111": {
            "year_quarter": 20111,
            "year": 2011,
            "quarter": 1,
            "eps": 0.39,
            "eps_growth_year": -48,
            "eps_4q": 1.51,
            "eps_4q_growth_year": -47.83,
            "roe": 2.34,
            "roe_4q": 9.05,
            "gross_profit": 190989,
            "gross_margin": 19.49,
            "gross_margin_4q_avg": 15.37,
            "net_income": 66170,
            "revenue": 980054,
            "common_shares": 1715980,
            "book_valuer_per_share": 16.71,
            "book_valuer_per_share_4q_avg": 16.6,
            "equity": 2866666,
            "current_ratio": 219.61,
            "debt_ratio": 50.95,
            "inventory_turnover_ratio": 1.11,
            "account_receivable_turnover_ratio": 0.67,
            "reinvestment_rate": 216.31,
            "research_to_sale_ratio": 0.3,
            "price_fair": 103.5,
            "eps_avg_yearly": 2.96,
            "eps_latest_yearly": 1.56,
            "eps_growth_yearly": 188.54
        },
        "20112": {
            "year_quarter": 20112,
            "year": 2011,
            "quarter": 2,
            "eps": 0.44,
            "eps_growth_year": -32.84,
            "eps_4q": 1.3,
            "eps_4q_growth_year": -52.34,
            "roe": 2.73,
            "roe_4q": 7.890000000000001,
            "gross_profit": 201441,
            "gross_margin": 17.37,
            "gross_margin_4q_avg": 16.4,
            "net_income": 76047,
            "revenue": 1159382,
            "common_shares": 1715980,
            "book_valuer_per_share": 15.81,
            "book_valuer_per_share_4q_avg": 16.38,
            "equity": 2712416,
            "current_ratio": 206.33,
            "debt_ratio": 51.14,
            "inventory_turnover_ratio": 1.37,
            "account_receivable_turnover_ratio": 0.76,
            "reinvestment_rate": 224.9,
            "research_to_sale_ratio": 0.28,
            "price_fair": 94.4,
            "eps_avg_yearly": 2.7,
            "eps_latest_yearly": 1.76,
            "eps_growth_yearly": 154.28
        },
        "20113": {
            "year_quarter": 20113,
            "year": 2011,
            "quarter": 3,
            "eps": 0.28,
            "eps_growth_year": 3.32,
            "eps_4q": 1.31,
            "eps_4q_growth_year": -43.82,
            "roe": 1.7,
            "roe_4q": 7.97,
            "gross_profit": 142553,
            "gross_margin": 12.07,
            "gross_margin_4q_avg": 15.67,
            "net_income": 47978,
            "revenue": 1181085,
            "common_shares": 1715980,
            "book_valuer_per_share": 17.07,
            "book_valuer_per_share_4q_avg": 16.47,
            "equity": 2929646,
            "current_ratio": 200.94,
            "debt_ratio": 49.88,
            "inventory_turnover_ratio": 1.52,
            "account_receivable_turnover_ratio": 0.72,
            "reinvestment_rate": 262.31,
            "research_to_sale_ratio": 0.27,
            "price_fair": 87,
            "eps_avg_yearly": 2.49,
            "eps_latest_yearly": 1.12,
            "eps_growth_yearly": 150.87
        },
        "20114": {
            "year_quarter": 20114,
            "year": 2011,
            "quarter": 4,
            "eps": -0.03,
            "eps_growth_year": -114.47,
            "eps_4q": 1.08,
            "eps_4q_growth_year": -42.38,
            "roe": -0.17,
            "roe_4q": 6.6,
            "gross_profit": 130002,
            "gross_margin": 11.57,
            "gross_margin_4q_avg": 15.13,
            "net_income": -4895,
            "revenue": 1123421,
            "common_shares": 1715980,
            "book_valuer_per_share": 17.15,
            "book_valuer_per_share_4q_avg": 16.69,
            "equity": 2943706,
            "current_ratio": 218.35,
            "debt_ratio": 46.16,
            "inventory_turnover_ratio": 1.56,
            "account_receivable_turnover_ratio": 0.71,
            "reinvestment_rate": 236.7,
            "research_to_sale_ratio": 0.53,
            "price_fair": 83.89,
            "eps_avg_yearly": 2.4,
            "eps_latest_yearly": 1.12,
            "eps_growth_yearly": 165.79
        },
        "20121": {
            "year_quarter": 20121,
            "year": 2012,
            "quarter": 1,
            "eps": 0.19,
            "eps_growth_year": -51.28,
            "eps_4q": 0.88,
            "eps_4q_growth_year": -41.64,
            "roe": 1.11,
            "roe_4q": 5.37,
            "gross_profit": 154773,
            "gross_margin": 16.97,
            "gross_margin_4q_avg": 14.5,
            "net_income": 32415,
            "revenue": 912004,
            "common_shares": 1715980,
            "book_valuer_per_share": 16.96,
            "book_valuer_per_share_4q_avg": 16.75,
            "equity": 2910699,
            "current_ratio": 212.92,
            "debt_ratio": 46.16,
            "inventory_turnover_ratio": 1.34,
            "account_receivable_turnover_ratio": 0.7,
            "reinvestment_rate": 243.34,
            "research_to_sale_ratio": 0.72,
            "price_fair": 84.47,
            "eps_avg_yearly": 2.41,
            "eps_latest_yearly": 1.12,
            "eps_growth_yearly": 192.8
        },
        "20122": {
            "year_quarter": 20122,
            "year": 2012,
            "quarter": 2,
            "eps": 0.2,
            "eps_growth_year": -55.43,
            "eps_4q": 0.64,
            "eps_4q_growth_year": -50.83,
            "roe": 1.18,
            "roe_4q": 3.8200000000000003,
            "gross_profit": 153152,
            "gross_margin": 15.03,
            "gross_margin_4q_avg": 13.91,
            "net_income": 33896,
            "revenue": 1018992,
            "common_shares": 1715980,
            "book_valuer_per_share": 16.49,
            "book_valuer_per_share_4q_avg": 16.92,
            "equity": 2829464,
            "current_ratio": 199.78,
            "debt_ratio": 49.88,
            "inventory_turnover_ratio": 1.54,
            "account_receivable_turnover_ratio": 0.84,
            "reinvestment_rate": 284.02,
            "research_to_sale_ratio": 1.24,
            "price_fair": 71.98,
            "eps_avg_yearly": 2.06,
            "eps_latest_yearly": 0.8,
            "eps_growth_yearly": 150.92
        },
        "20123": {
            "year_quarter": 20123,
            "year": 2012,
            "quarter": 3,
            "eps": 0.1,
            "eps_growth_year": -65.86,
            "eps_4q": 0.45,
            "eps_4q_growth_year": -65.27,
            "roe": 0.58,
            "roe_4q": 2.7,
            "gross_profit": 134433,
            "gross_margin": 13.35,
            "gross_margin_4q_avg": 14.23,
            "net_income": 16381,
            "revenue": 1006829,
            "common_shares": 1715980,
            "book_valuer_per_share": 16.23,
            "book_valuer_per_share_4q_avg": 16.71,
            "equity": 2784437,
            "current_ratio": 178.68,
            "debt_ratio": 57.32,
            "inventory_turnover_ratio": 1.87,
            "account_receivable_turnover_ratio": 0.82,
            "reinvestment_rate": 304.32,
            "research_to_sale_ratio": 1.08,
            "price_fair": 63.93,
            "eps_avg_yearly": 1.83,
            "eps_latest_yearly": 0.4,
            "eps_growth_yearly": 146.85
        },
        "20124": {
            "year_quarter": 20124,
            "year": 2012,
            "quarter": 4,
            "eps": 0.01,
            "eps_growth_year": null,
            "eps_4q": 0.5,
            "eps_4q_growth_year": -54.16,
            "roe": 0.08,
            "roe_4q": 2.95,
            "gross_profit": 144860,
            "gross_margin": 14.77,
            "gross_margin_4q_avg": 15.03,
            "net_income": 2252,
            "revenue": 981048,
            "common_shares": 1715980,
            "book_valuer_per_share": 16.28,
            "book_valuer_per_share_4q_avg": 16.49,
            "equity": 2794421,
            "current_ratio": 169.38,
            "debt_ratio": 56.24,
            "inventory_turnover_ratio": 1.92,
            "account_receivable_turnover_ratio": 0.81,
            "reinvestment_rate": 298.72,
            "research_to_sale_ratio": 1.32,
            "price_fair": 59.12,
            "eps_avg_yearly": 1.69,
            "eps_latest_yearly": 0.04,
            "eps_growth_yearly": 107.86
        },
        "20131": {
            "year_quarter": 20131,
            "year": 2013,
            "quarter": 1,
            "eps": -0.03,
            "eps_growth_year": -115.79,
            "eps_4q": 0.27,
            "eps_4q_growth_year": -68.88,
            "roe": -0.19,
            "roe_4q": 1.65,
            "gross_profit": 99968,
            "gross_margin": 11.1,
            "gross_margin_4q_avg": 13.56,
            "net_income": -5363,
            "revenue": 900540,
            "common_shares": 1715980,
            "book_valuer_per_share": 16.81,
            "book_valuer_per_share_4q_avg": 16.45,
            "equity": 2884074,
            "current_ratio": 172.01,
            "debt_ratio": 55.58,
            "inventory_turnover_ratio": 1.49,
            "account_receivable_turnover_ratio": 0.75,
            "reinvestment_rate": 6.45,
            "research_to_sale_ratio": 1.3,
            "price_fair": 59.12,
            "eps_avg_yearly": 1.69,
            "eps_latest_yearly": 0.04,
            "eps_growth_yearly": 107.86
        },
        "20132": {
            "year_quarter": 20132,
            "year": 2013,
            "quarter": 2,
            "eps": -0.27,
            "eps_growth_year": -236.69,
            "eps_4q": -0.19,
            "eps_4q_growth_year": -129.65,
            "roe": -1.6,
            "roe_4q": -1.13,
            "gross_profit": 47989,
            "gross_margin": 4.86,
            "gross_margin_4q_avg": 11.02,
            "net_income": -45703,
            "revenue": 986666,
            "common_shares": 1715980,
            "book_valuer_per_share": 16.58,
            "book_valuer_per_share_4q_avg": 16.48,
            "equity": 2844679,
            "current_ratio": 185.36,
            "debt_ratio": 53.78,
            "inventory_turnover_ratio": 1.31,
            "account_receivable_turnover_ratio": 0.82,
            "reinvestment_rate": 11.09,
            "research_to_sale_ratio": 1.25,
            "price_fair": 4.62,
            "eps_avg_yearly": 1.54,
            "eps_latest_yearly": 0.04,
            "eps_growth_yearly": -56.96
        },
        "20133": {
            "year_quarter": 20133,
            "year": 2013,
            "quarter": 3,
            "eps": 0.28,
            "eps_growth_year": 193.31,
            "eps_4q": 0,
            "eps_4q_growth_year": -99.9,
            "roe": 1.71,
            "roe_4q": -1.249000902703301e-16,
            "gross_profit": 177120,
            "gross_margin": 16.6,
            "gross_margin_4q_avg": 11.83,
            "net_income": 48889,
            "revenue": 1067300,
            "common_shares": 1715980,
            "book_valuer_per_share": 16.68,
            "book_valuer_per_share_4q_avg": 16.59,
            "equity": 2862573,
            "current_ratio": 186.54,
            "debt_ratio": 55.48,
            "inventory_turnover_ratio": 1.08,
            "account_receivable_turnover_ratio": 0.86,
            "reinvestment_rate": 17.98,
            "research_to_sale_ratio": 0.8,
            "price_fair": 4.31,
            "eps_avg_yearly": 1.44,
            "eps_latest_yearly": 0.04,
            "eps_growth_yearly": -53.78
        },
        "20134": {
            "year_quarter": 20134,
            "year": 2013,
            "quarter": 4,
            "eps": 0.1,
            "eps_growth_year": 650.21,
            "eps_4q": 0.09,
            "eps_4q_growth_year": -82.67,
            "roe": 0.58,
            "roe_4q": 0.49999999999999994,
            "gross_profit": 129894,
            "gross_margin": 12.17,
            "gross_margin_4q_avg": 11.18,
            "net_income": 16895,
            "revenue": 1067540,
            "common_shares": 1715980,
            "book_valuer_per_share": 17.07,
            "book_valuer_per_share_4q_avg": 16.79,
            "equity": 2929413,
            "current_ratio": 208.17,
            "debt_ratio": 50.77,
            "inventory_turnover_ratio": 1.31,
            "account_receivable_turnover_ratio": 0.82,
            "reinvestment_rate": -330.26,
            "research_to_sale_ratio": 0.92,
            "price_fair": 3.71,
            "eps_avg_yearly": 1.24,
            "eps_latest_yearly": 0.4,
            "eps_growth_yearly": -76.07
        },
        "20141": {
            "year_quarter": 20141,
            "year": 2014,
            "quarter": 1,
            "eps": -0.15,
            "eps_growth_year": null,
            "eps_4q": -0.03,
            "eps_4q_growth_year": -110.65,
            "roe": -0.86,
            "roe_4q": -0.17000000000000015,
            "gross_profit": 52631,
            "gross_margin": 6.17,
            "gross_margin_4q_avg": 9.95,
            "net_income": -25102,
            "revenue": 852932,
            "common_shares": 1715980,
            "book_valuer_per_share": 16.87,
            "book_valuer_per_share_4q_avg": 16.8,
            "equity": 2894568,
            "current_ratio": 195.08,
            "debt_ratio": 50.98,
            "inventory_turnover_ratio": 1.17,
            "account_receivable_turnover_ratio": 0.69,
            "reinvestment_rate": -450.55,
            "research_to_sale_ratio": 1.03,
            "price_fair": 3.18,
            "eps_avg_yearly": 1.06,
            "eps_latest_yearly": 0.4,
            "eps_growth_yearly": -89.83
        },
        "20142": {
            "year_quarter": 20142,
            "year": 2014,
            "quarter": 2,
            "eps": 0.39,
            "eps_growth_year": null,
            "eps_4q": 0.63,
            "eps_4q_growth_year": null,
            "roe": 2.3,
            "roe_4q": 3.73,
            "gross_profit": 193722,
            "gross_margin": 18.1,
            "gross_margin_4q_avg": 13.26,
            "net_income": 66632,
            "revenue": 1070351,
            "common_shares": 1715980,
            "book_valuer_per_share": 16.92,
            "book_valuer_per_share_4q_avg": 16.89,
            "equity": 2904223,
            "current_ratio": 193.5,
            "debt_ratio": 52.39,
            "inventory_turnover_ratio": 1.1,
            "account_receivable_turnover_ratio": 0.91,
            "reinvestment_rate": -534.45,
            "research_to_sale_ratio": 0.67,
            "price_fair": 2.65,
            "eps_avg_yearly": 0.88,
            "eps_latest_yearly": 0.4,
            "eps_growth_yearly": -94.48
        },
        "20143": {
            "year_quarter": 20143,
            "year": 2014,
            "quarter": 3,
            "eps": 0.15,
            "eps_growth_year": -46.43,
            "eps_4q": 0.49,
            "eps_4q_growth_year": 111290.62,
            "roe": 0.85,
            "roe_4q": 2.87,
            "gross_profit": 149038,
            "gross_margin": 14.59,
            "gross_margin_4q_avg": 12.76,
            "net_income": 25105,
            "revenue": 1021640,
            "common_shares": 1715980,
            "book_valuer_per_share": 17.54,
            "book_valuer_per_share_4q_avg": 17.1,
            "equity": 3010464,
            "current_ratio": 191.59,
            "debt_ratio": 52.03,
            "inventory_turnover_ratio": 1.12,
            "account_receivable_turnover_ratio": 0.82,
            "reinvestment_rate": -552.2,
            "research_to_sale_ratio": 0.75,
            "price_fair": 2.49,
            "eps_avg_yearly": 0.83,
            "eps_latest_yearly": 0.6,
            "eps_growth_yearly": -95.57
        },
        "20144": {
            "year_quarter": 20144,
            "year": 2014,
            "quarter": 4,
            "eps": 0.12,
            "eps_growth_year": 25.51,
            "eps_4q": 0.51,
            "eps_4q_growth_year": 496.82,
            "roe": 0.69,
            "roe_4q": 2.98,
            "gross_profit": 131916,
            "gross_margin": 13.19,
            "gross_margin_4q_avg": 13.01,
            "net_income": 21205,
            "revenue": 1000156,
            "common_shares": 1715980,
            "book_valuer_per_share": 18.29,
            "book_valuer_per_share_4q_avg": 17.41,
            "equity": 3138142,
            "current_ratio": 190.01,
            "debt_ratio": 49.67,
            "inventory_turnover_ratio": 1.12,
            "account_receivable_turnover_ratio": 0.79,
            "reinvestment_rate": -461.1,
            "research_to_sale_ratio": 1.01,
            "price_fair": 2.39,
            "eps_avg_yearly": 0.8,
            "eps_latest_yearly": 0.48,
            "eps_growth_yearly": -92.94
        },
        "20151": {
            "year_quarter": 20151,
            "year": 2015,
            "quarter": 1,
            "eps": -0.07,
            "eps_growth_year": null,
            "eps_4q": 0.59,
            "eps_4q_growth_year": null,
            "roe": -0.39,
            "roe_4q": 3.4499999999999997,
            "gross_profit": 74757,
            "gross_margin": 8.74,
            "gross_margin_4q_avg": 13.66,
            "net_income": -12156,
            "revenue": 855017,
            "common_shares": 1715980,
            "book_valuer_per_share": 18.15,
            "book_valuer_per_share_4q_avg": 17.73,
            "equity": 3114327,
            "current_ratio": 181.9,
            "debt_ratio": 47.7,
            "inventory_turnover_ratio": 1.02,
            "account_receivable_turnover_ratio": 0.71,
            "reinvestment_rate": -633.89,
            "research_to_sale_ratio": 1.16,
            "price_fair": 2.1,
            "eps_avg_yearly": 0.7,
            "eps_latest_yearly": 0.48,
            "eps_growth_yearly": -152.05
        },
        "20152": {
            "year_quarter": 20152,
            "year": 2015,
            "quarter": 2,
            "eps": -0.11,
            "eps_growth_year": -128.21,
            "eps_4q": 0.09,
            "eps_4q_growth_year": -84.97,
            "roe": -0.59,
            "roe_4q": 0.5599999999999999,
            "gross_profit": 81537,
            "gross_margin": 8.49,
            "gross_margin_4q_avg": 11.25,
            "net_income": -18026,
            "revenue": 959997,
            "common_shares": 1715980,
            "book_valuer_per_share": 17.56,
            "book_valuer_per_share_4q_avg": 17.89,
            "equity": 3014026,
            "current_ratio": 178.86,
            "debt_ratio": 50.71,
            "inventory_turnover_ratio": 1.28,
            "account_receivable_turnover_ratio": 0.83,
            "reinvestment_rate": -946.99,
            "research_to_sale_ratio": 1.13,
            "price_fair": 1.65,
            "eps_avg_yearly": 0.55,
            "eps_latest_yearly": 0.48,
            "eps_growth_yearly": -181.1
        },
        "20153": {
            "year_quarter": 20153,
            "year": 2015,
            "quarter": 3,
            "eps": -0.14,
            "eps_growth_year": -193.33,
            "eps_4q": -0.19,
            "eps_4q_growth_year": -139.11,
            "roe": -0.77,
            "roe_4q": -1.06,
            "gross_profit": 74366,
            "gross_margin": 7.68,
            "gross_margin_4q_avg": 9.53,
            "net_income": -23388,
            "revenue": 967902,
            "common_shares": 1715980,
            "book_valuer_per_share": 18.2,
            "book_valuer_per_share_4q_avg": 18.05,
            "equity": 3094440,
            "current_ratio": 169.51,
            "debt_ratio": 51.65,
            "inventory_turnover_ratio": 1.36,
            "account_receivable_turnover_ratio": 0.81,
            "reinvestment_rate": -1641.54,
            "research_to_sale_ratio": 1.16,
            "price_fair": 1.36,
            "eps_avg_yearly": 0.45,
            "eps_latest_yearly": 0.48,
            "eps_growth_yearly": -187.04
        },
        "20154": {
            "year_quarter": 20154,
            "year": 2015,
            "quarter": 4,
            "eps": 0.07,
            "eps_growth_year": -41.33,
            "eps_4q": -0.24,
            "eps_4q_growth_year": -147.69,
            "roe": 0.4,
            "roe_4q": -1.35,
            "gross_profit": 111939,
            "gross_margin": 11.84,
            "gross_margin_4q_avg": 9.19,
            "net_income": 12267,
            "revenue": 945348,
            "common_shares": 1692000,
            "book_valuer_per_share": 17.75,
            "book_valuer_per_share_4q_avg": 17.92,
            "equity": 3002836,
            "current_ratio": 211.66,
            "debt_ratio": 50.21,
            "inventory_turnover_ratio": 1.33,
            "account_receivable_turnover_ratio": 0.8,
            "reinvestment_rate": -1589.15,
            "research_to_sale_ratio": 1.07,
            "price_fair": 1.36,
            "eps_avg_yearly": 0.45,
            "eps_latest_yearly": 0.48,
            "eps_growth_yearly": -187.04
        },
        "20161": {
            "year_quarter": 20161,
            "year": 2016,
            "quarter": 1,
            "eps": -0.09,
            "eps_growth_year": null,
            "eps_4q": -0.27,
            "eps_4q_growth_year": -145.42,
            "roe": -0.54,
            "roe_4q": -1.5,
            "gross_profit": 81766,
            "gross_margin": 10.74,
            "gross_margin_4q_avg": 9.69,
            "net_income": -15990,
            "revenue": 761553,
            "common_shares": 1692000,
            "book_valuer_per_share": 17.55,
            "book_valuer_per_share_4q_avg": 17.77,
            "equity": 2968879,
            "current_ratio": 203.18,
            "debt_ratio": 50.99,
            "inventory_turnover_ratio": 1.18,
            "account_receivable_turnover_ratio": 0.74,
            "reinvestment_rate": -2255.33,
            "research_to_sale_ratio": 1.07,
            "price_fair": 1.36,
            "eps_avg_yearly": 0.45,
            "eps_latest_yearly": 0.48,
            "eps_growth_yearly": -187.04
        },
        "20162": {
            "year_quarter": 20162,
            "year": 2016,
            "quarter": 2,
            "eps": 0.13,
            "eps_growth_year": null,
            "eps_4q": -0.03,
            "eps_4q_growth_year": -136.38,
            "roe": 0.72,
            "roe_4q": -0.19000000000000006,
            "gross_profit": 142846,
            "gross_margin": 15.52,
            "gross_margin_4q_avg": 11.45,
            "net_income": 21326,
            "revenue": 920302,
            "common_shares": 1692000,
            "book_valuer_per_share": 17.29,
            "book_valuer_per_share_4q_avg": 17.7,
            "equity": 2925057,
            "current_ratio": 183.54,
            "debt_ratio": 52.08,
            "inventory_turnover_ratio": 1.31,
            "account_receivable_turnover_ratio": 0.95,
            "reinvestment_rate": -2804.44,
            "research_to_sale_ratio": 0.76,
            "price_fair": 1.15,
            "eps_avg_yearly": 0.38,
            "eps_latest_yearly": 0.48,
            "eps_growth_yearly": -228.66
        },
        "20163": {
            "year_quarter": 20163,
            "year": 2016,
            "quarter": 3,
            "eps": 0.09,
            "eps_growth_year": null,
            "eps_4q": 0.19,
            "eps_4q_growth_year": null,
            "roe": 0.51,
            "roe_4q": 1.0899999999999999,
            "gross_profit": 123632,
            "gross_margin": 12.98,
            "gross_margin_4q_avg": 12.77,
            "net_income": 14585,
            "revenue": 952430,
            "common_shares": 1692000,
            "book_valuer_per_share": 16.82,
            "book_valuer_per_share_4q_avg": 17.35,
            "equity": 2845356,
            "current_ratio": 184.72,
            "debt_ratio": 54.16,
            "inventory_turnover_ratio": 1.35,
            "account_receivable_turnover_ratio": 0.88,
            "reinvestment_rate": -2854.47,
            "research_to_sale_ratio": 1,
            "price_fair": 1.13,
            "eps_avg_yearly": 0.38,
            "eps_latest_yearly": 0.36,
            "eps_growth_yearly": -213.27
        },
        "20164": {
            "year_quarter": 20164,
            "year": 2016,
            "quarter": 4,
            "eps": 0.15,
            "eps_growth_year": 105.08,
            "eps_4q": 0.27,
            "eps_4q_growth_year": null,
            "roe": 0.89,
            "roe_4q": 1.58,
            "gross_profit": 142506,
            "gross_margin": 14.17,
            "gross_margin_4q_avg": 13.35,
            "net_income": 25157,
            "revenue": 1005430,
            "common_shares": 1692000,
            "book_valuer_per_share": 16.54,
            "book_valuer_per_share_4q_avg": 17.05,
            "equity": 2797777,
            "current_ratio": 169.28,
            "debt_ratio": 56.37,
            "inventory_turnover_ratio": 1.28,
            "account_receivable_turnover_ratio": 0.84,
            "reinvestment_rate": -2307.55,
            "research_to_sale_ratio": 0.89,
            "price_fair": 1.46,
            "eps_avg_yearly": 0.49,
            "eps_latest_yearly": 0.6,
            "eps_growth_yearly": -87.94
        },
        "20171": {
            "year_quarter": 20171,
            "year": 2017,
            "quarter": 1,
            "eps": -0.11,
            "eps_growth_year": null,
            "eps_4q": 0.25,
            "eps_4q_growth_year": null,
            "roe": -0.67,
            "roe_4q": 1.45,
            "gross_profit": 83885,
            "gross_margin": 10.56,
            "gross_margin_4q_avg": 13.31,
            "net_income": -18128,
            "revenue": 794379,
            "common_shares": 1692000,
            "book_valuer_per_share": 15.46,
            "book_valuer_per_share_4q_avg": 16.53,
            "equity": 2616130,
            "current_ratio": 168.62,
            "debt_ratio": 54.92,
            "inventory_turnover_ratio": 0.9,
            "account_receivable_turnover_ratio": 0.68,
            "reinvestment_rate": 290.16,
            "research_to_sale_ratio": 0.78,
            "price_fair": 1.46,
            "eps_avg_yearly": 0.49,
            "eps_latest_yearly": 0.6,
            "eps_growth_yearly": -87.94
        },
        "20172": {
            "year_quarter": 20172,
            "year": 2017,
            "quarter": 2,
            "eps": -0.08,
            "eps_growth_year": -161.54,
            "eps_4q": 0.04,
            "eps_4q_growth_year": null,
            "roe": -0.54,
            "roe_4q": 0.19000000000000006,
            "gross_profit": 87989,
            "gross_margin": 9.14,
            "gross_margin_4q_avg": 11.71,
            "net_income": -14190,
            "revenue": 963010,
            "common_shares": 1692000,
            "book_valuer_per_share": 15.66,
            "book_valuer_per_share_4q_avg": 16.12,
            "equity": 2648994,
            "current_ratio": 171.06,
            "debt_ratio": 55.66,
            "inventory_turnover_ratio": 1.07,
            "account_receivable_turnover_ratio": 0.86,
            "reinvestment_rate": 203.44,
            "research_to_sale_ratio": 0.69,
            "price_fair": 1.46,
            "eps_avg_yearly": 0.49,
            "eps_latest_yearly": 0.6,
            "eps_growth_yearly": -87.94
        },
        "20173": {
            "year_quarter": 20173,
            "year": 2017,
            "quarter": 3,
            "eps": 0,
            "eps_growth_year": -100,
            "eps_4q": -0.04,
            "eps_4q_growth_year": -122.03,
            "roe": 0,
            "roe_4q": -0.31999999999999995,
            "gross_profit": 108091,
            "gross_margin": 10.81,
            "gross_margin_4q_avg": 11.17,
            "net_income": 69,
            "revenue": 1000146,
            "common_shares": 1692000,
            "book_valuer_per_share": 15.91,
            "book_valuer_per_share_4q_avg": 15.89,
            "equity": 2691246,
            "current_ratio": 176.89,
            "debt_ratio": 56.86,
            "inventory_turnover_ratio": 0.99,
            "account_receivable_turnover_ratio": 0.82,
            "reinvestment_rate": 338.63,
            "research_to_sale_ratio": 1.19,
            "price_fair": 1.46,
            "eps_avg_yearly": 0.49,
            "eps_latest_yearly": 0.6,
            "eps_growth_yearly": -87.94
        },
        "20174": {
            "year_quarter": 20174,
            "year": 2017,
            "quarter": 4,
            "eps": 0.19,
            "eps_growth_year": 24.77,
            "eps_4q": -0.01,
            "eps_4q_growth_year": -101.91,
            "roe": 1.16,
            "roe_4q": -0.050000000000000155,
            "gross_profit": 145958,
            "gross_margin": 13.21,
            "gross_margin_4q_avg": 10.93,
            "net_income": 31389,
            "revenue": 1105041,
            "common_shares": 1692000,
            "book_valuer_per_share": 16.13,
            "book_valuer_per_share_4q_avg": 15.79,
            "equity": 2728784,
            "current_ratio": 167.27,
            "debt_ratio": 58.03,
            "inventory_turnover_ratio": 0.97,
            "account_receivable_turnover_ratio": 0.84,
            "reinvestment_rate": 248.22,
            "research_to_sale_ratio": 0.78,
            "price_fair": 1.53,
            "eps_avg_yearly": 0.51,
            "eps_latest_yearly": 0.6,
            "eps_growth_yearly": -45.64
        },
        "20181": {
            "year_quarter": 20181,
            "year": 2018,
            "quarter": 1,
            "eps": -0.19,
            "eps_growth_year": null,
            "eps_4q": -0.09,
            "eps_4q_growth_year": -135.34,
            "roe": -1.19,
            "roe_4q": -0.5700000000000001,
            "gross_profit": 81557,
            "gross_margin": 8.76,
            "gross_margin_4q_avg": 10.48,
            "net_income": -32442,
            "revenue": 930737,
            "common_shares": 1692000,
            "book_valuer_per_share": 16.18,
            "book_valuer_per_share_4q_avg": 15.97,
            "equity": 2738001,
            "current_ratio": 178.48,
            "debt_ratio": 56.05,
            "inventory_turnover_ratio": 0.82,
            "account_receivable_turnover_ratio": 0.7,
            "reinvestment_rate": 255.97,
            "research_to_sale_ratio": 0.42,
            "price_fair": 1.53,
            "eps_avg_yearly": 0.51,
            "eps_latest_yearly": 0.6,
            "eps_growth_yearly": -45.64
        },
        "20182": {
            "year_quarter": 20182,
            "year": 2018,
            "quarter": 2,
            "eps": -0.06,
            "eps_growth_year": null,
            "eps_4q": -0.07,
            "eps_4q_growth_year": -259.7,
            "roe": -0.4,
            "roe_4q": -0.42999999999999994,
            "gross_profit": 69614,
            "gross_margin": 6.5,
            "gross_margin_4q_avg": 9.82,
            "net_income": -10872,
            "revenue": 1071158,
            "common_shares": 1692000,
            "book_valuer_per_share": 15.97,
            "book_valuer_per_share_4q_avg": 16.05,
            "equity": 2702823,
            "current_ratio": 185.22,
            "debt_ratio": 54.78,
            "inventory_turnover_ratio": 1.05,
            "account_receivable_turnover_ratio": 0.81,
            "reinvestment_rate": 3515.55,
            "research_to_sale_ratio": 0.77,
            "price_fair": 1.53,
            "eps_avg_yearly": 0.51,
            "eps_latest_yearly": 0.6,
            "eps_growth_yearly": -45.64
        },
        "20183": {
            "year_quarter": 20183,
            "year": 2018,
            "quarter": 3,
            "eps": -0.24,
            "eps_growth_year": null,
            "eps_4q": -0.31,
            "eps_4q_growth_year": null,
            "roe": -1.51,
            "roe_4q": -1.9400000000000002,
            "gross_profit": 32496,
            "gross_margin": 3.35,
            "gross_margin_4q_avg": 7.96,
            "net_income": -39777,
            "revenue": 970890,
            "common_shares": 1692000,
            "book_valuer_per_share": 15.07,
            "book_valuer_per_share_4q_avg": 15.84,
            "equity": 2549471,
            "current_ratio": 172.16,
            "debt_ratio": 55.64,
            "inventory_turnover_ratio": 1.28,
            "account_receivable_turnover_ratio": 0.75,
            "reinvestment_rate": null,
            "research_to_sale_ratio": 0.18,
            "price_fair": 14.97,
            "eps_avg_yearly": 0.48,
            "eps_latest_yearly": 0.6,
            "eps_growth_yearly": 21.2
        },
        "20184": {
            "year_quarter": 20184,
            "year": 2018,
            "quarter": 4,
            "eps": -0.04,
            "eps_growth_year": -119.61,
            "eps_4q": -0.53,
            "eps_4q_growth_year": null,
            "roe": -0.24,
            "roe_4q": -3.34,
            "gross_profit": 94345,
            "gross_margin": 9.65,
            "gross_margin_4q_avg": 7.07,
            "net_income": -6156,
            "revenue": 978069,
            "common_shares": 1692000,
            "book_valuer_per_share": 15.01,
            "book_valuer_per_share_4q_avg": 15.56,
            "equity": 2539306,
            "current_ratio": 158.14,
            "debt_ratio": 57.76,
            "inventory_turnover_ratio": 1.21,
            "account_receivable_turnover_ratio": 0.81,
            "reinvestment_rate": null,
            "research_to_sale_ratio": 0.77,
            "price_fair": 16.8,
            "eps_avg_yearly": 0.48,
            "eps_latest_yearly": 0.6,
            "eps_growth_yearly": 71.79
        },
        "20191": {
            "year_quarter": 20191,
            "year": 2019,
            "quarter": 1,
            "eps": -0.19,
            "eps_growth_year": null,
            "eps_4q": -0.53,
            "eps_4q_growth_year": null,
            "roe": -1.27,
            "roe_4q": -3.42,
            "gross_profit": 85951,
            "gross_margin": 11.05,
            "gross_margin_4q_avg": 7.64,
            "net_income": -32626,
            "revenue": 777876,
            "common_shares": 1692000,
            "book_valuer_per_share": 15.31,
            "book_valuer_per_share_4q_avg": 15.34,
            "equity": 2590716,
            "current_ratio": 148.03,
            "debt_ratio": 56.33,
            "inventory_turnover_ratio": 0.8,
            "account_receivable_turnover_ratio": 0.7,
            "reinvestment_rate": null,
            "research_to_sale_ratio": 0.47,
            "price_fair": 16.8,
            "eps_avg_yearly": 0.48,
            "eps_latest_yearly": 0.6,
            "eps_growth_yearly": 71.79
        },
        "20192": {
            "year_quarter": 20192,
            "year": 2019,
            "quarter": 2,
            "eps": -0.02,
            "eps_growth_year": null,
            "eps_4q": -0.48,
            "eps_4q_growth_year": null,
            "roe": -0.1,
            "roe_4q": -3.12,
            "gross_profit": 89233,
            "gross_margin": 9.76,
            "gross_margin_4q_avg": 8.45,
            "net_income": -2643,
            "revenue": 913887,
            "common_shares": 1692000,
            "book_valuer_per_share": 15.07,
            "book_valuer_per_share_4q_avg": 15.12,
            "equity": 2550044,
            "current_ratio": 151.61,
            "debt_ratio": 55.52,
            "inventory_turnover_ratio": 0.85,
            "account_receivable_turnover_ratio": 0.85,
            "reinvestment_rate": null,
            "research_to_sale_ratio": 0.57,
            "price_fair": 16.8,
            "eps_avg_yearly": 0.48,
            "eps_latest_yearly": 0.6,
            "eps_growth_yearly": 71.79
        },
        "20193": {
            "year_quarter": 20193,
            "year": 2019,
            "quarter": 3,
            "eps": -0.11,
            "eps_growth_year": null,
            "eps_4q": -0.36,
            "eps_4q_growth_year": null,
            "roe": -0.78,
            "roe_4q": -2.3899999999999997,
            "gross_profit": 54502,
            "gross_margin": 6.41,
            "gross_margin_4q_avg": 9.22,
            "net_income": -19381,
            "revenue": 849990,
            "common_shares": 1692000,
            "book_valuer_per_share": 14.26,
            "book_valuer_per_share_4q_avg": 14.91,
            "equity": 2413535,
            "current_ratio": 138.46,
            "debt_ratio": 56.1,
            "inventory_turnover_ratio": 0.78,
            "account_receivable_turnover_ratio": 0.8,
            "reinvestment_rate": null,
            "research_to_sale_ratio": 0.27,
            "price_fair": 16.8,
            "eps_avg_yearly": 0.48,
            "eps_latest_yearly": 0.6,
            "eps_growth_yearly": 71.79
        },
        "20194": {
            "year_quarter": 20194,
            "year": 2019,
            "quarter": 4,
            "eps": -0.81,
            "eps_growth_year": null,
            "eps_4q": -1.13,
            "eps_4q_growth_year": null,
            "roe": -5.88,
            "roe_4q": -8.03,
            "gross_profit": 74637,
            "gross_margin": 8.28,
            "gross_margin_4q_avg": 8.88,
            "net_income": -136926,
            "revenue": 901269,
            "common_shares": 1692000,
            "book_valuer_per_share": 13.28,
            "book_valuer_per_share_4q_avg": 14.48,
            "equity": 2247261,
            "current_ratio": 135.79,
            "debt_ratio": 60.03,
            "inventory_turnover_ratio": 0.84,
            "account_receivable_turnover_ratio": 0.84,
            "reinvestment_rate": null,
            "research_to_sale_ratio": 0.65,
            "price_fair": 16.8,
            "eps_avg_yearly": 0.48,
            "eps_latest_yearly": 0.6,
            "eps_growth_yearly": 71.79
        },
        "20201": {
            "year_quarter": 20201,
            "year": 2020,
            "quarter": 1,
            "eps": -0.54,
            "eps_growth_year": null,
            "eps_4q": -1.48,
            "eps_4q_growth_year": null,
            "roe": -4.17,
            "roe_4q": -10.93,
            "gross_profit": -48295,
            "gross_margin": -9.87,
            "gross_margin_4q_avg": 3.65,
            "net_income": -90630,
            "revenue": 489098,
            "common_shares": 1692000,
            "book_valuer_per_share": 12.41,
            "book_valuer_per_share_4q_avg": 13.76,
            "equity": 2099375,
            "current_ratio": 136.26,
            "debt_ratio": 57.11,
            "inventory_turnover_ratio": 0.62,
            "account_receivable_turnover_ratio": 0.51,
            "reinvestment_rate": null,
            "research_to_sale_ratio": 1.01,
            "price_fair": 16.8,
            "eps_avg_yearly": 0.48,
            "eps_latest_yearly": 0.6,
            "eps_growth_yearly": 71.79
        },
        "20202": {
            "year_quarter": 20202,
            "year": 2020,
            "quarter": 2,
            "eps": 0.13,
            "eps_growth_year": null,
            "eps_4q": -1.33,
            "eps_4q_growth_year": null,
            "roe": 1.03,
            "roe_4q": -9.799999999999999,
            "gross_profit": 126733,
            "gross_margin": 14.73,
            "gross_margin_4q_avg": 4.89,
            "net_income": 21504,
            "revenue": 860115,
            "common_shares": 1692000,
            "book_valuer_per_share": 12.37,
            "book_valuer_per_share_4q_avg": 13.08,
            "equity": 2093219,
            "current_ratio": 130.25,
            "debt_ratio": 56.38,
            "inventory_turnover_ratio": 0.98,
            "account_receivable_turnover_ratio": 0.97,
            "reinvestment_rate": null,
            "research_to_sale_ratio": 0.59,
            "price_fair": 16.8,
            "eps_avg_yearly": 0.48,
            "eps_latest_yearly": 0.6,
            "eps_growth_yearly": 71.79
        },
        "20203": {
            "year_quarter": 20203,
            "year": 2020,
            "quarter": 3,
            "eps": 0.07,
            "eps_growth_year": null,
            "eps_4q": -1.17,
            "eps_4q_growth_year": null,
            "roe": 0.54,
            "roe_4q": -8.48,
            "gross_profit": 148563,
            "gross_margin": 14.76,
            "gross_margin_4q_avg": 6.98,
            "net_income": 11343,
            "revenue": 1006559,
            "common_shares": 1692000,
            "book_valuer_per_share": 12.69,
            "book_valuer_per_share_4q_avg": 12.69,
            "equity": 2121233,
            "current_ratio": 147.52,
            "debt_ratio": 58.85,
            "inventory_turnover_ratio": 1.19,
            "account_receivable_turnover_ratio": 0.94,
            "reinvestment_rate": null,
            "research_to_sale_ratio": 0.7,
            "price_fair": 15.4,
            "eps_avg_yearly": 0.44,
            "eps_latest_yearly": 0.28,
            "eps_growth_yearly": 41.03
        },
        "20204": {
            "year_quarter": 20204,
            "year": 2020,
            "quarter": 4,
            "eps": 0.09,
            "eps_growth_year": null,
            "eps_4q": -0.26,
            "eps_4q_growth_year": null,
            "roe": 0.72,
            "roe_4q": -1.88,
            "gross_profit": 149305,
            "gross_margin": 13.59,
            "gross_margin_4q_avg": 8.3,
            "net_income": 15287,
            "revenue": 1098614,
            "common_shares": 1692000,
            "book_valuer_per_share": 12.98,
            "book_valuer_per_share_4q_avg": 12.61,
            "equity": 2152906,
            "current_ratio": 144.75,
            "debt_ratio": 58.58,
            "inventory_turnover_ratio": 1.18,
            "account_receivable_turnover_ratio": 0.88,
            "reinvestment_rate": null,
            "research_to_sale_ratio": 0.48,
            "price_fair": 0.96,
            "eps_avg_yearly": 0.32,
            "eps_latest_yearly": 0.36,
            "eps_growth_yearly": -35.16
        },
        "20211": {
            "year_quarter": 20211,
            "year": 2021,
            "quarter": 1,
            "eps": 0.34,
            "eps_growth_year": null,
            "eps_4q": 0.63,
            "eps_4q_growth_year": null,
            "roe": 2.61,
            "roe_4q": 4.9,
            "gross_profit": 177666,
            "gross_margin": 19.05,
            "gross_margin_4q_avg": 15.53,
            "net_income": 57164,
            "revenue": 932863,
            "common_shares": 1692000,
            "book_valuer_per_share": 13.42,
            "book_valuer_per_share_4q_avg": 12.87,
            "equity": 2226940,
            "current_ratio": 150.68,
            "debt_ratio": 57.31,
            "inventory_turnover_ratio": 0.78,
            "account_receivable_turnover_ratio": 0.74,
            "reinvestment_rate": null,
            "research_to_sale_ratio": 0.88,
            "price_fair": 23.33,
            "eps_avg_yearly": 0.67,
            "eps_latest_yearly": 1.36,
            "eps_growth_yearly": 346.93
        },
        "20212": {
            "year_quarter": 20212,
            "year": 2021,
            "quarter": 2,
            "eps": 0.54,
            "eps_growth_year": 315.38,
            "eps_4q": 1.05,
            "eps_4q_growth_year": null,
            "roe": 3.98,
            "roe_4q": 7.85,
            "gross_profit": 303406,
            "gross_margin": 23.95,
            "gross_margin_4q_avg": 17.84,
            "net_income": 89939,
            "revenue": 1267006,
            "common_shares": 1692000,
            "book_valuer_per_share": 13.82,
            "book_valuer_per_share_4q_avg": 13.23,
            "equity": 2293306,
            "current_ratio": 145.55,
            "debt_ratio": 58.46,
            "inventory_turnover_ratio": 0.84,
            "account_receivable_turnover_ratio": 0.95,
            "reinvestment_rate": null,
            "research_to_sale_ratio": 0.36,
            "price_fair": 36.4,
            "eps_avg_yearly": 1.04,
            "eps_latest_yearly": 2.16,
            "eps_growth_yearly": 319.02
        },
        "20213": {
            "year_quarter": 20213,
            "year": 2021,
            "quarter": 3,
            "eps": 0.39,
            "eps_growth_year": 457.14,
            "eps_4q": 1.37,
            "eps_4q_growth_year": null,
            "roe": 2.81,
            "roe_4q": 10.120000000000001,
            "gross_profit": 207039,
            "gross_margin": 19.74,
            "gross_margin_4q_avg": 19.08,
            "net_income": 65320,
            "revenue": 1048840,
            "common_shares": 1692000,
            "book_valuer_per_share": 14.22,
            "book_valuer_per_share_4q_avg": 13.61,
            "equity": 2358331,
            "current_ratio": 145.98,
            "debt_ratio": 57.75,
            "inventory_turnover_ratio": 0.67,
            "account_receivable_turnover_ratio": 0.75,
            "reinvestment_rate": null,
            "research_to_sale_ratio": 0.33,
            "price_fair": 40.04,
            "eps_avg_yearly": 1.14,
            "eps_latest_yearly": 1.56,
            "eps_growth_yearly": 232.99
        },
        "20214": {
            "year_quarter": 20214,
            "year": 2021,
            "quarter": 4,
            "eps": 0.19,
            "eps_growth_year": 100.84,
            "eps_4q": 1.47,
            "eps_4q_growth_year": null,
            "roe": 1.29,
            "roe_4q": 10.69,
            "gross_profit": 161430,
            "gross_margin": 15.14,
            "gross_margin_4q_avg": 19.47,
            "net_income": 30703,
            "revenue": 1066369,
            "common_shares": 1692000,
            "book_valuer_per_share": 14.5,
            "book_valuer_per_share_4q_avg": 13.99,
            "equity": 2405826,
            "current_ratio": 143.89,
            "debt_ratio": 57.23,
            "inventory_turnover_ratio": 0.72,
            "account_receivable_turnover_ratio": 0.81,
            "reinvestment_rate": null,
            "research_to_sale_ratio": 0.47,
            "price_fair": 37.8,
            "eps_avg_yearly": 1.08,
            "eps_latest_yearly": 0.76,
            "eps_growth_yearly": 159.97
        },
        "20221": {
            "year_quarter": 20221,
            "year": 2022,
            "quarter": 1,
            "eps": 0.03,
            "eps_growth_year": -91.18,
            "eps_4q": 1.16,
            "eps_4q_growth_year": 82,
            "roe": 0.23,
            "roe_4q": 8.31,
            "gross_profit": 91705,
            "gross_margin": 10.91,
            "gross_margin_4q_avg": 17.44,
            "net_income": 5677,
            "revenue": 840645,
            "common_shares": 1692000,
            "book_valuer_per_share": 14.83,
            "book_valuer_per_share_4q_avg": 14.34,
            "equity": 2460309,
            "current_ratio": 146.83,
            "debt_ratio": 57.11,
            "inventory_turnover_ratio": 0.59,
            "account_receivable_turnover_ratio": 0.68,
            "reinvestment_rate": null,
            "research_to_sale_ratio": 0.44,
            "price_fair": 33,
            "eps_avg_yearly": 0.94,
            "eps_latest_yearly": 0.12,
            "eps_growth_yearly": 89
        },
        "20222": {
            "year_quarter": 20222,
            "year": 2022,
            "quarter": 2,
            "eps": -0.02,
            "eps_growth_year": -103.7,
            "eps_4q": 0.59,
            "eps_4q_growth_year": -43.19,
            "roe": -0.12,
            "roe_4q": 4.21,
            "gross_profit": 40939,
            "gross_margin": 5.06,
            "gross_margin_4q_avg": 12.71,
            "net_income": -3001,
            "revenue": 809716,
            "common_shares": 1692000,
            "book_valuer_per_share": 14.63,
            "book_valuer_per_share_4q_avg": 14.55,
            "equity": 2427106,
            "current_ratio": 155.28,
            "debt_ratio": 54.91,
            "inventory_turnover_ratio": 0.62,
            "account_receivable_turnover_ratio": 0.73,
            "reinvestment_rate": null,
            "research_to_sale_ratio": 0.54,
            "price_fair": 33,
            "eps_avg_yearly": 0.94,
            "eps_latest_yearly": 0.12,
            "eps_growth_yearly": 89
        },
        "20223": {
            "year_quarter": 20223,
            "year": 2022,
            "quarter": 3,
            "eps": -0.24,
            "eps_growth_year": -161.54,
            "eps_4q": -0.04,
            "eps_4q_growth_year": -103.13,
            "roe": -1.67,
            "roe_4q": -0.27,
            "gross_profit": -41923,
            "gross_margin": -7.25,
            "gross_margin_4q_avg": 5.97,
            "net_income": -40511,
            "revenue": 578633,
            "common_shares": 1692000,
            "book_valuer_per_share": 14.59,
            "book_valuer_per_share_4q_avg": 14.64,
            "equity": 2421251,
            "current_ratio": 178.1,
            "debt_ratio": 51.81,
            "inventory_turnover_ratio": 0.58,
            "account_receivable_turnover_ratio": 0.64,
            "reinvestment_rate": null,
            "research_to_sale_ratio": 0.95,
            "price_fair": 33,
            "eps_avg_yearly": 0.94,
            "eps_latest_yearly": 0.12,
            "eps_growth_yearly": 89
        },
        "20224": {
            "year_quarter": 20224,
            "year": 2022,
            "quarter": 4,
            "eps": -0.39,
            "eps_growth_year": -312.61,
            "eps_4q": -0.62,
            "eps_4q_growth_year": -142.41,
            "roe": -2.76,
            "roe_4q": -4.319999999999999,
            "gross_profit": 10606,
            "gross_margin": 1.62,
            "gross_margin_4q_avg": 2.59,
            "net_income": -65279,
            "revenue": 652976,
            "common_shares": 1692000,
            "book_valuer_per_share": 13.95,
            "book_valuer_per_share_4q_avg": 14.5,
            "equity": 2313692,
            "current_ratio": 170.38,
            "debt_ratio": 51.99,
            "inventory_turnover_ratio": 0.71,
            "account_receivable_turnover_ratio": 0.83,
            "reinvestment_rate": null,
            "research_to_sale_ratio": 0.55,
            "price_fair": 33,
            "eps_avg_yearly": 0.94,
            "eps_latest_yearly": 0.12,
            "eps_growth_yearly": 89
        },
        "20231": {
            "year_quarter": 20231,
            "year": 2023,
            "quarter": 1,
            "eps": -0.23,
            "eps_growth_year": -866.67,
            "eps_4q": -0.89,
            "eps_4q_growth_year": -176.88,
            "roe": -1.68,
            "roe_4q": -6.2299999999999995,
            "gross_profit": 21711,
            "gross_margin": 3.85,
            "gross_margin_4q_avg": 0.82,
            "net_income": -38541,
            "revenue": 563896,
            "common_shares": 1692000,
            "book_valuer_per_share": 13.77,
            "book_valuer_per_share_4q_avg": 14.24,
            "equity": 2284159,
            "current_ratio": 158.81,
            "debt_ratio": 52.81,
            "inventory_turnover_ratio": 0.67,
            "account_receivable_turnover_ratio": 0.72,
            "reinvestment_rate": null,
            "research_to_sale_ratio": 0.53,
            "price_fair": 33,
            "eps_avg_yearly": 0.94,
            "eps_latest_yearly": 0.12,
            "eps_growth_yearly": 89
        }
    },
    "months": {
        "2001-09": {
            "month": "2001-09",
            "price": "11.49",
            "revenue": 90991
        },
        "2001-10": {
            "month": "2001-10",
            "price": "12.09",
            "revenue": 91167
        },
        "2001-11": {
            "month": "2001-11",
            "price": "16.06",
            "revenue": 82523
        },
        "2001-12": {
            "month": "2001-12",
            "price": "19.07",
            "revenue": 72826
        },
        "2002-01": {
            "month": "2002-01",
            "price": "25.30",
            "revenue": 94421
        },
        "2002-02": {
            "month": "2002-02",
            "price": "25.09",
            "revenue": 75825
        },
        "2002-03": {
            "month": "2002-03",
            "price": "25.00",
            "revenue": 104551
        },
        "2002-04": {
            "month": "2002-04",
            "price": "27.98",
            "revenue": 104334
        },
        "2002-05": {
            "month": "2002-05",
            "price": "26.35",
            "revenue": 105460
        },
        "2002-06": {
            "month": "2002-06",
            "price": "25.78",
            "revenue": 100600
        },
        "2002-07": {
            "month": "2002-07",
            "price": "25.39",
            "revenue": 105553
        },
        "2002-08": {
            "month": "2002-08",
            "price": "30.45",
            "revenue": 120733
        },
        "2002-09": {
            "month": "2002-09",
            "price": "34.86",
            "revenue": 123435
        },
        "2002-10": {
            "month": "2002-10",
            "price": "35.40",
            "revenue": 123033
        },
        "2002-11": {
            "month": "2002-11",
            "price": "36.64",
            "revenue": 112339
        },
        "2002-12": {
            "month": "2002-12",
            "price": "31.23",
            "revenue": 96556
        },
        "2003-01": {
            "month": "2003-01",
            "price": "30.51",
            "revenue": 107901
        },
        "2003-02": {
            "month": "2003-02",
            "price": "29.16",
            "revenue": 94498
        },
        "2003-03": {
            "month": "2003-03",
            "price": "26.55",
            "revenue": 119927
        },
        "2003-04": {
            "month": "2003-04",
            "price": "28.74",
            "revenue": 118434
        },
        "2003-05": {
            "month": "2003-05",
            "price": "34.06",
            "revenue": 104087
        },
        "2003-06": {
            "month": "2003-06",
            "price": "37.86",
            "revenue": 96576
        },
        "2003-07": {
            "month": "2003-07",
            "price": "42.20",
            "revenue": 122487
        },
        "2003-08": {
            "month": "2003-08",
            "price": "35.45",
            "revenue": 134814
        },
        "2003-09": {
            "month": "2003-09",
            "price": "32.44",
            "revenue": 140949
        },
        "2003-10": {
            "month": "2003-10",
            "price": "32.08",
            "revenue": 152674
        },
        "2003-11": {
            "month": "2003-11",
            "price": "34.36",
            "revenue": 152420
        },
        "2003-12": {
            "month": "2003-12",
            "price": "34.89",
            "revenue": 122051
        },
        "2004-01": {
            "month": "2004-01",
            "price": "34.87",
            "revenue": 111849
        },
        "2004-02": {
            "month": "2004-02",
            "price": "35.72",
            "revenue": 137094
        },
        "2004-03": {
            "month": "2004-03",
            "price": "35.10",
            "revenue": 160153
        },
        "2004-04": {
            "month": "2004-04",
            "price": "35.86",
            "revenue": 146792
        },
        "2004-05": {
            "month": "2004-05",
            "price": "33.37",
            "revenue": 123764
        },
        "2004-06": {
            "month": "2004-06",
            "price": "31.64",
            "revenue": 130505
        },
        "2004-07": {
            "month": "2004-07",
            "price": "27.45",
            "revenue": 153136
        },
        "2004-08": {
            "month": "2004-08",
            "price": "24.81",
            "revenue": 158387
        },
        "2004-09": {
            "month": "2004-09",
            "price": "26.96",
            "revenue": 163639
        },
        "2004-10": {
            "month": "2004-10",
            "price": "25.55",
            "revenue": 152053
        },
        "2004-11": {
            "month": "2004-11",
            "price": "23.58",
            "revenue": 146899
        },
        "2004-12": {
            "month": "2004-12",
            "price": "22.99",
            "revenue": 129862
        },
        "2005-01": {
            "month": "2005-01",
            "price": "21.69",
            "revenue": 142062
        },
        "2005-02": {
            "month": "2005-02",
            "price": "22.65",
            "revenue": 99466
        },
        "2005-03": {
            "month": "2005-03",
            "price": "23.58",
            "revenue": 169998
        },
        "2005-04": {
            "month": "2005-04",
            "price": "21.08",
            "revenue": 164696
        },
        "2005-05": {
            "month": "2005-05",
            "price": "19.05",
            "revenue": 137401
        },
        "2005-06": {
            "month": "2005-06",
            "price": "20.35",
            "revenue": 156969
        },
        "2005-07": {
            "month": "2005-07",
            "price": "21.09",
            "revenue": 159276
        },
        "2005-08": {
            "month": "2005-08",
            "price": "16.54",
            "revenue": 170568
        },
        "2005-09": {
            "month": "2005-09",
            "price": "14.89",
            "revenue": 172119
        },
        "2005-10": {
            "month": "2005-10",
            "price": "14.09",
            "revenue": 180409
        },
        "2005-11": {
            "month": "2005-11",
            "price": "14.19",
            "revenue": 187096
        },
        "2005-12": {
            "month": "2005-12",
            "price": "15.54",
            "revenue": 174218
        },
        "2006-01": {
            "month": "2006-01",
            "price": "15.44",
            "revenue": 153669
        },
        "2006-02": {
            "month": "2006-02",
            "price": "14.38",
            "revenue": 177265
        },
        "2006-03": {
            "month": "2006-03",
            "price": "14.52",
            "revenue": 215836
        },
        "2006-04": {
            "month": "2006-04",
            "price": "16.90",
            "revenue": 248955
        },
        "2006-05": {
            "month": "2006-05",
            "price": "17.81",
            "revenue": 240041
        },
        "2006-06": {
            "month": "2006-06",
            "price": "16.64",
            "revenue": 281590
        },
        "2006-07": {
            "month": "2006-07",
            "price": "19.75",
            "revenue": 301994
        },
        "2006-08": {
            "month": "2006-08",
            "price": "25.11",
            "revenue": 352539
        },
        "2006-09": {
            "month": "2006-09",
            "price": "29.84",
            "revenue": 365552
        },
        "2006-10": {
            "month": "2006-10",
            "price": "43.94",
            "revenue": 293532
        },
        "2006-11": {
            "month": "2006-11",
            "price": "46.44",
            "revenue": 242438
        },
        "2006-12": {
            "month": "2006-12",
            "price": "40.85",
            "revenue": 206830
        },
        "2007-01": {
            "month": "2007-01",
            "price": "42.09",
            "revenue": 221832
        },
        "2007-02": {
            "month": "2007-02",
            "price": "41.55",
            "revenue": 165264
        },
        "2007-03": {
            "month": "2007-03",
            "price": "46.68",
            "revenue": 322573
        },
        "2007-04": {
            "month": "2007-04",
            "price": "47.02",
            "revenue": 340681
        },
        "2007-05": {
            "month": "2007-05",
            "price": "44.07",
            "revenue": 344536
        },
        "2007-06": {
            "month": "2007-06",
            "price": "47.92",
            "revenue": 263171
        },
        "2007-07": {
            "month": "2007-07",
            "price": "51.68",
            "revenue": 297794
        },
        "2007-08": {
            "month": "2007-08",
            "price": "43.76",
            "revenue": 291407
        },
        "2007-09": {
            "month": "2007-09",
            "price": "41.58",
            "revenue": 306013
        },
        "2007-10": {
            "month": "2007-10",
            "price": "38.63",
            "revenue": 324120
        },
        "2007-11": {
            "month": "2007-11",
            "price": "32.22",
            "revenue": 434223
        },
        "2007-12": {
            "month": "2007-12",
            "price": "29.87",
            "revenue": 189273
        },
        "2008-01": {
            "month": "2008-01",
            "price": "29.14",
            "revenue": 200736
        },
        "2008-02": {
            "month": "2008-02",
            "price": "28.01",
            "revenue": 178800
        },
        "2008-03": {
            "month": "2008-03",
            "price": "29.21",
            "revenue": 269645
        },
        "2008-04": {
            "month": "2008-04",
            "price": "31.55",
            "revenue": 232385
        },
        "2008-05": {
            "month": "2008-05",
            "price": "32.97",
            "revenue": 216377
        },
        "2008-06": {
            "month": "2008-06",
            "price": "29.02",
            "revenue": 125834
        },
        "2008-07": {
            "month": "2008-07",
            "price": "23.07",
            "revenue": 238865
        },
        "2008-08": {
            "month": "2008-08",
            "price": "22.62",
            "revenue": 189520
        },
        "2008-09": {
            "month": "2008-09",
            "price": "22.71",
            "revenue": 193563
        },
        "2008-10": {
            "month": "2008-10",
            "price": "18.27",
            "revenue": 195034
        },
        "2008-11": {
            "month": "2008-11",
            "price": "14.32",
            "revenue": 80205
        },
        "2008-12": {
            "month": "2008-12",
            "price": "12.79",
            "revenue": 76360
        },
        "2009-01": {
            "month": "2009-01",
            "price": "12.28",
            "revenue": 89136
        },
        "2009-02": {
            "month": "2009-02",
            "price": "12.24",
            "revenue": 192145
        },
        "2009-03": {
            "month": "2009-03",
            "price": "14.27",
            "revenue": 241949
        },
        "2009-04": {
            "month": "2009-04",
            "price": "17.23",
            "revenue": 259035
        },
        "2009-05": {
            "month": "2009-05",
            "price": "18.81",
            "revenue": 218918
        },
        "2009-06": {
            "month": "2009-06",
            "price": "17.61",
            "revenue": 263490
        },
        "2009-07": {
            "month": "2009-07",
            "price": "18.81",
            "revenue": 242867
        },
        "2009-08": {
            "month": "2009-08",
            "price": "21.56",
            "revenue": 307358
        },
        "2009-09": {
            "month": "2009-09",
            "price": "22.46",
            "revenue": 317879
        },
        "2009-10": {
            "month": "2009-10",
            "price": "25.81",
            "revenue": 292293
        },
        "2009-11": {
            "month": "2009-11",
            "price": "24.21",
            "revenue": 286983
        },
        "2009-12": {
            "month": "2009-12",
            "price": "26.14",
            "revenue": 320613
        },
        "2010-01": {
            "month": "2010-01",
            "price": "25.82",
            "revenue": 345560
        },
        "2010-02": {
            "month": "2010-02",
            "price": "23.96",
            "revenue": 235543
        },
        "2010-03": {
            "month": "2010-03",
            "price": "26.15",
            "revenue": 418910
        },
        "2010-04": {
            "month": "2010-04",
            "price": "29.86",
            "revenue": 420145
        },
        "2010-05": {
            "month": "2010-05",
            "price": "28.21",
            "revenue": 375560
        },
        "2010-06": {
            "month": "2010-06",
            "price": "26.00",
            "revenue": 364762
        },
        "2010-07": {
            "month": "2010-07",
            "price": "25.66",
            "revenue": 370641
        },
        "2010-08": {
            "month": "2010-08",
            "price": "26.74",
            "revenue": 359410
        },
        "2010-09": {
            "month": "2010-09",
            "price": "25.04",
            "revenue": 385863
        },
        "2010-10": {
            "month": "2010-10",
            "price": "23.00",
            "revenue": 343292
        },
        "2010-11": {
            "month": "2010-11",
            "price": "21.22",
            "revenue": 366174
        },
        "2010-12": {
            "month": "2010-12",
            "price": "22.16",
            "revenue": 426353
        },
        "2011-01": {
            "month": "2011-01",
            "price": "21.21",
            "revenue": 318660
        },
        "2011-02": {
            "month": "2011-02",
            "price": "19.82",
            "revenue": 249620
        },
        "2011-03": {
            "month": "2011-03",
            "price": "19.56",
            "revenue": 413924
        },
        "2011-04": {
            "month": "2011-04",
            "price": "19.94",
            "revenue": 412380
        },
        "2011-05": {
            "month": "2011-05",
            "price": "20.81",
            "revenue": 389224
        },
        "2011-06": {
            "month": "2011-06",
            "price": "20.64",
            "revenue": 357454
        },
        "2011-07": {
            "month": "2011-07",
            "price": "19.42",
            "revenue": 370345
        },
        "2011-08": {
            "month": "2011-08",
            "price": "17.37",
            "revenue": 405422
        },
        "2011-09": {
            "month": "2011-09",
            "price": "16.38",
            "revenue": 403215
        },
        "2011-10": {
            "month": "2011-10",
            "price": "15.91",
            "revenue": 333340
        },
        "2011-11": {
            "month": "2011-11",
            "price": "15.37",
            "revenue": 394782
        },
        "2011-12": {
            "month": "2011-12",
            "price": "13.89",
            "revenue": 390203
        },
        "2012-01": {
            "month": "2012-01",
            "price": "13.94",
            "revenue": 216556
        },
        "2012-02": {
            "month": "2012-02",
            "price": "15.14",
            "revenue": 320750
        },
        "2012-03": {
            "month": "2012-03",
            "price": "15.04",
            "revenue": 373381
        },
        "2012-04": {
            "month": "2012-04",
            "price": "14.10",
            "revenue": 362998
        },
        "2012-05": {
            "month": "2012-05",
            "price": "13.70",
            "revenue": 337496
        },
        "2012-06": {
            "month": "2012-06",
            "price": "12.88",
            "revenue": 318360
        },
        "2012-07": {
            "month": "2012-07",
            "price": "12.95",
            "revenue": 339569
        },
        "2012-08": {
            "month": "2012-08",
            "price": "13.03",
            "revenue": 323120
        },
        "2012-09": {
            "month": "2012-09",
            "price": "12.74",
            "revenue": 343952
        },
        "2012-10": {
            "month": "2012-10",
            "price": "12.20",
            "revenue": 299775
        },
        "2012-11": {
            "month": "2012-11",
            "price": "11.57",
            "revenue": 347515
        },
        "2012-12": {
            "month": "2012-12",
            "price": "12.28",
            "revenue": 333767
        },
        "2013-01": {
            "month": "2013-01",
            "price": "12.00",
            "revenue": 325705
        },
        "2013-02": {
            "month": "2013-02",
            "price": "12.18",
            "revenue": 202849
        },
        "2013-03": {
            "month": "2013-03",
            "price": "12.00",
            "revenue": 372017
        },
        "2013-04": {
            "month": "2013-04",
            "price": "11.67",
            "revenue": 321644
        },
        "2013-05": {
            "month": "2013-05",
            "price": "11.92",
            "revenue": 351197
        },
        "2013-06": {
            "month": "2013-06",
            "price": "11.38",
            "revenue": 313808
        },
        "2013-07": {
            "month": "2013-07",
            "price": "11.32",
            "revenue": 341379
        },
        "2013-08": {
            "month": "2013-08",
            "price": "11.37",
            "revenue": 376729
        },
        "2013-09": {
            "month": "2013-09",
            "price": "10.93",
            "revenue": 349291
        },
        "2013-10": {
            "month": "2013-10",
            "price": "11.87",
            "revenue": 329860
        },
        "2013-11": {
            "month": "2013-11",
            "price": "11.55",
            "revenue": 356243
        },
        "2013-12": {
            "month": "2013-12",
            "price": "12.52",
            "revenue": 381705
        },
        "2014-01": {
            "month": "2014-01",
            "price": "13.63",
            "revenue": 294815
        },
        "2014-02": {
            "month": "2014-02",
            "price": "14.01",
            "revenue": 217309
        },
        "2014-03": {
            "month": "2014-03",
            "price": "13.28",
            "revenue": 340550
        },
        "2014-04": {
            "month": "2014-04",
            "price": "12.96",
            "revenue": 364316
        },
        "2014-05": {
            "month": "2014-05",
            "price": "11.93",
            "revenue": 350119
        },
        "2014-06": {
            "month": "2014-06",
            "price": "12.46",
            "revenue": 355962
        },
        "2014-07": {
            "month": "2014-07",
            "price": "13.13",
            "revenue": 325505
        },
        "2014-08": {
            "month": "2014-08",
            "price": "13.83",
            "revenue": 352566
        },
        "2014-09": {
            "month": "2014-09",
            "price": "13.97",
            "revenue": 343646
        },
        "2014-10": {
            "month": "2014-10",
            "price": "12.59",
            "revenue": 311448
        },
        "2014-11": {
            "month": "2014-11",
            "price": "11.82",
            "revenue": 322774
        },
        "2014-12": {
            "month": "2014-12",
            "price": "12.03",
            "revenue": 366380
        },
        "2015-01": {
            "month": "2015-01",
            "price": "12.38",
            "revenue": 357495
        },
        "2015-02": {
            "month": "2015-02",
            "price": "12.82",
            "revenue": 182390
        },
        "2015-03": {
            "month": "2015-03",
            "price": "12.86",
            "revenue": 315691
        },
        "2015-04": {
            "month": "2015-04",
            "price": "12.45",
            "revenue": 310369
        },
        "2015-05": {
            "month": "2015-05",
            "price": "12.04",
            "revenue": 328056
        },
        "2015-06": {
            "month": "2015-06",
            "price": "10.46",
            "revenue": 321483
        },
        "2015-07": {
            "month": "2015-07",
            "price": "9.55",
            "revenue": 301102
        },
        "2015-08": {
            "month": "2015-08",
            "price": "8.39",
            "revenue": 323464
        },
        "2015-09": {
            "month": "2015-09",
            "price": "8.92",
            "revenue": 343497
        },
        "2015-10": {
            "month": "2015-10",
            "price": "9.68",
            "revenue": 285033
        },
        "2015-11": {
            "month": "2015-11",
            "price": "9.11",
            "revenue": 317421
        },
        "2015-12": {
            "month": "2015-12",
            "price": "8.93",
            "revenue": 342497
        },
        "2016-01": {
            "month": "2016-01",
            "price": "8.56",
            "revenue": 300906
        },
        "2016-02": {
            "month": "2016-02",
            "price": "8.99",
            "revenue": 160398
        },
        "2016-03": {
            "month": "2016-03",
            "price": "9.84",
            "revenue": 299817
        },
        "2016-04": {
            "month": "2016-04",
            "price": "9.19",
            "revenue": 287158
        },
        "2016-05": {
            "month": "2016-05",
            "price": "8.35",
            "revenue": 318439
        },
        "2016-06": {
            "month": "2016-06",
            "price": "8.06",
            "revenue": 314403
        },
        "2016-07": {
            "month": "2016-07",
            "price": "8.87",
            "revenue": 299058
        },
        "2016-08": {
            "month": "2016-08",
            "price": "8.82",
            "revenue": 332654
        },
        "2016-09": {
            "month": "2016-09",
            "price": "10.13",
            "revenue": 320346
        },
        "2016-10": {
            "month": "2016-10",
            "price": "11.06",
            "revenue": 295653
        },
        "2016-11": {
            "month": "2016-11",
            "price": "10.28",
            "revenue": 326263
        },
        "2016-12": {
            "month": "2016-12",
            "price": "10.44",
            "revenue": 383548
        },
        "2017-01": {
            "month": "2017-01",
            "price": "10.83",
            "revenue": 199106
        },
        "2017-02": {
            "month": "2017-02",
            "price": "11.44",
            "revenue": 257002
        },
        "2017-03": {
            "month": "2017-03",
            "price": "11.84",
            "revenue": 335958
        },
        "2017-04": {
            "month": "2017-04",
            "price": "12.44",
            "revenue": 313112
        },
        "2017-05": {
            "month": "2017-05",
            "price": "12.77",
            "revenue": 328248
        },
        "2017-06": {
            "month": "2017-06",
            "price": "13.17",
            "revenue": 321529
        },
        "2017-07": {
            "month": "2017-07",
            "price": "13.35",
            "revenue": 327726
        },
        "2017-08": {
            "month": "2017-08",
            "price": "12.12",
            "revenue": 323051
        },
        "2017-09": {
            "month": "2017-09",
            "price": "11.71",
            "revenue": 349595
        },
        "2017-10": {
            "month": "2017-10",
            "price": "12.77",
            "revenue": 313289
        },
        "2017-11": {
            "month": "2017-11",
            "price": "13.27",
            "revenue": 363017
        },
        "2017-12": {
            "month": "2017-12",
            "price": "13.69",
            "revenue": 428475
        },
        "2018-01": {
            "month": "2018-01",
            "price": "18.84",
            "revenue": 400168
        },
        "2018-02": {
            "month": "2018-02",
            "price": "16.52",
            "revenue": 157210
        },
        "2018-03": {
            "month": "2018-03",
            "price": "17.47",
            "revenue": 372506
        },
        "2018-04": {
            "month": "2018-04",
            "price": "15.40",
            "revenue": 335722
        },
        "2018-05": {
            "month": "2018-05",
            "price": "13.57",
            "revenue": 389971
        },
        "2018-06": {
            "month": "2018-06",
            "price": "15.25",
            "revenue": 345740
        },
        "2018-07": {
            "month": "2018-07",
            "price": "13.72",
            "revenue": 353322
        },
        "2018-08": {
            "month": "2018-08",
            "price": "12.81",
            "revenue": 322842
        },
        "2018-09": {
            "month": "2018-09",
            "price": "11.41",
            "revenue": 294974
        },
        "2018-10": {
            "month": "2018-10",
            "price": "10.10",
            "revenue": 309598
        },
        "2018-11": {
            "month": "2018-11",
            "price": "9.74",
            "revenue": 332803
        },
        "2018-12": {
            "month": "2018-12",
            "price": "10.05",
            "revenue": 335668
        },
        "2019-01": {
            "month": "2019-01",
            "price": "9.97",
            "revenue": 287846
        },
        "2019-02": {
            "month": "2019-02",
            "price": "11.12",
            "revenue": 149408
        },
        "2019-03": {
            "month": "2019-03",
            "price": "11.38",
            "revenue": 340824
        },
        "2019-04": {
            "month": "2019-04",
            "price": "10.99",
            "revenue": 327293
        },
        "2019-05": {
            "month": "2019-05",
            "price": "10.32",
            "revenue": 318834
        },
        "2019-06": {
            "month": "2019-06",
            "price": "9.89",
            "revenue": 267922
        },
        "2019-07": {
            "month": "2019-07",
            "price": "9.82",
            "revenue": 291906
        },
        "2019-08": {
            "month": "2019-08",
            "price": "9.74",
            "revenue": 281879
        },
        "2019-09": {
            "month": "2019-09",
            "price": "9.61",
            "revenue": 276020
        },
        "2019-10": {
            "month": "2019-10",
            "price": "9.38",
            "revenue": 278650
        },
        "2019-11": {
            "month": "2019-11",
            "price": "9.80",
            "revenue": 301162
        },
        "2019-12": {
            "month": "2019-12",
            "price": "9.92",
            "revenue": 321369
        },
        "2020-01": {
            "month": "2020-01",
            "price": "10.15",
            "revenue": 129554
        },
        "2020-02": {
            "month": "2020-02",
            "price": "9.51",
            "revenue": 113000
        },
        "2020-03": {
            "month": "2020-03",
            "price": "7.77",
            "revenue": 246544
        },
        "2020-04": {
            "month": "2020-04",
            "price": "7.33",
            "revenue": 303930
        },
        "2020-05": {
            "month": "2020-05",
            "price": "7.99",
            "revenue": 286206
        },
        "2020-06": {
            "month": "2020-06",
            "price": "8.51",
            "revenue": 269979
        },
        "2020-07": {
            "month": "2020-07",
            "price": "9.73",
            "revenue": 309635
        },
        "2020-08": {
            "month": "2020-08",
            "price": "10.89",
            "revenue": 338607
        },
        "2020-09": {
            "month": "2020-09",
            "price": "13.08",
            "revenue": 358318
        },
        "2020-10": {
            "month": "2020-10",
            "price": "13.51",
            "revenue": 342959
        },
        "2020-11": {
            "month": "2020-11",
            "price": "14.34",
            "revenue": 351266
        },
        "2020-12": {
            "month": "2020-12",
            "price": "17.61",
            "revenue": 404388
        },
        "2021-01": {
            "month": "2021-01",
            "price": "21.72",
            "revenue": 395331
        },
        "2021-02": {
            "month": "2021-02",
            "price": "24.97",
            "revenue": 176694
        },
        "2021-03": {
            "month": "2021-03",
            "price": "30.83",
            "revenue": 360839
        },
        "2021-04": {
            "month": "2021-04",
            "price": "39.64",
            "revenue": 424145
        },
        "2021-05": {
            "month": "2021-05",
            "price": "33.90",
            "revenue": 434203
        },
        "2021-06": {
            "month": "2021-06",
            "price": "33.94",
            "revenue": 408658
        },
        "2021-07": {
            "month": "2021-07",
            "price": "32.49",
            "revenue": 387464
        },
        "2021-08": {
            "month": "2021-08",
            "price": "28.60",
            "revenue": 350556
        },
        "2021-09": {
            "month": "2021-09",
            "price": "24.56",
            "revenue": 310820
        },
        "2021-10": {
            "month": "2021-10",
            "price": "22.44",
            "revenue": 319468
        },
        "2021-11": {
            "month": "2021-11",
            "price": "25.49",
            "revenue": 337723
        },
        "2021-12": {
            "month": "2021-12",
            "price": "28.65",
            "revenue": 415809
        },
        "2022-01": {
            "month": "2022-01",
            "price": "28.85",
            "revenue": 264388
        },
        "2022-02": {
            "month": "2022-02",
            "price": "26.61",
            "revenue": 211414
        },
        "2022-03": {
            "month": "2022-03",
            "price": "25.10",
            "revenue": 358214
        },
        "2022-04": {
            "month": "2022-04",
            "price": "23.31",
            "revenue": 287796
        },
        "2022-05": {
            "month": "2022-05",
            "price": "21.70",
            "revenue": 274847
        },
        "2022-06": {
            "month": "2022-06",
            "price": "20.75",
            "revenue": 247073
        },
        "2022-07": {
            "month": "2022-07",
            "price": "17.32",
            "revenue": 203088
        },
        "2022-08": {
            "month": "2022-08",
            "price": "16.90",
            "revenue": 184507
        },
        "2022-09": {
            "month": "2022-09",
            "price": "15.35",
            "revenue": 191037
        },
        "2022-10": {
            "month": "2022-10",
            "price": "13.85",
            "revenue": 194426
        },
        "2022-11": {
            "month": "2022-11",
            "price": "16.88",
            "revenue": 232024
        },
        "2022-12": {
            "month": "2022-12",
            "price": "17.11",
            "revenue": 226525
        },
        "2023-01": {
            "month": "2023-01",
            "price": "17.03",
            "revenue": 124376
        },
        "2023-02": {
            "month": "2023-02",
            "price": "18.01",
            "revenue": 185157
        },
        "2023-03": {
            "month": "2023-03",
            "price": "18.47",
            "revenue": 254363
        },
        "2023-04": {
            "month": "2023-04",
            "price": "22.18",
            "revenue": 183738
        }
    }
}
