{
    "summary": {
        "stock_name": "光群雷",
        "stock_id": "2461",
        "category": "其他電子",
        "main_business": "全像術及光電相關產品",
        "website_url": "http://www.klasergroup.com",
        "ceo": "郭維武",
        "pe_ratio": 21,
        "report_year_from": 2001,
        "report_year_to": 2023,
        "age": 23,
        "eps_negative_percentage": 13,
        "eps_growth_avg": {
            "last_all": -9.21,
            "last_2y": 6.99,
            "last_4y": -19.76,
            "last_8y": -3.75,
            "last_12y": -11.93,
            "last_16y": -13,
            "last_20y": -9.5,
            "at_2006_last_3y": 7.98,
            "at_2007_last_3y": 60.21,
            "at_2008_last_3y": 25.56,
            "at_2009_last_3y": 13.26,
            "at_2010_last_3y": -15.93,
            "at_2011_last_3y": -55.11,
            "at_2012_last_3y": -47.34,
            "at_2013_last_3y": -27.04,
            "at_2014_last_3y": -33.74,
            "at_2015_last_3y": 32.93,
            "at_2016_last_3y": 35.76,
            "at_2017_last_3y": 12.04,
            "at_2018_last_3y": 12.25,
            "at_2019_last_3y": -37.75,
            "at_2020_last_3y": -65.08,
            "at_2021_last_3y": -20.91,
            "at_2022_last_3y": -8.3,
            "at_2023_last_3y": 6.99,
            "at_2024_last_3y": 6.99,
            "at_2006_last_all": 4.97,
            "at_2007_last_all": 15.32,
            "at_2008_last_all": -0.3,
            "at_2009_last_all": -0.05,
            "at_2010_last_all": -5.48,
            "at_2011_last_all": -15.98,
            "at_2012_last_all": -15.98,
            "at_2013_last_all": -8.14,
            "at_2014_last_all": -13.18,
            "at_2015_last_all": -3.75,
            "at_2016_last_all": -0.06,
            "at_2017_last_all": -2.38,
            "at_2018_last_all": -6.4,
            "at_2019_last_all": -12.25,
            "at_2020_last_all": -12.25,
            "at_2021_last_all": -5.65,
            "at_2022_last_all": -6.72,
            "at_2023_last_all": -9.21,
            "at_2024_last_all": -9.21
        },
        "latest_eps": 1.11,
        "latest_price": 23.2,
        "latest_roe": 0.46,
        "latest_gross_margin": 22.24,
        "latest_equity": 4254806,
        "latest_revenue": 1436805,
        "latest_gross_profit": 319565,
        "latest_net_income": 15859,
        "latest_debt_ratio": 46.25,
        "latest_current_ratio": 176.24,
        "latest_account_receivable_turnover_ratio": 0.95,
        "latest_inventory_turnover_ratio": 0.86,
        "latest_reinvestment_rate": 24.79,
        "latest_research_to_sale_ratio": 5.58
    },
    "eps_dividends": {
        "1999": {
            "cash": 0.7,
            "stock": 1.1,
            "eps": 0
        },
        "2000": {
            "cash": 0.5,
            "stock": 1.5,
            "eps": 0
        },
        "2001": {
            "cash": 0,
            "stock": 0,
            "eps": 2.48
        },
        "2002": {
            "cash": 0.26,
            "stock": 2.08,
            "eps": 2.38
        },
        "2003": {
            "cash": 0.2,
            "stock": 1.3,
            "eps": -2.07
        },
        "2004": {
            "cash": 0,
            "stock": 0,
            "eps": 0.77
        },
        "2005": {
            "cash": 0,
            "stock": 0,
            "eps": 1.16
        },
        "2006": {
            "cash": 0.51,
            "stock": 0,
            "eps": 2.01
        },
        "2007": {
            "cash": 1,
            "stock": 0,
            "eps": 3.15
        },
        "2008": {
            "cash": 0.72,
            "stock": 0.82,
            "eps": 0.68
        },
        "2009": {
            "cash": 0.2,
            "stock": 0,
            "eps": 0.69
        },
        "2010": {
            "cash": 0.35,
            "stock": 0,
            "eps": 0.39
        },
        "2011": {
            "cash": 0.2,
            "stock": 0,
            "eps": -0.36
        },
        "2012": {
            "cash": 0,
            "stock": 0,
            "eps": 0.93
        },
        "2013": {
            "cash": 0.45,
            "stock": 0,
            "eps": 1.51
        },
        "2014": {
            "cash": 0.65,
            "stock": 0,
            "eps": 0.55
        },
        "2015": {
            "cash": 0.35,
            "stock": 0,
            "eps": 1.13
        },
        "2016": {
            "cash": 0.5,
            "stock": 0,
            "eps": 1.63
        },
        "2017": {
            "cash": 0.82,
            "stock": 0,
            "eps": 1.1
        },
        "2018": {
            "cash": 0.56,
            "stock": 0,
            "eps": 0.41
        },
        "2019": {
            "cash": 0.41,
            "stock": 0,
            "eps": -0.8
        },
        "2020": {
            "cash": 0,
            "stock": 0,
            "eps": 0.95
        },
        "2021": {
            "cash": 1.5,
            "stock": 0,
            "eps": 2.41
        },
        "2022": {
            "cash": 1.49,
            "stock": 0,
            "eps": 1.81
        },
        "2023": {
            "cash": 1.5,
            "stock": 0,
            "eps": 0.83
        }
    },
    "dividends": {
        "1999-05-29": {
            "cash": 0.7,
            "stock": 1.1
        },
        "2000-04-12": {
            "cash": 0.5,
            "stock": 1.5
        },
        "2002-05-17": {
            "cash": 0.26,
            "stock": 2.08
        },
        "2003-06-17": {
            "cash": 0.2,
            "stock": 1.3
        },
        "2006-04-26": {
            "cash": 0.51,
            "stock": 0
        },
        "2007-04-25": {
            "cash": 1,
            "stock": 0
        },
        "2008-04-28": {
            "cash": 0.72,
            "stock": 0.82
        },
        "2009-04-29": {
            "cash": 0.2,
            "stock": 0
        },
        "2010-04-23": {
            "cash": 0.35,
            "stock": 0
        },
        "2011-03-25": {
            "cash": 0.2,
            "stock": 0
        },
        "2013-03-26": {
            "cash": 0.45,
            "stock": 0
        },
        "2014-08-26": {
            "cash": 0.65,
            "stock": 0
        },
        "2015-11-23": {
            "cash": 0.35,
            "stock": 0
        },
        "2016-07-12": {
            "cash": 0.5,
            "stock": 0
        },
        "2017-07-26": {
            "cash": 0.82,
            "stock": 0
        },
        "2018-07-13": {
            "cash": 0.56,
            "stock": 0
        },
        "2019-07-18": {
            "cash": 0.41,
            "stock": 0
        },
        "2021-06-30": {
            "cash": 0.96,
            "stock": 0
        },
        "2021-09-28": {
            "cash": 0.54,
            "stock": 0
        },
        "2022-07-13": {
            "cash": 1.19,
            "stock": 0
        },
        "2022-10-07": {
            "cash": 0.3,
            "stock": 0
        },
        "2023-07-17": {
            "cash": 1.5,
            "stock": 0
        }
    },
    "prices": {
        "200101": "無",
        "200102": "無",
        "200103": "無",
        "200104": "無",
        "200105": "無",
        "200106": "無",
        "200107": "無",
        "200108": "無",
        "200109": "25.39",
        "200110": "27.29",
        "200111": "36.57",
        "200112": "41.95",
        "200201": "49.15",
        "200202": "53.40",
        "200203": "57.31",
        "200204": "55.90",
        "200205": "49.09",
        "200206": "46.08",
        "200207": "45.00",
        "200208": "41.99",
        "200209": "38.04",
        "200210": "36.14",
        "200211": "39.26",
        "200212": "41.30",
        "200301": "51.11",
        "200302": "48.71",
        "200303": "41.87",
        "200304": "34.85",
        "200305": "30.17",
        "200306": "33.23",
        "200307": "32.03",
        "200308": "29.87",
        "200309": "24.19",
        "200310": "22.06",
        "200311": "20.17",
        "200312": "21.46",
        "200401": "20.87",
        "200402": "21.02",
        "200403": "24.08",
        "200404": "25.58",
        "200405": "23.78",
        "200406": "23.09",
        "200407": "20.34",
        "200408": "17.08",
        "200409": "18.02",
        "200410": "18.02",
        "200411": "18.44",
        "200412": "19.71",
        "200501": "19.12",
        "200502": "21.68",
        "200503": "21.95",
        "200504": "19.26",
        "200505": "17.29",
        "200506": "18.08",
        "200507": "18.34",
        "200508": "17.80",
        "200509": "16.37",
        "200510": "15.19",
        "200511": "14.28",
        "200512": "14.64",
        "200601": "15.37",
        "200602": "14.85",
        "200603": "15.17",
        "200604": "16.05",
        "200605": "19.92",
        "200606": "20.38",
        "200607": "22.40",
        "200608": "23.70",
        "200609": "23.42",
        "200610": "24.84",
        "200611": "28.15",
        "200612": "31.65",
        "200701": "34.88",
        "200702": "34.54",
        "200703": "32.96",
        "200704": "34.85",
        "200705": "35.48",
        "200706": "38.94",
        "200707": "41.83",
        "200708": "40.11",
        "200709": "37.12",
        "200710": "37.20",
        "200711": "31.22",
        "200712": "29.21",
        "200801": "27.38",
        "200802": "25.92",
        "200803": "26.52",
        "200804": "28.11",
        "200805": "25.53",
        "200806": "20.86",
        "200807": "19.01",
        "200808": "18.30",
        "200809": "15.21",
        "200810": "11.70",
        "200811": "10.56",
        "200812": "10.12",
        "200901": "10.35",
        "200902": "10.26",
        "200903": "12.03",
        "200904": "14.24",
        "200905": "13.66",
        "200906": "12.34",
        "200907": "12.46",
        "200908": "13.44",
        "200909": "14.70",
        "200910": "19.27",
        "200911": "23.04",
        "200912": "25.55",
        "201001": "23.36",
        "201002": "20.26",
        "201003": "23.27",
        "201004": "23.90",
        "201005": "20.85",
        "201006": "21.62",
        "201007": "23.14",
        "201008": "23.88",
        "201009": "23.30",
        "201010": "23.31",
        "201011": "20.46",
        "201012": "20.84",
        "201101": "20.18",
        "201102": "18.13",
        "201103": "16.03",
        "201104": "15.74",
        "201105": "15.97",
        "201106": "14.55",
        "201107": "13.18",
        "201108": "10.87",
        "201109": "10.14",
        "201110": "10.26",
        "201111": "10.57",
        "201112": "9.89",
        "201201": "9.73",
        "201202": "11.22",
        "201203": "11.63",
        "201204": "10.66",
        "201205": "9.98",
        "201206": "9.79",
        "201207": "10.15",
        "201208": "11.10",
        "201209": "11.72",
        "201210": "11.18",
        "201211": "10.89",
        "201212": "11.66",
        "201301": "12.32",
        "201302": "12.85",
        "201303": "13.50",
        "201304": "16.47",
        "201305": "20.57",
        "201306": "19.12",
        "201307": "18.09",
        "201308": "16.03",
        "201309": "16.39",
        "201310": "16.94",
        "201311": "16.45",
        "201312": "17.41",
        "201401": "19.06",
        "201402": "18.30",
        "201403": "18.09",
        "201404": "16.78",
        "201405": "16.63",
        "201406": "17.04",
        "201407": "17.38",
        "201408": "16.70",
        "201409": "16.52",
        "201410": "15.71",
        "201411": "16.11",
        "201412": "16.92",
        "201501": "16.78",
        "201502": "16.25",
        "201503": "16.05",
        "201504": "15.25",
        "201505": "15.19",
        "201506": "14.71",
        "201507": "13.72",
        "201508": "13.60",
        "201509": "14.81",
        "201510": "14.70",
        "201511": "14.13",
        "201512": "13.77",
        "201601": "12.93",
        "201602": "14.27",
        "201603": "14.95",
        "201604": "14.32",
        "201605": "13.84",
        "201606": "13.97",
        "201607": "14.25",
        "201608": "14.86",
        "201609": "16.43",
        "201610": "16.78",
        "201611": "16.82",
        "201612": "18.39",
        "201701": "17.72",
        "201702": "17.08",
        "201703": "16.60",
        "201704": "15.66",
        "201705": "15.26",
        "201706": "15.28",
        "201707": "15.03",
        "201708": "15.13",
        "201709": "15.65",
        "201710": "15.36",
        "201711": "16.81",
        "201712": "16.27",
        "201801": "16.80",
        "201802": "15.74",
        "201803": "16.02",
        "201804": "15.82",
        "201805": "15.41",
        "201806": "15.32",
        "201807": "14.29",
        "201808": "14.53",
        "201809": "14.58",
        "201810": "12.48",
        "201811": "12.43",
        "201812": "13.62",
        "201901": "13.29",
        "201902": "13.05",
        "201903": "13.32",
        "201904": "13.59",
        "201905": "13.93",
        "201906": "15.78",
        "201907": "20.36",
        "201908": "22.43",
        "201909": "23.87",
        "201910": "23.09",
        "201911": "20.83",
        "201912": "19.42",
        "202001": "18.22",
        "202002": "16.54",
        "202003": "13.78",
        "202004": "13.47",
        "202005": "14.71",
        "202006": "14.85",
        "202007": "14.85",
        "202008": "15.59",
        "202009": "16.16",
        "202010": "16.09",
        "202011": "16.55",
        "202012": "19.15",
        "202101": "17.31",
        "202102": "17.55",
        "202103": "19.28",
        "202104": "22.34",
        "202105": "20.85",
        "202106": "20.67",
        "202107": "22.91",
        "202108": "22.93",
        "202109": "21.66",
        "202110": "19.56",
        "202111": "21.94",
        "202112": "23.49",
        "202201": "23.55",
        "202202": "24.83",
        "202203": "23.80",
        "202204": "21.72",
        "202205": "20.48",
        "202206": "20.21",
        "202207": "18.36",
        "202208": "19.21",
        "202209": "18.33",
        "202210": "17.84",
        "202211": "18.52",
        "202212": "18.65",
        "202301": "18.69",
        "202302": "19.65",
        "202303": "20.84",
        "202304": "22.65",
        "202305": "22.93",
        "202306": "23.37",
        "202307": "23.70",
        "202308": "23.99",
        "202309": "23.06",
        "202310": "22.69",
        "202311": "24.28",
        "202312": "22.99"
    },
    "quarters": {
        "20011": {
            "year_quarter": 20011,
            "year": 2001,
            "quarter": 1,
            "eps": 0.54,
            "eps_growth_year": -46.53,
            "eps_4q": 2.3,
            "eps_4q_growth_year": -12.07,
            "roe": 3.02,
            "roe_4q": 3.02,
            "gross_profit": 67832,
            "gross_margin": 33.06,
            "gross_margin_4q_avg": 33.06,
            "net_income": 50394,
            "net_income_4q": null,
            "revenue": 205185,
            "revenue_4q": null,
            "common_shares": 847000,
            "book_valuer_per_share": 18.95,
            "book_valuer_per_share_4q_avg": 18.95,
            "equity": 1605241,
            "current_ratio": 395.51,
            "debt_ratio": 24.82,
            "inventory_turnover_ratio": 1.16,
            "account_receivable_turnover_ratio": null,
            "reinvestment_rate": null,
            "research_to_sale_ratio": null,
            "price_fair": 0,
            "eps_avg_yearly": 0,
            "eps_latest_yearly": 0,
            "eps_growth_yearly": 0
        },
        "20012": {
            "year_quarter": 20012,
            "year": 2001,
            "quarter": 2,
            "eps": 0.97,
            "eps_growth_year": 3.19,
            "eps_4q": 2.61,
            "eps_4q_growth_year": -7.93,
            "roe": 5.49,
            "roe_4q": 8.51,
            "gross_profit": 96948,
            "gross_margin": 35.13,
            "gross_margin_4q_avg": 34.1,
            "net_income": 88484,
            "net_income_4q": null,
            "revenue": 275957,
            "revenue_4q": null,
            "common_shares": 933000,
            "book_valuer_per_share": 17.31,
            "book_valuer_per_share_4q_avg": 18.13,
            "equity": 1615445,
            "current_ratio": 334.6,
            "debt_ratio": 25.82,
            "inventory_turnover_ratio": 1.73,
            "account_receivable_turnover_ratio": null,
            "reinvestment_rate": null,
            "research_to_sale_ratio": null,
            "price_fair": 0,
            "eps_avg_yearly": 0,
            "eps_latest_yearly": 0,
            "eps_growth_yearly": 0
        },
        "20013": {
            "year_quarter": 20013,
            "year": 2001,
            "quarter": 3,
            "eps": 0.5,
            "eps_growth_year": -38.27,
            "eps_4q": 2.5,
            "eps_4q_growth_year": -17.9,
            "roe": 2.82,
            "roe_4q": 11.33,
            "gross_profit": 82789,
            "gross_margin": 33.89,
            "gross_margin_4q_avg": 34.03,
            "net_income": 45268,
            "net_income_4q": null,
            "revenue": 244304,
            "revenue_4q": null,
            "common_shares": 933000,
            "book_valuer_per_share": 17.07,
            "book_valuer_per_share_4q_avg": 17.78,
            "equity": 1592223,
            "current_ratio": 332.62,
            "debt_ratio": 26.77,
            "inventory_turnover_ratio": 1.59,
            "account_receivable_turnover_ratio": null,
            "reinvestment_rate": null,
            "research_to_sale_ratio": null,
            "price_fair": 0,
            "eps_avg_yearly": 0,
            "eps_latest_yearly": 0,
            "eps_growth_yearly": 0
        },
        "20014": {
            "year_quarter": 20014,
            "year": 2001,
            "quarter": 4,
            "eps": 0.47,
            "eps_growth_year": -17.54,
            "eps_4q": 2.5,
            "eps_4q_growth_year": -17,
            "roe": 2.7,
            "roe_4q": 14.03,
            "gross_profit": 86156,
            "gross_margin": 36.13,
            "gross_margin_4q_avg": 34.55,
            "net_income": 42541,
            "net_income_4q": null,
            "revenue": 238486,
            "revenue_4q": null,
            "common_shares": 933000,
            "book_valuer_per_share": 16.33,
            "book_valuer_per_share_4q_avg": 17.42,
            "equity": 1553423,
            "current_ratio": 237.23,
            "debt_ratio": 29.06,
            "inventory_turnover_ratio": 1.23,
            "account_receivable_turnover_ratio": null,
            "reinvestment_rate": null,
            "research_to_sale_ratio": null,
            "price_fair": 0,
            "eps_avg_yearly": 0,
            "eps_latest_yearly": 0,
            "eps_growth_yearly": 0
        },
        "20021": {
            "year_quarter": 20021,
            "year": 2002,
            "quarter": 1,
            "eps": 0.83,
            "eps_growth_year": 53.7,
            "eps_4q": 2.91,
            "eps_4q_growth_year": 26.47,
            "roe": 4.47,
            "roe_4q": 15.48,
            "gross_profit": 81730,
            "gross_margin": 31.71,
            "gross_margin_4q_avg": 34.22,
            "net_income": 70238,
            "net_income_4q": null,
            "revenue": 257724,
            "revenue_4q": null,
            "common_shares": 933000,
            "book_valuer_per_share": 17.02,
            "book_valuer_per_share_4q_avg": 16.93,
            "equity": 1587625,
            "current_ratio": 182.19,
            "debt_ratio": 29.1,
            "inventory_turnover_ratio": 1.46,
            "account_receivable_turnover_ratio": null,
            "reinvestment_rate": null,
            "research_to_sale_ratio": null,
            "price_fair": 116.2,
            "eps_avg_yearly": 3.32,
            "eps_latest_yearly": 3.32,
            "eps_growth_yearly": 306.38
        },
        "20022": {
            "year_quarter": 20022,
            "year": 2002,
            "quarter": 2,
            "eps": 0.32,
            "eps_growth_year": -67.01,
            "eps_4q": 1.84,
            "eps_4q_growth_year": -29.53,
            "roe": 2.16,
            "roe_4q": 12.15,
            "gross_profit": 101021,
            "gross_margin": 31.26,
            "gross_margin_4q_avg": 33.25,
            "net_income": 33269,
            "net_income_4q": null,
            "revenue": 323180,
            "revenue_4q": null,
            "common_shares": 903000,
            "book_valuer_per_share": 16.57,
            "book_valuer_per_share_4q_avg": 16.75,
            "equity": 1496141,
            "current_ratio": 134.88,
            "debt_ratio": 34.43,
            "inventory_turnover_ratio": 2.54,
            "account_receivable_turnover_ratio": null,
            "reinvestment_rate": null,
            "research_to_sale_ratio": null,
            "price_fair": 80.5,
            "eps_avg_yearly": 2.3,
            "eps_latest_yearly": 1.28,
            "eps_growth_yearly": 30.3
        },
        "20023": {
            "year_quarter": 20023,
            "year": 2002,
            "quarter": 3,
            "eps": 0.68,
            "eps_growth_year": 36,
            "eps_4q": 2.1,
            "eps_4q_growth_year": -15.92,
            "roe": 4.65,
            "roe_4q": 13.98,
            "gross_profit": 70644,
            "gross_margin": 26.32,
            "gross_margin_4q_avg": 31.36,
            "net_income": 69734,
            "net_income_4q": null,
            "revenue": 268359,
            "revenue_4q": null,
            "common_shares": 1089780,
            "book_valuer_per_share": 13.81,
            "book_valuer_per_share_4q_avg": 15.93,
            "equity": 1504474,
            "current_ratio": 117.47,
            "debt_ratio": 36.12,
            "inventory_turnover_ratio": 2.34,
            "account_receivable_turnover_ratio": null,
            "reinvestment_rate": null,
            "research_to_sale_ratio": null,
            "price_fair": 85.4,
            "eps_avg_yearly": 2.44,
            "eps_latest_yearly": 2.72,
            "eps_growth_yearly": 170.2
        },
        "20024": {
            "year_quarter": 20024,
            "year": 2002,
            "quarter": 4,
            "eps": 0.55,
            "eps_growth_year": 17.02,
            "eps_4q": 2.25,
            "eps_4q_growth_year": -10.18,
            "roe": 3.81,
            "roe_4q": 15.09,
            "gross_profit": 54471,
            "gross_margin": 26.49,
            "gross_margin_4q_avg": 28.95,
            "net_income": 56067,
            "net_income_4q": null,
            "revenue": 205651,
            "revenue_4q": null,
            "common_shares": 1053780,
            "book_valuer_per_share": 12.69,
            "book_valuer_per_share_4q_avg": 15.02,
            "equity": 1437576,
            "current_ratio": 196.38,
            "debt_ratio": 61.94,
            "inventory_turnover_ratio": 1.02,
            "account_receivable_turnover_ratio": null,
            "reinvestment_rate": 70.57,
            "research_to_sale_ratio": null,
            "price_fair": 83.3,
            "eps_avg_yearly": 2.38,
            "eps_latest_yearly": 2.2,
            "eps_growth_yearly": 108.53
        },
        "20031": {
            "year_quarter": 20031,
            "year": 2003,
            "quarter": 1,
            "eps": 0.61,
            "eps_growth_year": -26.51,
            "eps_4q": 2.29,
            "eps_4q_growth_year": -21.25,
            "roe": 4.12,
            "roe_4q": 14.74,
            "gross_profit": 85608,
            "gross_margin": 33.02,
            "gross_margin_4q_avg": 29.27,
            "net_income": 57615,
            "net_income_4q": null,
            "revenue": 259295,
            "revenue_4q": null,
            "common_shares": 1037699,
            "book_valuer_per_share": 13.08,
            "book_valuer_per_share_4q_avg": 14.04,
            "equity": 1357074,
            "current_ratio": 140.78,
            "debt_ratio": 61.78,
            "inventory_turnover_ratio": 1.17,
            "account_receivable_turnover_ratio": null,
            "reinvestment_rate": 55.97,
            "research_to_sale_ratio": null,
            "price_fair": 83.72,
            "eps_avg_yearly": 2.39,
            "eps_latest_yearly": 2.44,
            "eps_growth_yearly": 95.55
        },
        "20032": {
            "year_quarter": 20032,
            "year": 2003,
            "quarter": 2,
            "eps": 0.35,
            "eps_growth_year": 9.38,
            "eps_4q": 2.29,
            "eps_4q_growth_year": 24.44,
            "roe": 2.29,
            "roe_4q": 14.870000000000001,
            "gross_profit": 76896,
            "gross_margin": 25.84,
            "gross_margin_4q_avg": 27.92,
            "net_income": 33092,
            "net_income_4q": null,
            "revenue": 297587,
            "revenue_4q": null,
            "common_shares": 1037699,
            "book_valuer_per_share": 14.81,
            "book_valuer_per_share_4q_avg": 13.6,
            "equity": 1536519,
            "current_ratio": 184.76,
            "debt_ratio": 57.49,
            "inventory_turnover_ratio": 2.46,
            "account_receivable_turnover_ratio": null,
            "reinvestment_rate": 56.33,
            "research_to_sale_ratio": null,
            "price_fair": 77.93,
            "eps_avg_yearly": 2.23,
            "eps_latest_yearly": 1.4,
            "eps_growth_yearly": 51.21
        },
        "20033": {
            "year_quarter": 20033,
            "year": 2003,
            "quarter": 3,
            "eps": -2.11,
            "eps_growth_year": -410.29,
            "eps_4q": -0.73,
            "eps_4q_growth_year": -134.78,
            "roe": -17.03,
            "roe_4q": -6.8100000000000005,
            "gross_profit": 50848,
            "gross_margin": 20.5,
            "gross_margin_4q_avg": 26.46,
            "net_income": -232603,
            "net_income_4q": null,
            "revenue": 248038,
            "revenue_4q": null,
            "common_shares": 1172800,
            "book_valuer_per_share": 10.2,
            "book_valuer_per_share_4q_avg": 12.7,
            "equity": 1195752,
            "current_ratio": 165.17,
            "debt_ratio": 62.54,
            "inventory_turnover_ratio": 2.12,
            "account_receivable_turnover_ratio": null,
            "reinvestment_rate": 76.08,
            "research_to_sale_ratio": null,
            "price_fair": 77.93,
            "eps_avg_yearly": 2.23,
            "eps_latest_yearly": 1.4,
            "eps_growth_yearly": 51.21
        },
        "20034": {
            "year_quarter": 20034,
            "year": 2003,
            "quarter": 4,
            "eps": -0.92,
            "eps_growth_year": -267.27,
            "eps_4q": -2.23,
            "eps_4q_growth_year": -199.01,
            "roe": -8.49,
            "roe_4q": -19.110000000000003,
            "gross_profit": 34998,
            "gross_margin": 15.8,
            "gross_margin_4q_avg": 23.79,
            "net_income": -102620,
            "net_income_4q": null,
            "revenue": 221541,
            "revenue_4q": null,
            "common_shares": 1128290,
            "book_valuer_per_share": 10.01,
            "book_valuer_per_share_4q_avg": 12.03,
            "equity": 1220775,
            "current_ratio": 75.06,
            "debt_ratio": 64.47,
            "inventory_turnover_ratio": 1.1,
            "account_receivable_turnover_ratio": null,
            "reinvestment_rate": 146.9,
            "research_to_sale_ratio": null,
            "price_fair": 77.93,
            "eps_avg_yearly": 2.23,
            "eps_latest_yearly": 1.4,
            "eps_growth_yearly": 51.21
        },
        "20041": {
            "year_quarter": 20041,
            "year": 2004,
            "quarter": 1,
            "eps": 0.59,
            "eps_growth_year": -3.28,
            "eps_4q": -2.11,
            "eps_4q_growth_year": -191.84,
            "roe": 5.53,
            "roe_4q": -17.700000000000003,
            "gross_profit": 63948,
            "gross_margin": 24.71,
            "gross_margin_4q_avg": 21.71,
            "net_income": 66096,
            "net_income_4q": null,
            "revenue": 258767,
            "revenue_4q": null,
            "common_shares": 1128290,
            "book_valuer_per_share": 10.38,
            "book_valuer_per_share_4q_avg": 11.35,
            "equity": 1171147,
            "current_ratio": 67.43,
            "debt_ratio": 63.46,
            "inventory_turnover_ratio": 1.17,
            "account_receivable_turnover_ratio": null,
            "reinvestment_rate": 60.72,
            "research_to_sale_ratio": null,
            "price_fair": 77.93,
            "eps_avg_yearly": 2.23,
            "eps_latest_yearly": 1.4,
            "eps_growth_yearly": 51.21
        },
        "20042": {
            "year_quarter": 20042,
            "year": 2004,
            "quarter": 2,
            "eps": 0.52,
            "eps_growth_year": 48.57,
            "eps_4q": -1.89,
            "eps_4q_growth_year": -182.34,
            "roe": 4.81,
            "roe_4q": -15.180000000000001,
            "gross_profit": 69414,
            "gross_margin": 21.41,
            "gross_margin_4q_avg": 20.61,
            "net_income": 58176,
            "net_income_4q": null,
            "revenue": 324205,
            "revenue_4q": null,
            "common_shares": 1128290,
            "book_valuer_per_share": 11.06,
            "book_valuer_per_share_4q_avg": 10.41,
            "equity": 1247815,
            "current_ratio": 64.52,
            "debt_ratio": 63.7,
            "inventory_turnover_ratio": 2.65,
            "account_receivable_turnover_ratio": null,
            "reinvestment_rate": 45.24,
            "research_to_sale_ratio": null,
            "price_fair": 77.2,
            "eps_avg_yearly": 2.21,
            "eps_latest_yearly": 2.08,
            "eps_growth_yearly": 37.12
        },
        "20043": {
            "year_quarter": 20043,
            "year": 2004,
            "quarter": 3,
            "eps": 0.45,
            "eps_growth_year": null,
            "eps_4q": 0.64,
            "eps_4q_growth_year": null,
            "roe": 3.93,
            "roe_4q": 5.779999999999999,
            "gross_profit": 45451,
            "gross_margin": 16.63,
            "gross_margin_4q_avg": 19.64,
            "net_income": 50226,
            "net_income_4q": null,
            "revenue": 273250,
            "revenue_4q": null,
            "common_shares": 1128290,
            "book_valuer_per_share": 11.57,
            "book_valuer_per_share_4q_avg": 10.76,
            "equity": 1305820,
            "current_ratio": 53.78,
            "debt_ratio": 59.94,
            "inventory_turnover_ratio": 2.17,
            "account_receivable_turnover_ratio": null,
            "reinvestment_rate": 27.07,
            "research_to_sale_ratio": null,
            "price_fair": 75.43,
            "eps_avg_yearly": 2.16,
            "eps_latest_yearly": 1.8,
            "eps_growth_yearly": 25.75
        },
        "20044": {
            "year_quarter": 20044,
            "year": 2004,
            "quarter": 4,
            "eps": -0.79,
            "eps_growth_year": null,
            "eps_4q": 0.58,
            "eps_4q_growth_year": null,
            "roe": -6.36,
            "roe_4q": 7.91,
            "gross_profit": 31815,
            "gross_margin": 14.14,
            "gross_margin_4q_avg": 19.22,
            "net_income": -93148,
            "net_income_4q": null,
            "revenue": 224992,
            "revenue_4q": null,
            "common_shares": 1394464,
            "book_valuer_per_share": 10.97,
            "book_valuer_per_share_4q_avg": 11,
            "equity": 1625011,
            "current_ratio": 104.59,
            "debt_ratio": 48.7,
            "inventory_turnover_ratio": 0.94,
            "account_receivable_turnover_ratio": null,
            "reinvestment_rate": 140.5,
            "research_to_sale_ratio": null,
            "price_fair": 75.43,
            "eps_avg_yearly": 2.16,
            "eps_latest_yearly": 1.8,
            "eps_growth_yearly": 25.75
        },
        "20051": {
            "year_quarter": 20051,
            "year": 2005,
            "quarter": 1,
            "eps": 0.63,
            "eps_growth_year": 6.78,
            "eps_4q": 0.74,
            "eps_4q_growth_year": null,
            "roe": 5.47,
            "roe_4q": 7.85,
            "gross_profit": 38781,
            "gross_margin": 16.74,
            "gross_margin_4q_avg": 17.23,
            "net_income": 88491,
            "net_income_4q": null,
            "revenue": 231636,
            "revenue_4q": null,
            "common_shares": 1394464,
            "book_valuer_per_share": 11.55,
            "book_valuer_per_share_4q_avg": 11.29,
            "equity": 1610949,
            "current_ratio": 76,
            "debt_ratio": 44.39,
            "inventory_turnover_ratio": 1.05,
            "account_receivable_turnover_ratio": null,
            "reinvestment_rate": -17.21,
            "research_to_sale_ratio": null,
            "price_fair": 75.43,
            "eps_avg_yearly": 2.16,
            "eps_latest_yearly": 1.8,
            "eps_growth_yearly": 25.75
        },
        "20052": {
            "year_quarter": 20052,
            "year": 2005,
            "quarter": 2,
            "eps": 0.03,
            "eps_growth_year": -94.23,
            "eps_4q": 0.41,
            "eps_4q_growth_year": null,
            "roe": 0.22,
            "roe_4q": 3.2599999999999993,
            "gross_profit": 23125,
            "gross_margin": 11.89,
            "gross_margin_4q_avg": 14.85,
            "net_income": 3562,
            "net_income_4q": null,
            "revenue": 194512,
            "revenue_4q": null,
            "common_shares": 1394464,
            "book_valuer_per_share": 11.74,
            "book_valuer_per_share_4q_avg": 11.46,
            "equity": 1637600,
            "current_ratio": 52.49,
            "debt_ratio": 44.32,
            "inventory_turnover_ratio": 2.98,
            "account_receivable_turnover_ratio": null,
            "reinvestment_rate": -54.47,
            "research_to_sale_ratio": null,
            "price_fair": 5.79,
            "eps_avg_yearly": 1.93,
            "eps_latest_yearly": 0.12,
            "eps_growth_yearly": -19.44
        },
        "20053": {
            "year_quarter": 20053,
            "year": 2005,
            "quarter": 3,
            "eps": 0.37,
            "eps_growth_year": -17.78,
            "eps_4q": 0.36,
            "eps_4q_growth_year": -43.77,
            "roe": 2.91,
            "roe_4q": 2.2399999999999993,
            "gross_profit": 38934,
            "gross_margin": 19.51,
            "gross_margin_4q_avg": 15.57,
            "net_income": 51330,
            "net_income_4q": null,
            "revenue": 199575,
            "revenue_4q": null,
            "common_shares": 1394464,
            "book_valuer_per_share": 13.52,
            "book_valuer_per_share_4q_avg": 11.95,
            "equity": 1885402,
            "current_ratio": 51.22,
            "debt_ratio": 39.37,
            "inventory_turnover_ratio": 2.82,
            "account_receivable_turnover_ratio": null,
            "reinvestment_rate": -63.52,
            "research_to_sale_ratio": null,
            "price_fair": 65.94,
            "eps_avg_yearly": 1.88,
            "eps_latest_yearly": 1.48,
            "eps_growth_yearly": 435.84
        },
        "20054": {
            "year_quarter": 20054,
            "year": 2005,
            "quarter": 4,
            "eps": 0.13,
            "eps_growth_year": null,
            "eps_4q": 1.17,
            "eps_4q_growth_year": 101.37,
            "roe": 0.92,
            "roe_4q": 9.52,
            "gross_profit": 61905,
            "gross_margin": 28.02,
            "gross_margin_4q_avg": 19.04,
            "net_income": 17870,
            "net_income_4q": null,
            "revenue": 220936,
            "revenue_4q": null,
            "common_shares": 1394464,
            "book_valuer_per_share": 12.28,
            "book_valuer_per_share_4q_avg": 12.27,
            "equity": 2006073,
            "current_ratio": 170.62,
            "debt_ratio": 49.76,
            "inventory_turnover_ratio": 0.79,
            "account_receivable_turnover_ratio": null,
            "reinvestment_rate": 255.1,
            "research_to_sale_ratio": null,
            "price_fair": 61.6,
            "eps_avg_yearly": 1.76,
            "eps_latest_yearly": 0.52,
            "eps_growth_yearly": 372.63
        },
        "20061": {
            "year_quarter": 20061,
            "year": 2006,
            "quarter": 1,
            "eps": 0.52,
            "eps_growth_year": -17.46,
            "eps_4q": 1.06,
            "eps_4q_growth_year": 44.07,
            "roe": 3.71,
            "roe_4q": 7.76,
            "gross_profit": 54872,
            "gross_margin": 29.85,
            "gross_margin_4q_avg": 22.32,
            "net_income": 69541,
            "net_income_4q": null,
            "revenue": 183830,
            "revenue_4q": null,
            "common_shares": 1344464,
            "book_valuer_per_share": 12.97,
            "book_valuer_per_share_4q_avg": 12.63,
            "equity": 1743824,
            "current_ratio": 156.4,
            "debt_ratio": 41.21,
            "inventory_turnover_ratio": 0.64,
            "account_receivable_turnover_ratio": null,
            "reinvestment_rate": -73.72,
            "research_to_sale_ratio": null,
            "price_fair": 57.65,
            "eps_avg_yearly": 1.65,
            "eps_latest_yearly": 2.08,
            "eps_growth_yearly": 453.86
        },
        "20062": {
            "year_quarter": 20062,
            "year": 2006,
            "quarter": 2,
            "eps": 0.42,
            "eps_growth_year": 1300,
            "eps_4q": 1.49,
            "eps_4q_growth_year": 261.07,
            "roe": 3.18,
            "roe_4q": 10.72,
            "gross_profit": 45678,
            "gross_margin": 24.93,
            "gross_margin_4q_avg": 25.58,
            "net_income": 54253,
            "net_income_4q": null,
            "revenue": 183197,
            "revenue_4q": null,
            "common_shares": 1359464,
            "book_valuer_per_share": 12.27,
            "book_valuer_per_share_4q_avg": 12.76,
            "equity": 1667764,
            "current_ratio": 95.12,
            "debt_ratio": 41.02,
            "inventory_turnover_ratio": 2.64,
            "account_receivable_turnover_ratio": null,
            "reinvestment_rate": -45.28,
            "research_to_sale_ratio": null,
            "price_fair": 58.93,
            "eps_avg_yearly": 1.68,
            "eps_latest_yearly": 1.68,
            "eps_growth_yearly": 469.22
        },
        "20063": {
            "year_quarter": 20063,
            "year": 2006,
            "quarter": 3,
            "eps": 0.66,
            "eps_growth_year": 78.38,
            "eps_4q": 1.74,
            "eps_4q_growth_year": 381.66,
            "roe": 4.87,
            "roe_4q": 12.680000000000001,
            "gross_profit": 69863,
            "gross_margin": 33.26,
            "gross_margin_4q_avg": 29.02,
            "net_income": 86242,
            "net_income_4q": null,
            "revenue": 210032,
            "revenue_4q": null,
            "common_shares": 1371794,
            "book_valuer_per_share": 13.68,
            "book_valuer_per_share_4q_avg": 12.8,
            "equity": 1876332,
            "current_ratio": 118.09,
            "debt_ratio": 36.83,
            "inventory_turnover_ratio": 2.69,
            "account_receivable_turnover_ratio": null,
            "reinvestment_rate": -47.68,
            "research_to_sale_ratio": null,
            "price_fair": 58.67,
            "eps_avg_yearly": 1.68,
            "eps_latest_yearly": 2.64,
            "eps_growth_yearly": 449.09
        },
        "20064": {
            "year_quarter": 20064,
            "year": 2006,
            "quarter": 4,
            "eps": 0.41,
            "eps_growth_year": 215.38,
            "eps_4q": 2.04,
            "eps_4q_growth_year": 74.03,
            "roe": 2.33,
            "roe_4q": 14.09,
            "gross_profit": 81616,
            "gross_margin": 33.89,
            "gross_margin_4q_avg": 30.48,
            "net_income": 52781,
            "net_income_4q": null,
            "revenue": 240807,
            "revenue_4q": null,
            "common_shares": 1371794,
            "book_valuer_per_share": 14.63,
            "book_valuer_per_share_4q_avg": 13.39,
            "equity": 2648446,
            "current_ratio": 191.94,
            "debt_ratio": 36.73,
            "inventory_turnover_ratio": 0.81,
            "account_receivable_turnover_ratio": null,
            "reinvestment_rate": 243.68,
            "research_to_sale_ratio": null,
            "price_fair": 56.89,
            "eps_avg_yearly": 1.63,
            "eps_latest_yearly": 1.64,
            "eps_growth_yearly": 442.26
        },
        "20071": {
            "year_quarter": 20071,
            "year": 2007,
            "quarter": 1,
            "eps": 0.8,
            "eps_growth_year": 53.85,
            "eps_4q": 2.27,
            "eps_4q_growth_year": 113.52,
            "roe": 4.37,
            "roe_4q": 14.75,
            "gross_profit": 84606,
            "gross_margin": 33.08,
            "gross_margin_4q_avg": 31.29,
            "net_income": 105039,
            "net_income_4q": null,
            "revenue": 255765,
            "revenue_4q": null,
            "common_shares": 1371794,
            "book_valuer_per_share": 15.7,
            "book_valuer_per_share_4q_avg": 14.07,
            "equity": 2154320,
            "current_ratio": 142.11,
            "debt_ratio": 32.24,
            "inventory_turnover_ratio": 0.82,
            "account_receivable_turnover_ratio": null,
            "reinvestment_rate": -56.66,
            "research_to_sale_ratio": null,
            "price_fair": 59.31,
            "eps_avg_yearly": 1.69,
            "eps_latest_yearly": 3.2,
            "eps_growth_yearly": 472.89
        },
        "20072": {
            "year_quarter": 20072,
            "year": 2007,
            "quarter": 2,
            "eps": 0.45,
            "eps_growth_year": 7.14,
            "eps_4q": 2.32,
            "eps_4q_growth_year": 55.6,
            "roe": 2.93,
            "roe_4q": 14.5,
            "gross_profit": 78307,
            "gross_margin": 29.94,
            "gross_margin_4q_avg": 32.54,
            "net_income": 58584,
            "net_income_4q": null,
            "revenue": 261567,
            "revenue_4q": null,
            "common_shares": 1371794,
            "book_valuer_per_share": 13.41,
            "book_valuer_per_share_4q_avg": 14.36,
            "equity": 1840150,
            "current_ratio": 93.62,
            "debt_ratio": 38.55,
            "inventory_turnover_ratio": 2.54,
            "account_receivable_turnover_ratio": null,
            "reinvestment_rate": -65.12,
            "research_to_sale_ratio": null,
            "price_fair": 60.58,
            "eps_avg_yearly": 1.73,
            "eps_latest_yearly": 1.8,
            "eps_growth_yearly": 472.48
        },
        "20073": {
            "year_quarter": 20073,
            "year": 2007,
            "quarter": 3,
            "eps": 0.82,
            "eps_growth_year": 24.24,
            "eps_4q": 2.45,
            "eps_4q_growth_year": 40.62,
            "roe": 5.13,
            "roe_4q": 14.76,
            "gross_profit": 69927,
            "gross_margin": 33.5,
            "gross_margin_4q_avg": 32.6,
            "net_income": 108695,
            "net_income_4q": null,
            "revenue": 208728,
            "revenue_4q": null,
            "common_shares": 1371794,
            "book_valuer_per_share": 17.49,
            "book_valuer_per_share_4q_avg": 15.31,
            "equity": 2398908,
            "current_ratio": 122.29,
            "debt_ratio": 28.94,
            "inventory_turnover_ratio": 1.98,
            "account_receivable_turnover_ratio": null,
            "reinvestment_rate": -31.47,
            "research_to_sale_ratio": null,
            "price_fair": 65.1,
            "eps_avg_yearly": 1.86,
            "eps_latest_yearly": 3.28,
            "eps_growth_yearly": 460.51
        },
        "20074": {
            "year_quarter": 20074,
            "year": 2007,
            "quarter": 4,
            "eps": 1.08,
            "eps_growth_year": 163.41,
            "eps_4q": 3.12,
            "eps_4q_growth_year": 52.89,
            "roe": 5.27,
            "roe_4q": 17.7,
            "gross_profit": 81903,
            "gross_margin": 35.92,
            "gross_margin_4q_avg": 33.11,
            "net_income": 144071,
            "net_income_4q": null,
            "revenue": 227987,
            "revenue_4q": null,
            "common_shares": 1371794,
            "book_valuer_per_share": 17.2,
            "book_valuer_per_share_4q_avg": 15.95,
            "equity": 3070718,
            "current_ratio": 201.85,
            "debt_ratio": 39.75,
            "inventory_turnover_ratio": 0.52,
            "account_receivable_turnover_ratio": null,
            "reinvestment_rate": 80.21,
            "research_to_sale_ratio": null,
            "price_fair": 71.72,
            "eps_avg_yearly": 2.05,
            "eps_latest_yearly": 4.32,
            "eps_growth_yearly": 434.84
        },
        "20081": {
            "year_quarter": 20081,
            "year": 2008,
            "quarter": 1,
            "eps": 0.4,
            "eps_growth_year": -50,
            "eps_4q": 2.16,
            "eps_4q_growth_year": -5.05,
            "roe": 2.16,
            "roe_4q": 15.489999999999998,
            "gross_profit": 277701,
            "gross_margin": 31.71,
            "gross_margin_4q_avg": 32.77,
            "net_income": 67465,
            "net_income_4q": null,
            "revenue": 875877,
            "revenue_4q": null,
            "common_shares": 1330199,
            "book_valuer_per_share": 17.57,
            "book_valuer_per_share_4q_avg": 16.42,
            "equity": 3180106,
            "current_ratio": 223.82,
            "debt_ratio": 37.4,
            "inventory_turnover_ratio": 1.16,
            "account_receivable_turnover_ratio": null,
            "reinvestment_rate": 120.23,
            "research_to_sale_ratio": null,
            "price_fair": 70.6,
            "eps_avg_yearly": 2.02,
            "eps_latest_yearly": 1.6,
            "eps_growth_yearly": 385.79
        },
        "20082": {
            "year_quarter": 20082,
            "year": 2008,
            "quarter": 2,
            "eps": 0.49,
            "eps_growth_year": 8.89,
            "eps_4q": 2.2,
            "eps_4q_growth_year": -5.51,
            "roe": 2.79,
            "roe_4q": 15.349999999999998,
            "gross_profit": 231796,
            "gross_margin": 28.62,
            "gross_margin_4q_avg": 32.44,
            "net_income": 82611,
            "net_income_4q": null,
            "revenue": 809943,
            "revenue_4q": null,
            "common_shares": 1331394,
            "book_valuer_per_share": 16.62,
            "book_valuer_per_share_4q_avg": 17.22,
            "equity": 2736039,
            "current_ratio": 229.17,
            "debt_ratio": 40.45,
            "inventory_turnover_ratio": 1.18,
            "account_receivable_turnover_ratio": null,
            "reinvestment_rate": 100.12,
            "research_to_sale_ratio": null,
            "price_fair": 70.3,
            "eps_avg_yearly": 2.01,
            "eps_latest_yearly": 1.96,
            "eps_growth_yearly": 395.61
        },
        "20083": {
            "year_quarter": 20083,
            "year": 2008,
            "quarter": 3,
            "eps": 0.6,
            "eps_growth_year": -26.83,
            "eps_4q": 2.2,
            "eps_4q_growth_year": -10.12,
            "roe": 3.44,
            "roe_4q": 13.66,
            "gross_profit": 168540,
            "gross_margin": 19.76,
            "gross_margin_4q_avg": 29,
            "net_income": 94710,
            "net_income_4q": null,
            "revenue": 852973,
            "revenue_4q": null,
            "common_shares": 1452218,
            "book_valuer_per_share": 15.22,
            "book_valuer_per_share_4q_avg": 16.65,
            "equity": 2774483,
            "current_ratio": 200.8,
            "debt_ratio": 41.62,
            "inventory_turnover_ratio": 1.52,
            "account_receivable_turnover_ratio": null,
            "reinvestment_rate": 108.29,
            "research_to_sale_ratio": null,
            "price_fair": 71.8,
            "eps_avg_yearly": 2.05,
            "eps_latest_yearly": 2.4,
            "eps_growth_yearly": 405.87
        },
        "20084": {
            "year_quarter": 20084,
            "year": 2008,
            "quarter": 4,
            "eps": -0.81,
            "eps_growth_year": -175,
            "eps_4q": 0.48,
            "eps_4q_growth_year": -84.58,
            "roe": -4.72,
            "roe_4q": 3.6700000000000004,
            "gross_profit": 199327,
            "gross_margin": 19.88,
            "gross_margin_4q_avg": 24.99,
            "net_income": -128415,
            "net_income_4q": null,
            "revenue": 1002892,
            "revenue_4q": null,
            "common_shares": 1392218,
            "book_valuer_per_share": 15.1,
            "book_valuer_per_share_4q_avg": 16.13,
            "equity": 2668031,
            "current_ratio": 144.3,
            "debt_ratio": 41.07,
            "inventory_turnover_ratio": 1.79,
            "account_receivable_turnover_ratio": 1.93,
            "reinvestment_rate": 70.97,
            "research_to_sale_ratio": null,
            "price_fair": 71.8,
            "eps_avg_yearly": 2.05,
            "eps_latest_yearly": 2.4,
            "eps_growth_yearly": 405.87
        },
        "20091": {
            "year_quarter": 20091,
            "year": 2009,
            "quarter": 1,
            "eps": 0.19,
            "eps_growth_year": -52.5,
            "eps_4q": 0.31,
            "eps_4q_growth_year": -85.45,
            "roe": 1.38,
            "roe_4q": 2.89,
            "gross_profit": 180803,
            "gross_margin": 24.27,
            "gross_margin_4q_avg": 23.13,
            "net_income": 37547,
            "net_income_4q": null,
            "revenue": 744912,
            "revenue_4q": null,
            "common_shares": 1342218,
            "book_valuer_per_share": 16.14,
            "book_valuer_per_share_4q_avg": 15.77,
            "equity": 2757568,
            "current_ratio": 166.98,
            "debt_ratio": 35.88,
            "inventory_turnover_ratio": 1.41,
            "account_receivable_turnover_ratio": 0.71,
            "reinvestment_rate": 120.09,
            "research_to_sale_ratio": null,
            "price_fair": 71.8,
            "eps_avg_yearly": 2.05,
            "eps_latest_yearly": 2.4,
            "eps_growth_yearly": 405.87
        },
        "20092": {
            "year_quarter": 20092,
            "year": 2009,
            "quarter": 2,
            "eps": 0.04,
            "eps_growth_year": -91.84,
            "eps_4q": 0.02,
            "eps_4q_growth_year": -99.07,
            "roe": -0.19,
            "roe_4q": -0.08999999999999986,
            "gross_profit": 153009,
            "gross_margin": 24.65,
            "gross_margin_4q_avg": 22.14,
            "net_income": -5062,
            "net_income_4q": null,
            "revenue": 620684,
            "revenue_4q": null,
            "common_shares": 1342218,
            "book_valuer_per_share": 15.38,
            "book_valuer_per_share_4q_avg": 15.46,
            "equity": 2641701,
            "current_ratio": 174.69,
            "debt_ratio": 38.8,
            "inventory_turnover_ratio": 1.33,
            "account_receivable_turnover_ratio": 0.62,
            "reinvestment_rate": 123.63,
            "research_to_sale_ratio": null,
            "price_fair": 71.9,
            "eps_avg_yearly": 2.05,
            "eps_latest_yearly": 0.16,
            "eps_growth_yearly": 410.53
        },
        "20093": {
            "year_quarter": 20093,
            "year": 2009,
            "quarter": 3,
            "eps": 0.36,
            "eps_growth_year": -40,
            "eps_4q": -0.23,
            "eps_4q_growth_year": -110.27,
            "roe": 2.13,
            "roe_4q": -1.4,
            "gross_profit": 211084,
            "gross_margin": 27.07,
            "gross_margin_4q_avg": 23.97,
            "net_income": 56573,
            "net_income_4q": null,
            "revenue": 779689,
            "revenue_4q": null,
            "common_shares": 1335010,
            "book_valuer_per_share": 15.71,
            "book_valuer_per_share_4q_avg": 15.58,
            "equity": 2669097,
            "current_ratio": 180.73,
            "debt_ratio": 38.51,
            "inventory_turnover_ratio": 1.66,
            "account_receivable_turnover_ratio": 0.79,
            "reinvestment_rate": 119.02,
            "research_to_sale_ratio": null,
            "price_fair": 71.8,
            "eps_avg_yearly": 2.05,
            "eps_latest_yearly": 1.44,
            "eps_growth_yearly": 315.29
        },
        "20094": {
            "year_quarter": 20094,
            "year": 2009,
            "quarter": 4,
            "eps": 0.1,
            "eps_growth_year": null,
            "eps_4q": 0.69,
            "eps_4q_growth_year": 43.61,
            "roe": 1.37,
            "roe_4q": 4.6899999999999995,
            "gross_profit": 216142,
            "gross_margin": 27.11,
            "gross_margin_4q_avg": 25.78,
            "net_income": 36856,
            "net_income_4q": null,
            "revenue": 797401,
            "revenue_4q": null,
            "common_shares": 1338426,
            "book_valuer_per_share": 15.66,
            "book_valuer_per_share_4q_avg": 15.72,
            "equity": 2695639,
            "current_ratio": 197.84,
            "debt_ratio": 39.3,
            "inventory_turnover_ratio": 1.62,
            "account_receivable_turnover_ratio": 1.5,
            "reinvestment_rate": 77.4,
            "research_to_sale_ratio": null,
            "price_fair": 71.5,
            "eps_avg_yearly": 2.04,
            "eps_latest_yearly": 0.4,
            "eps_growth_yearly": 313.19
        },
        "20101": {
            "year_quarter": 20101,
            "year": 2010,
            "quarter": 1,
            "eps": 0.35,
            "eps_growth_year": 84.21,
            "eps_4q": 0.77,
            "eps_4q_growth_year": 145.46,
            "roe": 2.27,
            "roe_4q": 5.579999999999999,
            "gross_profit": 210383,
            "gross_margin": 25.94,
            "gross_margin_4q_avg": 26.19,
            "net_income": 64965,
            "net_income_4q": null,
            "revenue": 811069,
            "revenue_4q": null,
            "common_shares": 1492006,
            "book_valuer_per_share": 16.23,
            "book_valuer_per_share_4q_avg": 15.75,
            "equity": 3034508,
            "current_ratio": 228.18,
            "debt_ratio": 36.76,
            "inventory_turnover_ratio": 1.46,
            "account_receivable_turnover_ratio": 0.72,
            "reinvestment_rate": 179.23,
            "research_to_sale_ratio": 2.95,
            "price_fair": 69.8,
            "eps_avg_yearly": 1.99,
            "eps_latest_yearly": 1.4,
            "eps_growth_yearly": 298.9
        },
        "20102": {
            "year_quarter": 20102,
            "year": 2010,
            "quarter": 2,
            "eps": 0.11,
            "eps_growth_year": 182.71,
            "eps_4q": 0.85,
            "eps_4q_growth_year": 4041.64,
            "roe": 0.75,
            "roe_4q": 6.5200000000000005,
            "gross_profit": 197490,
            "gross_margin": 24.94,
            "gross_margin_4q_avg": 26.27,
            "net_income": 23443,
            "net_income_4q": null,
            "revenue": 791867,
            "revenue_4q": null,
            "common_shares": 1493321,
            "book_valuer_per_share": 16.53,
            "book_valuer_per_share_4q_avg": 16.03,
            "equity": 3252500,
            "current_ratio": 215.63,
            "debt_ratio": 33.14,
            "inventory_turnover_ratio": 1.23,
            "account_receivable_turnover_ratio": 0.68,
            "reinvestment_rate": 197.42,
            "research_to_sale_ratio": 3.62,
            "price_fair": 66.7,
            "eps_avg_yearly": 1.91,
            "eps_latest_yearly": 0.44,
            "eps_growth_yearly": 284.8
        },
        "20103": {
            "year_quarter": 20103,
            "year": 2010,
            "quarter": 3,
            "eps": 0.13,
            "eps_growth_year": -64.61,
            "eps_4q": 0.65,
            "eps_4q_growth_year": null,
            "roe": 1.06,
            "roe_4q": 5.45,
            "gross_profit": 171666,
            "gross_margin": 22.21,
            "gross_margin_4q_avg": 25.05,
            "net_income": 34436,
            "net_income_4q": null,
            "revenue": 772850,
            "revenue_4q": null,
            "common_shares": 1494756,
            "book_valuer_per_share": 16.58,
            "book_valuer_per_share_4q_avg": 16.25,
            "equity": 3272369,
            "current_ratio": 226.5,
            "debt_ratio": 31.87,
            "inventory_turnover_ratio": 1.17,
            "account_receivable_turnover_ratio": 0.7,
            "reinvestment_rate": 218.57,
            "research_to_sale_ratio": 3.48,
            "price_fair": 61.4,
            "eps_avg_yearly": 1.75,
            "eps_latest_yearly": 0.52,
            "eps_growth_yearly": 273.67
        },
        "20104": {
            "year_quarter": 20104,
            "year": 2010,
            "quarter": 4,
            "eps": -0.2,
            "eps_growth_year": -300.46,
            "eps_4q": 0.36,
            "eps_4q_growth_year": -47.85,
            "roe": -0.95,
            "roe_4q": 3.13,
            "gross_profit": 215735,
            "gross_margin": 22.31,
            "gross_margin_4q_avg": 23.85,
            "net_income": -30323,
            "net_income_4q": null,
            "revenue": 966809,
            "revenue_4q": null,
            "common_shares": 1496764,
            "book_valuer_per_share": 15.56,
            "book_valuer_per_share_4q_avg": 16.23,
            "equity": 3083685,
            "current_ratio": 188.4,
            "debt_ratio": 33.1,
            "inventory_turnover_ratio": 1.52,
            "account_receivable_turnover_ratio": 0.87,
            "reinvestment_rate": 82.86,
            "research_to_sale_ratio": 4.3,
            "price_fair": 61.71,
            "eps_avg_yearly": 1.76,
            "eps_latest_yearly": 0.52,
            "eps_growth_yearly": 306.38
        },
        "20111": {
            "year_quarter": 20111,
            "year": 2011,
            "quarter": 1,
            "eps": -0.04,
            "eps_growth_year": -111.43,
            "eps_4q": -0,
            "eps_4q_growth_year": -100.58,
            "roe": -0.01,
            "roe_4q": 0.8500000000000001,
            "gross_profit": 153415,
            "gross_margin": 19.08,
            "gross_margin_4q_avg": 22.14,
            "net_income": -243,
            "net_income_4q": null,
            "revenue": 803911,
            "revenue_4q": null,
            "common_shares": 1496864,
            "book_valuer_per_share": 15.7,
            "book_valuer_per_share_4q_avg": 16.09,
            "equity": 3125270,
            "current_ratio": 196.21,
            "debt_ratio": 31.64,
            "inventory_turnover_ratio": 1.37,
            "account_receivable_turnover_ratio": 0.71,
            "reinvestment_rate": 277.7,
            "research_to_sale_ratio": 3.46,
            "price_fair": 57.52,
            "eps_avg_yearly": 1.64,
            "eps_latest_yearly": 0.52,
            "eps_growth_yearly": 300.2
        },
        "20112": {
            "year_quarter": 20112,
            "year": 2011,
            "quarter": 2,
            "eps": -0.06,
            "eps_growth_year": -149.32,
            "eps_4q": -0.17,
            "eps_4q_growth_year": -120.47,
            "roe": 0.19,
            "roe_4q": 0.29000000000000004,
            "gross_profit": 159031,
            "gross_margin": 21.41,
            "gross_margin_4q_avg": 21.25,
            "net_income": 5733,
            "net_income_4q": null,
            "revenue": 742663,
            "revenue_4q": null,
            "common_shares": 1497539,
            "book_valuer_per_share": 15.27,
            "book_valuer_per_share_4q_avg": 15.78,
            "equity": 3065802,
            "current_ratio": 177.09,
            "debt_ratio": 30.05,
            "inventory_turnover_ratio": 1.23,
            "account_receivable_turnover_ratio": 0.68,
            "reinvestment_rate": 300.99,
            "research_to_sale_ratio": 4.14,
            "price_fair": 57.02,
            "eps_avg_yearly": 1.63,
            "eps_latest_yearly": 0.52,
            "eps_growth_yearly": 343.4
        },
        "20113": {
            "year_quarter": 20113,
            "year": 2011,
            "quarter": 3,
            "eps": 0.2,
            "eps_growth_year": 54.19,
            "eps_4q": -0.1,
            "eps_4q_growth_year": -115.97,
            "roe": 1.61,
            "roe_4q": 0.8400000000000001,
            "gross_profit": 212046,
            "gross_margin": 23.96,
            "gross_margin_4q_avg": 21.69,
            "net_income": 51544,
            "net_income_4q": null,
            "revenue": 885046,
            "revenue_4q": null,
            "common_shares": 1497539,
            "book_valuer_per_share": 16.47,
            "book_valuer_per_share_4q_avg": 15.75,
            "equity": 3323983,
            "current_ratio": 202.66,
            "debt_ratio": 37.36,
            "inventory_turnover_ratio": 1.47,
            "account_receivable_turnover_ratio": 0.76,
            "reinvestment_rate": 377.91,
            "research_to_sale_ratio": 4.62,
            "price_fair": 51.24,
            "eps_avg_yearly": 1.46,
            "eps_latest_yearly": 0.52,
            "eps_growth_yearly": 344.85
        },
        "20114": {
            "year_quarter": 20114,
            "year": 2011,
            "quarter": 4,
            "eps": -0.46,
            "eps_growth_year": null,
            "eps_4q": -0.37,
            "eps_4q_growth_year": -201.56,
            "roe": -1.99,
            "roe_4q": -0.1999999999999999,
            "gross_profit": 199321,
            "gross_margin": 24.85,
            "gross_margin_4q_avg": 22.33,
            "net_income": -65792,
            "net_income_4q": null,
            "revenue": 802074,
            "revenue_4q": null,
            "common_shares": 1571595,
            "book_valuer_per_share": 16.01,
            "book_valuer_per_share_4q_avg": 15.86,
            "equity": 3277714,
            "current_ratio": 242.43,
            "debt_ratio": 35.91,
            "inventory_turnover_ratio": 1.32,
            "account_receivable_turnover_ratio": 0.67,
            "reinvestment_rate": 117.14,
            "research_to_sale_ratio": 8.56,
            "price_fair": 40.13,
            "eps_avg_yearly": 1.15,
            "eps_latest_yearly": 0.52,
            "eps_growth_yearly": 369.08
        },
        "20121": {
            "year_quarter": 20121,
            "year": 2012,
            "quarter": 1,
            "eps": 0.15,
            "eps_growth_year": null,
            "eps_4q": -0.17,
            "eps_4q_growth_year": null,
            "roe": 0.97,
            "roe_4q": 0.78,
            "gross_profit": 189172,
            "gross_margin": 24.81,
            "gross_margin_4q_avg": 23.76,
            "net_income": 30328,
            "net_income_4q": null,
            "revenue": 762549,
            "revenue_4q": null,
            "common_shares": 1547160,
            "book_valuer_per_share": 15.8,
            "book_valuer_per_share_4q_avg": 15.89,
            "equity": 2944629,
            "current_ratio": 224.11,
            "debt_ratio": 38.21,
            "inventory_turnover_ratio": 1.27,
            "account_receivable_turnover_ratio": 0.65,
            "reinvestment_rate": 122.69,
            "research_to_sale_ratio": 4.62,
            "price_fair": 38.15,
            "eps_avg_yearly": 1.09,
            "eps_latest_yearly": 0.52,
            "eps_growth_yearly": 446.69
        },
        "20122": {
            "year_quarter": 20122,
            "year": 2012,
            "quarter": 2,
            "eps": 0.2,
            "eps_growth_year": null,
            "eps_4q": 0.09,
            "eps_4q_growth_year": null,
            "roe": 1.14,
            "roe_4q": 1.73,
            "gross_profit": 191491,
            "gross_margin": 24.08,
            "gross_margin_4q_avg": 24.43,
            "net_income": 34842,
            "net_income_4q": null,
            "revenue": 795080,
            "revenue_4q": null,
            "common_shares": 1552537,
            "book_valuer_per_share": 16.3,
            "book_valuer_per_share_4q_avg": 16.15,
            "equity": 3151970,
            "current_ratio": 188.1,
            "debt_ratio": 43.88,
            "inventory_turnover_ratio": 1.13,
            "account_receivable_turnover_ratio": 0.57,
            "reinvestment_rate": 462.81,
            "research_to_sale_ratio": 4.72,
            "price_fair": 33.08,
            "eps_avg_yearly": 0.95,
            "eps_latest_yearly": 0.8,
            "eps_growth_yearly": 452.11
        },
        "20123": {
            "year_quarter": 20123,
            "year": 2012,
            "quarter": 3,
            "eps": 0.36,
            "eps_growth_year": 85.17,
            "eps_4q": 0.25,
            "eps_4q_growth_year": null,
            "roe": 2.28,
            "roe_4q": 2.3999999999999995,
            "gross_profit": 272025,
            "gross_margin": 23.92,
            "gross_margin_4q_avg": 24.42,
            "net_income": 71631,
            "net_income_4q": null,
            "revenue": 1137233,
            "revenue_4q": null,
            "common_shares": 1500266,
            "book_valuer_per_share": 16.67,
            "book_valuer_per_share_4q_avg": 16.2,
            "equity": 3135893,
            "current_ratio": 178.16,
            "debt_ratio": 48.41,
            "inventory_turnover_ratio": 1.44,
            "account_receivable_turnover_ratio": 0.71,
            "reinvestment_rate": 526.44,
            "research_to_sale_ratio": 3.63,
            "price_fair": 28.88,
            "eps_avg_yearly": 0.83,
            "eps_latest_yearly": 1.44,
            "eps_growth_yearly": 480.89
        },
        "20124": {
            "year_quarter": 20124,
            "year": 2012,
            "quarter": 4,
            "eps": 0.22,
            "eps_growth_year": null,
            "eps_4q": 0.95,
            "eps_4q_growth_year": null,
            "roe": 1.71,
            "roe_4q": 6.1,
            "gross_profit": 253272,
            "gross_margin": 22.02,
            "gross_margin_4q_avg": 23.71,
            "net_income": 49915,
            "net_income_4q": null,
            "revenue": 1149967,
            "revenue_4q": null,
            "common_shares": 1506941,
            "book_valuer_per_share": 16.79,
            "book_valuer_per_share_4q_avg": 16.39,
            "equity": 2716818,
            "current_ratio": 175.36,
            "debt_ratio": 50.6,
            "inventory_turnover_ratio": 1.56,
            "account_receivable_turnover_ratio": 0.73,
            "reinvestment_rate": 139.38,
            "research_to_sale_ratio": 4.35,
            "price_fair": 29.09,
            "eps_avg_yearly": 0.83,
            "eps_latest_yearly": 0.88,
            "eps_growth_yearly": 410.17
        },
        "20131": {
            "year_quarter": 20131,
            "year": 2013,
            "quarter": 1,
            "eps": 0.63,
            "eps_growth_year": 320,
            "eps_4q": 1.36,
            "eps_4q_growth_year": null,
            "roe": 3.92,
            "roe_4q": 9.05,
            "gross_profit": 268182,
            "gross_margin": 25.74,
            "gross_margin_4q_avg": 23.94,
            "net_income": 110826,
            "net_income_4q": null,
            "revenue": 1042017,
            "revenue_4q": null,
            "common_shares": 1580939,
            "book_valuer_per_share": 17.31,
            "book_valuer_per_share_4q_avg": 16.77,
            "equity": 2944564,
            "current_ratio": 180.04,
            "debt_ratio": 48.21,
            "inventory_turnover_ratio": 1.3,
            "account_receivable_turnover_ratio": 0.66,
            "reinvestment_rate": 155.96,
            "research_to_sale_ratio": 3.85,
            "price_fair": 35,
            "eps_avg_yearly": 1,
            "eps_latest_yearly": 2.52,
            "eps_growth_yearly": 443.7
        },
        "20132": {
            "year_quarter": 20132,
            "year": 2013,
            "quarter": 2,
            "eps": 0.29,
            "eps_growth_year": 45.16,
            "eps_4q": 1.41,
            "eps_4q_growth_year": 1521.78,
            "roe": 2.47,
            "roe_4q": 10.38,
            "gross_profit": 243331,
            "gross_margin": 25.27,
            "gross_margin_4q_avg": 24.24,
            "net_income": 73486,
            "net_income_4q": null,
            "revenue": 962893,
            "revenue_4q": null,
            "common_shares": 1629350,
            "book_valuer_per_share": 17.06,
            "book_valuer_per_share_4q_avg": 16.96,
            "equity": 3013943,
            "current_ratio": 185.25,
            "debt_ratio": 45.96,
            "inventory_turnover_ratio": 1.21,
            "account_receivable_turnover_ratio": 0.63,
            "reinvestment_rate": 164.13,
            "research_to_sale_ratio": 3.78,
            "price_fair": 38.5,
            "eps_avg_yearly": 1.1,
            "eps_latest_yearly": 1.16,
            "eps_growth_yearly": 453.69
        },
        "20133": {
            "year_quarter": 20133,
            "year": 2013,
            "quarter": 3,
            "eps": 0.31,
            "eps_growth_year": -14.77,
            "eps_4q": 1.37,
            "eps_4q_growth_year": 454.65,
            "roe": 2.23,
            "roe_4q": 10.330000000000002,
            "gross_profit": 247071,
            "gross_margin": 24.65,
            "gross_margin_4q_avg": 24.42,
            "net_income": 68743,
            "net_income_4q": null,
            "revenue": 1002143,
            "revenue_4q": null,
            "common_shares": 1654492,
            "book_valuer_per_share": 17.14,
            "book_valuer_per_share_4q_avg": 17.08,
            "equity": 3137891,
            "current_ratio": 205.41,
            "debt_ratio": 43.27,
            "inventory_turnover_ratio": 1.35,
            "account_receivable_turnover_ratio": 0.66,
            "reinvestment_rate": 177,
            "research_to_sale_ratio": 3.96,
            "price_fair": 37.8,
            "eps_avg_yearly": 1.08,
            "eps_latest_yearly": 1.24,
            "eps_growth_yearly": 136.45
        },
        "20134": {
            "year_quarter": 20134,
            "year": 2013,
            "quarter": 4,
            "eps": 0.28,
            "eps_growth_year": 25.58,
            "eps_4q": 1.43,
            "eps_4q_growth_year": 50.65,
            "roe": 1.73,
            "roe_4q": 10.35,
            "gross_profit": 258557,
            "gross_margin": 24.12,
            "gross_margin_4q_avg": 24.95,
            "net_income": 55398,
            "net_income_4q": null,
            "revenue": 1071848,
            "revenue_4q": null,
            "common_shares": 1674492,
            "book_valuer_per_share": 17.59,
            "book_valuer_per_share_4q_avg": 17.28,
            "equity": 3253102,
            "current_ratio": 211.23,
            "debt_ratio": 42.15,
            "inventory_turnover_ratio": 1.5,
            "account_receivable_turnover_ratio": 0.69,
            "reinvestment_rate": 4.68,
            "research_to_sale_ratio": 5.6,
            "price_fair": 40.32,
            "eps_avg_yearly": 1.15,
            "eps_latest_yearly": 1.12,
            "eps_growth_yearly": 161.47
        },
        "20141": {
            "year_quarter": 20141,
            "year": 2014,
            "quarter": 1,
            "eps": 0.19,
            "eps_growth_year": -69.84,
            "eps_4q": 1.04,
            "eps_4q_growth_year": -23.75,
            "roe": 1.57,
            "roe_4q": 8,
            "gross_profit": 254776,
            "gross_margin": 25.75,
            "gross_margin_4q_avg": 24.95,
            "net_income": 51716,
            "net_income_4q": null,
            "revenue": 989531,
            "revenue_4q": null,
            "common_shares": 1693730,
            "book_valuer_per_share": 17.77,
            "book_valuer_per_share_4q_avg": 17.39,
            "equity": 3332535,
            "current_ratio": 209.81,
            "debt_ratio": 41.46,
            "inventory_turnover_ratio": 1.37,
            "account_receivable_turnover_ratio": 0.64,
            "reinvestment_rate": 11.21,
            "research_to_sale_ratio": 4.9,
            "price_fair": 38.08,
            "eps_avg_yearly": 1.09,
            "eps_latest_yearly": 0.76,
            "eps_growth_yearly": 48.61
        },
        "20142": {
            "year_quarter": 20142,
            "year": 2014,
            "quarter": 2,
            "eps": 0.22,
            "eps_growth_year": -24.14,
            "eps_4q": 1.01,
            "eps_4q_growth_year": -28.46,
            "roe": 1.85,
            "roe_4q": 7.380000000000001,
            "gross_profit": 302628,
            "gross_margin": 28.51,
            "gross_margin_4q_avg": 25.76,
            "net_income": 59798,
            "net_income_4q": null,
            "revenue": 1061442,
            "revenue_4q": null,
            "common_shares": 1709921,
            "book_valuer_per_share": 16.98,
            "book_valuer_per_share_4q_avg": 17.37,
            "equity": 3141816,
            "current_ratio": 206.72,
            "debt_ratio": 43.82,
            "inventory_turnover_ratio": 1.38,
            "account_receivable_turnover_ratio": 0.66,
            "reinvestment_rate": 6.93,
            "research_to_sale_ratio": 4.07,
            "price_fair": 39.62,
            "eps_avg_yearly": 1.13,
            "eps_latest_yearly": 0.88,
            "eps_growth_yearly": 82.35
        },
        "20143": {
            "year_quarter": 20143,
            "year": 2014,
            "quarter": 3,
            "eps": 0.33,
            "eps_growth_year": 6.45,
            "eps_4q": 0.99,
            "eps_4q_growth_year": -27.82,
            "roe": 2.78,
            "roe_4q": 7.93,
            "gross_profit": 301118,
            "gross_margin": 27.65,
            "gross_margin_4q_avg": 26.51,
            "net_income": 90620,
            "net_income_4q": null,
            "revenue": 1088973,
            "revenue_4q": null,
            "common_shares": 1741665,
            "book_valuer_per_share": 17.24,
            "book_valuer_per_share_4q_avg": 17.4,
            "equity": 3374290,
            "current_ratio": 195.11,
            "debt_ratio": 41.85,
            "inventory_turnover_ratio": 1.36,
            "account_receivable_turnover_ratio": 0.66,
            "reinvestment_rate": 7.96,
            "research_to_sale_ratio": 3.33,
            "price_fair": 42.42,
            "eps_avg_yearly": 1.21,
            "eps_latest_yearly": 1.32,
            "eps_growth_yearly": 95.08
        },
        "20144": {
            "year_quarter": 20144,
            "year": 2014,
            "quarter": 4,
            "eps": -0.19,
            "eps_growth_year": -167.93,
            "eps_4q": 0.58,
            "eps_4q_growth_year": -59.64,
            "roe": -0.27,
            "roe_4q": 5.93,
            "gross_profit": 263550,
            "gross_margin": 24.5,
            "gross_margin_4q_avg": 26.6,
            "net_income": -9437,
            "net_income_4q": null,
            "revenue": 1075634,
            "revenue_4q": null,
            "common_shares": 1741665,
            "book_valuer_per_share": 19.16,
            "book_valuer_per_share_4q_avg": 17.79,
            "equity": 3539921,
            "current_ratio": 216.07,
            "debt_ratio": 42.68,
            "inventory_turnover_ratio": 1.33,
            "account_receivable_turnover_ratio": 0.64,
            "reinvestment_rate": 26.13,
            "research_to_sale_ratio": 4.65,
            "price_fair": 42.42,
            "eps_avg_yearly": 1.21,
            "eps_latest_yearly": 1.32,
            "eps_growth_yearly": 95.08
        },
        "20151": {
            "year_quarter": 20151,
            "year": 2015,
            "quarter": 1,
            "eps": 0.16,
            "eps_growth_year": -15.79,
            "eps_4q": 0.54,
            "eps_4q_growth_year": -47.78,
            "roe": 0.46,
            "roe_4q": 4.82,
            "gross_profit": 224779,
            "gross_margin": 23.85,
            "gross_margin_4q_avg": 26.13,
            "net_income": 16281,
            "net_income_4q": null,
            "revenue": 942435,
            "revenue_4q": null,
            "common_shares": 1741665,
            "book_valuer_per_share": 18.04,
            "book_valuer_per_share_4q_avg": 17.86,
            "equity": 3522537,
            "current_ratio": 216.31,
            "debt_ratio": 42.75,
            "inventory_turnover_ratio": 1.18,
            "account_receivable_turnover_ratio": 0.56,
            "reinvestment_rate": 12.89,
            "research_to_sale_ratio": 4.32,
            "price_fair": 42.42,
            "eps_avg_yearly": 1.21,
            "eps_latest_yearly": 1.32,
            "eps_growth_yearly": 95.08
        },
        "20152": {
            "year_quarter": 20152,
            "year": 2015,
            "quarter": 2,
            "eps": 0.26,
            "eps_growth_year": 18.18,
            "eps_4q": 0.62,
            "eps_4q_growth_year": -38.34,
            "roe": 0.92,
            "roe_4q": 3.8899999999999997,
            "gross_profit": 236847,
            "gross_margin": 24.87,
            "gross_margin_4q_avg": 25.22,
            "net_income": 30748,
            "net_income_4q": null,
            "revenue": 952344,
            "revenue_4q": null,
            "common_shares": 1571665,
            "book_valuer_per_share": 17.75,
            "book_valuer_per_share_4q_avg": 18.05,
            "equity": 3180473,
            "current_ratio": 189.76,
            "debt_ratio": 46.98,
            "inventory_turnover_ratio": 1.17,
            "account_receivable_turnover_ratio": 0.6,
            "reinvestment_rate": 28.38,
            "research_to_sale_ratio": 4.74,
            "price_fair": 41.87,
            "eps_avg_yearly": 1.2,
            "eps_latest_yearly": 1.04,
            "eps_growth_yearly": 109.17
        },
        "20153": {
            "year_quarter": 20153,
            "year": 2015,
            "quarter": 3,
            "eps": 0.46,
            "eps_growth_year": 39.39,
            "eps_4q": 0.77,
            "eps_4q_growth_year": -22.13,
            "roe": 2.41,
            "roe_4q": 3.52,
            "gross_profit": 263103,
            "gross_margin": 24.84,
            "gross_margin_4q_avg": 24.52,
            "net_income": 76885,
            "net_income_4q": null,
            "revenue": 1059333,
            "revenue_4q": null,
            "common_shares": 1471665,
            "book_valuer_per_share": 19.63,
            "book_valuer_per_share_4q_avg": 18.65,
            "equity": 3211607,
            "current_ratio": 243.18,
            "debt_ratio": 45.92,
            "inventory_turnover_ratio": 1.33,
            "account_receivable_turnover_ratio": 0.67,
            "reinvestment_rate": 19.83,
            "research_to_sale_ratio": 4.11,
            "price_fair": 43.75,
            "eps_avg_yearly": 1.25,
            "eps_latest_yearly": 1.84,
            "eps_growth_yearly": 125.71
        },
        "20154": {
            "year_quarter": 20154,
            "year": 2015,
            "quarter": 4,
            "eps": 0.25,
            "eps_growth_year": null,
            "eps_4q": 1.24,
            "eps_4q_growth_year": 115.12,
            "roe": 1.86,
            "roe_4q": 5.65,
            "gross_profit": 288178,
            "gross_margin": 26.14,
            "gross_margin_4q_avg": 24.93,
            "net_income": 59460,
            "net_income_4q": null,
            "revenue": 1102585,
            "revenue_4q": null,
            "common_shares": 1324665,
            "book_valuer_per_share": 19.19,
            "book_valuer_per_share_4q_avg": 18.65,
            "equity": 3165551,
            "current_ratio": 196.7,
            "debt_ratio": 47.21,
            "inventory_turnover_ratio": 1.44,
            "account_receivable_turnover_ratio": 0.69,
            "reinvestment_rate": 56.9,
            "research_to_sale_ratio": 4.57,
            "price_fair": 43.08,
            "eps_avg_yearly": 1.23,
            "eps_latest_yearly": 1,
            "eps_growth_yearly": 101.99
        },
        "20161": {
            "year_quarter": 20161,
            "year": 2016,
            "quarter": 1,
            "eps": 0.23,
            "eps_growth_year": 43.75,
            "eps_4q": 1.28,
            "eps_4q_growth_year": 136.97,
            "roe": 1.21,
            "roe_4q": 6.4,
            "gross_profit": 301973,
            "gross_margin": 26.09,
            "gross_margin_4q_avg": 25.49,
            "net_income": 39636,
            "net_income_4q": null,
            "revenue": 1157309,
            "revenue_4q": null,
            "common_shares": 1324665,
            "book_valuer_per_share": 19.32,
            "book_valuer_per_share_4q_avg": 18.97,
            "equity": 3363000,
            "current_ratio": 199.06,
            "debt_ratio": 47.73,
            "inventory_turnover_ratio": 1.36,
            "account_receivable_turnover_ratio": 0.69,
            "reinvestment_rate": 49.95,
            "research_to_sale_ratio": 4.39,
            "price_fair": 42.3,
            "eps_avg_yearly": 1.21,
            "eps_latest_yearly": 0.92,
            "eps_growth_yearly": 92.42
        },
        "20162": {
            "year_quarter": 20162,
            "year": 2016,
            "quarter": 2,
            "eps": 0.21,
            "eps_growth_year": -19.23,
            "eps_4q": 1.19,
            "eps_4q_growth_year": 91.36,
            "roe": 1.08,
            "roe_4q": 6.5600000000000005,
            "gross_profit": 274475,
            "gross_margin": 27.44,
            "gross_margin_4q_avg": 26.13,
            "net_income": 35585,
            "net_income_4q": null,
            "revenue": 1000230,
            "revenue_4q": null,
            "common_shares": 1324665,
            "book_valuer_per_share": 18.52,
            "book_valuer_per_share_4q_avg": 19.17,
            "equity": 3234625,
            "current_ratio": 189.46,
            "debt_ratio": 49.44,
            "inventory_turnover_ratio": 1.01,
            "account_receivable_turnover_ratio": 0.6,
            "reinvestment_rate": 28.47,
            "research_to_sale_ratio": 5.12,
            "price_fair": 42.4,
            "eps_avg_yearly": 1.21,
            "eps_latest_yearly": 0.84,
            "eps_growth_yearly": 80.41
        },
        "20163": {
            "year_quarter": 20163,
            "year": 2016,
            "quarter": 3,
            "eps": 0.46,
            "eps_growth_year": 0,
            "eps_4q": 1.14,
            "eps_4q_growth_year": 48.95,
            "roe": 1.79,
            "roe_4q": 5.94,
            "gross_profit": 303001,
            "gross_margin": 23.66,
            "gross_margin_4q_avg": 25.83,
            "net_income": 57590,
            "net_income_4q": null,
            "revenue": 1280651,
            "revenue_4q": null,
            "common_shares": 1324665,
            "book_valuer_per_share": 18.26,
            "book_valuer_per_share_4q_avg": 18.82,
            "equity": 3188517,
            "current_ratio": 186.65,
            "debt_ratio": 49.69,
            "inventory_turnover_ratio": 1.32,
            "account_receivable_turnover_ratio": 0.82,
            "reinvestment_rate": 38.89,
            "research_to_sale_ratio": 4.04,
            "price_fair": 43.4,
            "eps_avg_yearly": 1.24,
            "eps_latest_yearly": 1.84,
            "eps_growth_yearly": 91.57
        },
        "20164": {
            "year_quarter": 20164,
            "year": 2016,
            "quarter": 4,
            "eps": 0.73,
            "eps_growth_year": 194.15,
            "eps_4q": 1.62,
            "eps_4q_growth_year": 30.74,
            "roe": 3.62,
            "roe_4q": 7.7,
            "gross_profit": 401953,
            "gross_margin": 24.48,
            "gross_margin_4q_avg": 25.42,
            "net_income": 117086,
            "net_income_4q": null,
            "revenue": 1642065,
            "revenue_4q": null,
            "common_shares": 1328299,
            "book_valuer_per_share": 18.63,
            "book_valuer_per_share_4q_avg": 18.68,
            "equity": 3284225,
            "current_ratio": 164.73,
            "debt_ratio": 53.28,
            "inventory_turnover_ratio": 1.51,
            "account_receivable_turnover_ratio": 0.91,
            "reinvestment_rate": 36.53,
            "research_to_sale_ratio": 4.12,
            "price_fair": 48.5,
            "eps_avg_yearly": 1.39,
            "eps_latest_yearly": 2.92,
            "eps_growth_yearly": 119.45
        },
        "20171": {
            "year_quarter": 20171,
            "year": 2017,
            "quarter": 1,
            "eps": 0.05,
            "eps_growth_year": -78.26,
            "eps_4q": 1.43,
            "eps_4q_growth_year": 11.6,
            "roe": -0.49,
            "roe_4q": 6,
            "gross_profit": 263138,
            "gross_margin": 24.84,
            "gross_margin_4q_avg": 25.11,
            "net_income": -15629,
            "net_income_4q": null,
            "revenue": 1059406,
            "revenue_4q": null,
            "common_shares": 1338825,
            "book_valuer_per_share": 17.58,
            "book_valuer_per_share_4q_avg": 18.25,
            "equity": 3125962,
            "current_ratio": 170.02,
            "debt_ratio": 51.83,
            "inventory_turnover_ratio": 0.9,
            "account_receivable_turnover_ratio": 0.59,
            "reinvestment_rate": 12.23,
            "research_to_sale_ratio": 5.58,
            "price_fair": 42.7,
            "eps_avg_yearly": 1.22,
            "eps_latest_yearly": 0.2,
            "eps_growth_yearly": 39.59
        },
        "20172": {
            "year_quarter": 20172,
            "year": 2017,
            "quarter": 2,
            "eps": 0.25,
            "eps_growth_year": 19.05,
            "eps_4q": 1.47,
            "eps_4q_growth_year": 24.08,
            "roe": 1.59,
            "roe_4q": 6.510000000000001,
            "gross_profit": 291441,
            "gross_margin": 23.42,
            "gross_margin_4q_avg": 24.1,
            "net_income": 49417,
            "net_income_4q": null,
            "revenue": 1244470,
            "revenue_4q": null,
            "common_shares": 1338825,
            "book_valuer_per_share": 17.34,
            "book_valuer_per_share_4q_avg": 17.95,
            "equity": 3084762,
            "current_ratio": 170.61,
            "debt_ratio": 52.36,
            "inventory_turnover_ratio": 1.11,
            "account_receivable_turnover_ratio": 0.8,
            "reinvestment_rate": 4.46,
            "research_to_sale_ratio": 4.63,
            "price_fair": 42.3,
            "eps_avg_yearly": 1.21,
            "eps_latest_yearly": 1,
            "eps_growth_yearly": 169.3
        },
        "20173": {
            "year_quarter": 20173,
            "year": 2017,
            "quarter": 3,
            "eps": 0.55,
            "eps_growth_year": 19.57,
            "eps_4q": 1.59,
            "eps_4q_growth_year": 38.57,
            "roe": 3.54,
            "roe_4q": 8.26,
            "gross_profit": 392348,
            "gross_margin": 26.61,
            "gross_margin_4q_avg": 24.84,
            "net_income": 111467,
            "net_income_4q": null,
            "revenue": 1474535,
            "revenue_4q": null,
            "common_shares": 1362986,
            "book_valuer_per_share": 18.15,
            "book_valuer_per_share_4q_avg": 17.93,
            "equity": 3216118,
            "current_ratio": 181.9,
            "debt_ratio": 51.3,
            "inventory_turnover_ratio": 1.28,
            "account_receivable_turnover_ratio": 0.92,
            "reinvestment_rate": 7.85,
            "research_to_sale_ratio": 4.17,
            "price_fair": 44.7,
            "eps_avg_yearly": 1.28,
            "eps_latest_yearly": 2.2,
            "eps_growth_yearly": 201.61
        },
        "20174": {
            "year_quarter": 20174,
            "year": 2017,
            "quarter": 4,
            "eps": 0.25,
            "eps_growth_year": -65.77,
            "eps_4q": 0.95,
            "eps_4q_growth_year": -41.49,
            "roe": 1.59,
            "roe_4q": 6.2299999999999995,
            "gross_profit": 336599,
            "gross_margin": 23.39,
            "gross_margin_4q_avg": 24.57,
            "net_income": 55010,
            "net_income_4q": null,
            "revenue": 1439201,
            "revenue_4q": null,
            "common_shares": 1653246,
            "book_valuer_per_share": 17.81,
            "book_valuer_per_share_4q_avg": 17.72,
            "equity": 3712591,
            "current_ratio": 219.07,
            "debt_ratio": 45.67,
            "inventory_turnover_ratio": 1.29,
            "account_receivable_turnover_ratio": 0.86,
            "reinvestment_rate": 26.09,
            "research_to_sale_ratio": 4.66,
            "price_fair": 44.4,
            "eps_avg_yearly": 1.27,
            "eps_latest_yearly": 1,
            "eps_growth_yearly": 188.79
        },
        "20181": {
            "year_quarter": 20181,
            "year": 2018,
            "quarter": 1,
            "eps": 0.08,
            "eps_growth_year": 60,
            "eps_4q": 0.99,
            "eps_4q_growth_year": -30.83,
            "roe": 0.15,
            "roe_4q": 6.87,
            "gross_profit": 267781,
            "gross_margin": 21.33,
            "gross_margin_4q_avg": 23.69,
            "net_income": 5757,
            "net_income_4q": null,
            "revenue": 1255379,
            "revenue_4q": null,
            "common_shares": 1653246,
            "book_valuer_per_share": 18.22,
            "book_valuer_per_share_4q_avg": 17.88,
            "equity": 3787833,
            "current_ratio": 214.27,
            "debt_ratio": 45.41,
            "inventory_turnover_ratio": 1.11,
            "account_receivable_turnover_ratio": 0.79,
            "reinvestment_rate": 7.69,
            "research_to_sale_ratio": 5.04,
            "price_fair": 43.3,
            "eps_avg_yearly": 1.24,
            "eps_latest_yearly": 0.32,
            "eps_growth_yearly": 178.55
        },
        "20182": {
            "year_quarter": 20182,
            "year": 2018,
            "quarter": 2,
            "eps": 0.08,
            "eps_growth_year": -68,
            "eps_4q": 0.86,
            "eps_4q_growth_year": -41.59,
            "roe": -0.23,
            "roe_4q": 5.05,
            "gross_profit": 232470,
            "gross_margin": 19.19,
            "gross_margin_4q_avg": 22.63,
            "net_income": -8635,
            "net_income_4q": null,
            "revenue": 1211616,
            "revenue_4q": null,
            "common_shares": 1653246,
            "book_valuer_per_share": 17.37,
            "book_valuer_per_share_4q_avg": 17.89,
            "equity": 3567918,
            "current_ratio": 210.67,
            "debt_ratio": 46.3,
            "inventory_turnover_ratio": 1.09,
            "account_receivable_turnover_ratio": 0.82,
            "reinvestment_rate": 1.49,
            "research_to_sale_ratio": 5.03,
            "price_fair": 41.9,
            "eps_avg_yearly": 1.2,
            "eps_latest_yearly": 0.32,
            "eps_growth_yearly": 174.03
        },
        "20183": {
            "year_quarter": 20183,
            "year": 2018,
            "quarter": 3,
            "eps": 0.17,
            "eps_growth_year": -69.09,
            "eps_4q": 0.6,
            "eps_4q_growth_year": -62.27,
            "roe": 0.69,
            "roe_4q": 2.2,
            "gross_profit": 296256,
            "gross_margin": 22.4,
            "gross_margin_4q_avg": 21.58,
            "net_income": 24141,
            "net_income_4q": null,
            "revenue": 1322527,
            "revenue_4q": null,
            "common_shares": 1653246,
            "book_valuer_per_share": 17.23,
            "book_valuer_per_share_4q_avg": 17.66,
            "equity": 3430887,
            "current_ratio": 199.66,
            "debt_ratio": 47.52,
            "inventory_turnover_ratio": 1.1,
            "account_receivable_turnover_ratio": 0.87,
            "reinvestment_rate": -16.73,
            "research_to_sale_ratio": 4.72,
            "price_fair": 40.3,
            "eps_avg_yearly": 1.15,
            "eps_latest_yearly": 0.68,
            "eps_growth_yearly": 191.89
        },
        "20184": {
            "year_quarter": 20184,
            "year": 2018,
            "quarter": 4,
            "eps": 0.08,
            "eps_growth_year": -67.51,
            "eps_4q": 0.43,
            "eps_4q_growth_year": -54.55,
            "roe": 0.09,
            "roe_4q": 0.7,
            "gross_profit": 289291,
            "gross_margin": 20.48,
            "gross_margin_4q_avg": 20.85,
            "net_income": 3192,
            "net_income_4q": null,
            "revenue": 1412728,
            "revenue_4q": null,
            "common_shares": 1593246,
            "book_valuer_per_share": 17.61,
            "book_valuer_per_share_4q_avg": 17.61,
            "equity": 3388220,
            "current_ratio": 194.56,
            "debt_ratio": 48.74,
            "inventory_turnover_ratio": 1.14,
            "account_receivable_turnover_ratio": 0.85,
            "reinvestment_rate": -10.62,
            "research_to_sale_ratio": 4.76,
            "price_fair": 38.36,
            "eps_avg_yearly": 1.1,
            "eps_latest_yearly": 0.32,
            "eps_growth_yearly": 164.98
        },
        "20191": {
            "year_quarter": 20191,
            "year": 2019,
            "quarter": 1,
            "eps": 0.04,
            "eps_growth_year": -50,
            "eps_4q": 0.39,
            "eps_4q_growth_year": -60.47,
            "roe": -0.13,
            "roe_4q": 0.41999999999999993,
            "gross_profit": 256984,
            "gross_margin": 21.1,
            "gross_margin_4q_avg": 20.79,
            "net_income": -4393,
            "net_income_4q": null,
            "revenue": 1218207,
            "revenue_4q": null,
            "common_shares": 1593246,
            "book_valuer_per_share": 18.11,
            "book_valuer_per_share_4q_avg": 17.58,
            "equity": 3446259,
            "current_ratio": 189.9,
            "debt_ratio": 49.7,
            "inventory_turnover_ratio": 1.02,
            "account_receivable_turnover_ratio": 0.69,
            "reinvestment_rate": -5.29,
            "research_to_sale_ratio": 4.8,
            "price_fair": 36.31,
            "eps_avg_yearly": 1.04,
            "eps_latest_yearly": 0.16,
            "eps_growth_yearly": 142.17
        },
        "20192": {
            "year_quarter": 20192,
            "year": 2019,
            "quarter": 2,
            "eps": 0.13,
            "eps_growth_year": 62.5,
            "eps_4q": 0.43,
            "eps_4q_growth_year": -50.1,
            "roe": 0.39,
            "roe_4q": 1.04,
            "gross_profit": 296243,
            "gross_margin": 24.63,
            "gross_margin_4q_avg": 22.15,
            "net_income": 13315,
            "net_income_4q": null,
            "revenue": 1202688,
            "revenue_4q": null,
            "common_shares": 1593246,
            "book_valuer_per_share": 17.63,
            "book_valuer_per_share_4q_avg": 17.65,
            "equity": 3354557,
            "current_ratio": 198.77,
            "debt_ratio": 49.22,
            "inventory_turnover_ratio": 0.97,
            "account_receivable_turnover_ratio": 0.71,
            "reinvestment_rate": -17.04,
            "research_to_sale_ratio": 4.99,
            "price_fair": 35.18,
            "eps_avg_yearly": 1.01,
            "eps_latest_yearly": 0.52,
            "eps_growth_yearly": 182.8
        },
        "20193": {
            "year_quarter": 20193,
            "year": 2019,
            "quarter": 3,
            "eps": 0.13,
            "eps_growth_year": -23.53,
            "eps_4q": 0.38,
            "eps_4q_growth_year": -36.71,
            "roe": 0.84,
            "roe_4q": 1.1900000000000002,
            "gross_profit": 341901,
            "gross_margin": 23.67,
            "gross_margin_4q_avg": 22.47,
            "net_income": 28105,
            "net_income_4q": null,
            "revenue": 1444557,
            "revenue_4q": null,
            "common_shares": 1593246,
            "book_valuer_per_share": 17.2,
            "book_valuer_per_share_4q_avg": 17.64,
            "equity": 3330204,
            "current_ratio": 149.45,
            "debt_ratio": 50.73,
            "inventory_turnover_ratio": 1.16,
            "account_receivable_turnover_ratio": 0.91,
            "reinvestment_rate": -27.77,
            "research_to_sale_ratio": 4.43,
            "price_fair": 32.29,
            "eps_avg_yearly": 0.92,
            "eps_latest_yearly": 0.52,
            "eps_growth_yearly": 163.56
        },
        "20194": {
            "year_quarter": 20194,
            "year": 2019,
            "quarter": 4,
            "eps": -1.1,
            "eps_growth_year": -1459.38,
            "eps_4q": -0.8,
            "eps_4q_growth_year": -284.5,
            "roe": -5.96,
            "roe_4q": -4.86,
            "gross_profit": 289032,
            "gross_margin": 21.67,
            "gross_margin_4q_avg": 22.77,
            "net_income": -195736,
            "net_income_4q": null,
            "revenue": 1333570,
            "revenue_4q": null,
            "common_shares": 1593246,
            "book_valuer_per_share": 15.95,
            "book_valuer_per_share_4q_avg": 17.22,
            "equity": 3243521,
            "current_ratio": 205.62,
            "debt_ratio": 52.21,
            "inventory_turnover_ratio": 1.12,
            "account_receivable_turnover_ratio": 0.86,
            "reinvestment_rate": -140.15,
            "research_to_sale_ratio": 4.95,
            "price_fair": 32.11,
            "eps_avg_yearly": 0.92,
            "eps_latest_yearly": 0.52,
            "eps_growth_yearly": 186.64
        },
        "20201": {
            "year_quarter": 20201,
            "year": 2020,
            "quarter": 1,
            "eps": 0.02,
            "eps_growth_year": -50,
            "eps_4q": -0.82,
            "eps_4q_growth_year": -309.73,
            "roe": -0.17,
            "roe_4q": -4.9,
            "gross_profit": 239374,
            "gross_margin": 20.63,
            "gross_margin_4q_avg": 22.65,
            "net_income": -5503,
            "net_income_4q": null,
            "revenue": 1160377,
            "revenue_4q": null,
            "common_shares": 1593246,
            "book_valuer_per_share": 15.71,
            "book_valuer_per_share_4q_avg": 16.62,
            "equity": 3187903,
            "current_ratio": 204.82,
            "debt_ratio": 53.25,
            "inventory_turnover_ratio": 1,
            "account_receivable_turnover_ratio": 0.8,
            "reinvestment_rate": -149.09,
            "research_to_sale_ratio": 5.08,
            "price_fair": 32.1,
            "eps_avg_yearly": 0.92,
            "eps_latest_yearly": 0.52,
            "eps_growth_yearly": 202.26
        },
        "20202": {
            "year_quarter": 20202,
            "year": 2020,
            "quarter": 2,
            "eps": 0.29,
            "eps_growth_year": 123.08,
            "eps_4q": -0.66,
            "eps_4q_growth_year": -253.26,
            "roe": 1.54,
            "roe_4q": -3.75,
            "gross_profit": 308452,
            "gross_margin": 23.76,
            "gross_margin_4q_avg": 22.43,
            "net_income": 48748,
            "net_income_4q": null,
            "revenue": 1298397,
            "revenue_4q": null,
            "common_shares": 1593246,
            "book_valuer_per_share": 15.35,
            "book_valuer_per_share_4q_avg": 16.05,
            "equity": 3140281,
            "current_ratio": 189.47,
            "debt_ratio": 55.54,
            "inventory_turnover_ratio": 1.04,
            "account_receivable_turnover_ratio": 0.92,
            "reinvestment_rate": -150.98,
            "research_to_sale_ratio": 4.74,
            "price_fair": 32.9,
            "eps_avg_yearly": 0.94,
            "eps_latest_yearly": 1.16,
            "eps_growth_yearly": 590.46
        },
        "20203": {
            "year_quarter": 20203,
            "year": 2020,
            "quarter": 3,
            "eps": 0.39,
            "eps_growth_year": 200,
            "eps_4q": -0.39,
            "eps_4q_growth_year": -203.82,
            "roe": 2.61,
            "roe_4q": -1.9799999999999995,
            "gross_profit": 364364,
            "gross_margin": 24.2,
            "gross_margin_4q_avg": 22.57,
            "net_income": 84257,
            "net_income_4q": null,
            "revenue": 1505950,
            "revenue_4q": null,
            "common_shares": 1593246,
            "book_valuer_per_share": 15.89,
            "book_valuer_per_share_4q_avg": 15.73,
            "equity": 3312317,
            "current_ratio": 197.33,
            "debt_ratio": 54.25,
            "inventory_turnover_ratio": 1.2,
            "account_receivable_turnover_ratio": 1,
            "reinvestment_rate": -165.55,
            "research_to_sale_ratio": 4.33,
            "price_fair": 32.2,
            "eps_avg_yearly": 0.92,
            "eps_latest_yearly": 1.56,
            "eps_growth_yearly": 566.3
        },
        "20204": {
            "year_quarter": 20204,
            "year": 2020,
            "quarter": 4,
            "eps": 0.25,
            "eps_growth_year": null,
            "eps_4q": 0.96,
            "eps_4q_growth_year": null,
            "roe": 1.75,
            "roe_4q": 5.7299999999999995,
            "gross_profit": 351903,
            "gross_margin": 23.87,
            "gross_margin_4q_avg": 23.12,
            "net_income": 63637,
            "net_income_4q": null,
            "revenue": 1474506,
            "revenue_4q": null,
            "common_shares": 1593246,
            "book_valuer_per_share": 16.92,
            "book_valuer_per_share_4q_avg": 15.97,
            "equity": 3965924,
            "current_ratio": 217.6,
            "debt_ratio": 50.17,
            "inventory_turnover_ratio": 1.16,
            "account_receivable_turnover_ratio": 0.94,
            "reinvestment_rate": -194.59,
            "research_to_sale_ratio": 4.69,
            "price_fair": 27.4,
            "eps_avg_yearly": 0.78,
            "eps_latest_yearly": 1,
            "eps_growth_yearly": 539.27
        },
        "20211": {
            "year_quarter": 20211,
            "year": 2021,
            "quarter": 1,
            "eps": 0.75,
            "eps_growth_year": 3650,
            "eps_4q": 1.69,
            "eps_4q_growth_year": null,
            "roe": 3.21,
            "roe_4q": 9.11,
            "gross_profit": 311071,
            "gross_margin": 20.97,
            "gross_margin_4q_avg": 23.2,
            "net_income": 127486,
            "net_income_4q": null,
            "revenue": 1483750,
            "revenue_4q": null,
            "common_shares": 1593246,
            "book_valuer_per_share": 16.75,
            "book_valuer_per_share_4q_avg": 16.23,
            "equity": 3977760,
            "current_ratio": 234.85,
            "debt_ratio": 52.71,
            "inventory_turnover_ratio": 1.13,
            "account_receivable_turnover_ratio": 0.96,
            "reinvestment_rate": -109.71,
            "research_to_sale_ratio": 3.71,
            "price_fair": 34.4,
            "eps_avg_yearly": 0.98,
            "eps_latest_yearly": 3,
            "eps_growth_yearly": 623.03
        },
        "20212": {
            "year_quarter": 20212,
            "year": 2021,
            "quarter": 2,
            "eps": 0.8,
            "eps_growth_year": 175.86,
            "eps_4q": 2.2,
            "eps_4q_growth_year": null,
            "roe": 3.3,
            "roe_4q": 10.87,
            "gross_profit": 318782,
            "gross_margin": 20.86,
            "gross_margin_4q_avg": 22.48,
            "net_income": 131584,
            "net_income_4q": null,
            "revenue": 1528159,
            "revenue_4q": null,
            "common_shares": 1593246,
            "book_valuer_per_share": 17.3,
            "book_valuer_per_share_4q_avg": 16.72,
            "equity": 3991186,
            "current_ratio": 223.1,
            "debt_ratio": 50.82,
            "inventory_turnover_ratio": 1.11,
            "account_receivable_turnover_ratio": 0.99,
            "reinvestment_rate": -90.9,
            "research_to_sale_ratio": 4.09,
            "price_fair": 39.9,
            "eps_avg_yearly": 1.14,
            "eps_latest_yearly": 3.2,
            "eps_growth_yearly": 510.65
        },
        "20213": {
            "year_quarter": 20213,
            "year": 2021,
            "quarter": 3,
            "eps": 0.82,
            "eps_growth_year": 110.26,
            "eps_4q": 2.54,
            "eps_4q_growth_year": null,
            "roe": 2.43,
            "roe_4q": 10.690000000000001,
            "gross_profit": 292706,
            "gross_margin": 20.08,
            "gross_margin_4q_avg": 21.45,
            "net_income": 96667,
            "net_income_4q": null,
            "revenue": 1457977,
            "revenue_4q": null,
            "common_shares": 1643246,
            "book_valuer_per_share": 16.89,
            "book_valuer_per_share_4q_avg": 16.97,
            "equity": 3969416,
            "current_ratio": 235.16,
            "debt_ratio": 49,
            "inventory_turnover_ratio": 1.04,
            "account_receivable_turnover_ratio": 0.98,
            "reinvestment_rate": -87.16,
            "research_to_sale_ratio": 4.55,
            "price_fair": 42.6,
            "eps_avg_yearly": 1.22,
            "eps_latest_yearly": 3.28,
            "eps_growth_yearly": 477.08
        },
        "20214": {
            "year_quarter": 20214,
            "year": 2021,
            "quarter": 4,
            "eps": 0.04,
            "eps_growth_year": -82.13,
            "eps_4q": 2.34,
            "eps_4q_growth_year": 143.03,
            "roe": -0.33,
            "roe_4q": 8.61,
            "gross_profit": 314784,
            "gross_margin": 18.78,
            "gross_margin_4q_avg": 20.17,
            "net_income": -13663,
            "net_income_4q": null,
            "revenue": 1676404,
            "revenue_4q": null,
            "common_shares": 1659694,
            "book_valuer_per_share": 17.22,
            "book_valuer_per_share_4q_avg": 17.04,
            "equity": 4270856,
            "current_ratio": 228.61,
            "debt_ratio": 48.01,
            "inventory_turnover_ratio": 1.07,
            "account_receivable_turnover_ratio": 1.11,
            "reinvestment_rate": -81.97,
            "research_to_sale_ratio": 4.64,
            "price_fair": 40.5,
            "eps_avg_yearly": 1.16,
            "eps_latest_yearly": 0.16,
            "eps_growth_yearly": 465.48
        },
        "20221": {
            "year_quarter": 20221,
            "year": 2022,
            "quarter": 1,
            "eps": 0.54,
            "eps_growth_year": -28,
            "eps_4q": 2.11,
            "eps_4q_growth_year": 24.92,
            "roe": 2.05,
            "roe_4q": 7.45,
            "gross_profit": 317785,
            "gross_margin": 19.43,
            "gross_margin_4q_avg": 19.79,
            "net_income": 88120,
            "net_income_4q": null,
            "revenue": 1635232,
            "revenue_4q": null,
            "common_shares": 1638061,
            "book_valuer_per_share": 17.27,
            "book_valuer_per_share_4q_avg": 17.17,
            "equity": 4329464,
            "current_ratio": 217.25,
            "debt_ratio": 48.67,
            "inventory_turnover_ratio": 0.91,
            "account_receivable_turnover_ratio": 0.97,
            "reinvestment_rate": -43.44,
            "research_to_sale_ratio": 4.33,
            "price_fair": 45.1,
            "eps_avg_yearly": 1.29,
            "eps_latest_yearly": 2.16,
            "eps_growth_yearly": 842.05
        },
        "20222": {
            "year_quarter": 20222,
            "year": 2022,
            "quarter": 2,
            "eps": 0.46,
            "eps_growth_year": -42.5,
            "eps_4q": 1.79,
            "eps_4q_growth_year": -18.69,
            "roe": 0.82,
            "roe_4q": 4.97,
            "gross_profit": 304147,
            "gross_margin": 18.22,
            "gross_margin_4q_avg": 19.13,
            "net_income": 34922,
            "net_income_4q": null,
            "revenue": 1669309,
            "revenue_4q": null,
            "common_shares": 1638061,
            "book_valuer_per_share": 17.53,
            "book_valuer_per_share_4q_avg": 17.23,
            "equity": 4234209,
            "current_ratio": 214.6,
            "debt_ratio": 50.08,
            "inventory_turnover_ratio": 0.92,
            "account_receivable_turnover_ratio": 1.01,
            "reinvestment_rate": 9.41,
            "research_to_sale_ratio": 5.21,
            "price_fair": 48.9,
            "eps_avg_yearly": 1.4,
            "eps_latest_yearly": 1.84,
            "eps_growth_yearly": 837.82
        },
        "20223": {
            "year_quarter": 20223,
            "year": 2022,
            "quarter": 3,
            "eps": 0.43,
            "eps_growth_year": -47.56,
            "eps_4q": 1.42,
            "eps_4q_growth_year": -43.93,
            "roe": -0.54,
            "roe_4q": 1.9999999999999996,
            "gross_profit": 262625,
            "gross_margin": 16.72,
            "gross_margin_4q_avg": 18.29,
            "net_income": -22944,
            "net_income_4q": null,
            "revenue": 1571087,
            "revenue_4q": null,
            "common_shares": 1638061,
            "book_valuer_per_share": 18.03,
            "book_valuer_per_share_4q_avg": 17.51,
            "equity": 4226086,
            "current_ratio": 237.06,
            "debt_ratio": 47.53,
            "inventory_turnover_ratio": 0.9,
            "account_receivable_turnover_ratio": 1.05,
            "reinvestment_rate": 16.92,
            "research_to_sale_ratio": 5.35,
            "price_fair": 51.5,
            "eps_avg_yearly": 1.47,
            "eps_latest_yearly": 1.72,
            "eps_growth_yearly": 803.81
        },
        "20224": {
            "year_quarter": 20224,
            "year": 2022,
            "quarter": 4,
            "eps": 0.38,
            "eps_growth_year": 739.18,
            "eps_4q": 1.76,
            "eps_4q_growth_year": -24.79,
            "roe": 0.28,
            "roe_4q": 2.61,
            "gross_profit": 272101,
            "gross_margin": 17.6,
            "gross_margin_4q_avg": 17.99,
            "net_income": 11831,
            "net_income_4q": null,
            "revenue": 1546178,
            "revenue_4q": null,
            "common_shares": 1638061,
            "book_valuer_per_share": 18.38,
            "book_valuer_per_share_4q_avg": 17.8,
            "equity": 4229070,
            "current_ratio": 215.97,
            "debt_ratio": 47.87,
            "inventory_turnover_ratio": 0.87,
            "account_receivable_turnover_ratio": 1.09,
            "reinvestment_rate": 23.02,
            "research_to_sale_ratio": 5.85,
            "price_fair": 54.5,
            "eps_avg_yearly": 1.56,
            "eps_latest_yearly": 1.52,
            "eps_growth_yearly": 815.62
        },
        "20231": {
            "year_quarter": 20231,
            "year": 2023,
            "quarter": 1,
            "eps": 0.34,
            "eps_growth_year": -37.04,
            "eps_4q": 1.57,
            "eps_4q_growth_year": -25.38,
            "roe": 0.43,
            "roe_4q": 0.9899999999999999,
            "gross_profit": 304186,
            "gross_margin": 21.99,
            "gross_margin_4q_avg": 18.63,
            "net_income": 18008,
            "net_income_4q": null,
            "revenue": 1383255,
            "revenue_4q": null,
            "common_shares": 1638061,
            "book_valuer_per_share": 17.36,
            "book_valuer_per_share_4q_avg": 17.83,
            "equity": 4063891,
            "current_ratio": 200.06,
            "debt_ratio": 50.48,
            "inventory_turnover_ratio": 0.76,
            "account_receivable_turnover_ratio": 0.99,
            "reinvestment_rate": 18.53,
            "research_to_sale_ratio": 5.32,
            "price_fair": 57.5,
            "eps_avg_yearly": 1.64,
            "eps_latest_yearly": 1.36,
            "eps_growth_yearly": 826.9
        },
        "20232": {
            "year_quarter": 20232,
            "year": 2023,
            "quarter": 2,
            "eps": 0.23,
            "eps_growth_year": -50,
            "eps_4q": 1.33,
            "eps_4q_growth_year": -25.31,
            "roe": -0.66,
            "roe_4q": -0.49000000000000005,
            "gross_profit": 298293,
            "gross_margin": 21.62,
            "gross_margin_4q_avg": 19.48,
            "net_income": -26358,
            "net_income_4q": null,
            "revenue": 1379720,
            "revenue_4q": null,
            "common_shares": 1600309,
            "book_valuer_per_share": 17.07,
            "book_valuer_per_share_4q_avg": 17.71,
            "equity": 3979410,
            "current_ratio": 178.76,
            "debt_ratio": 49.69,
            "inventory_turnover_ratio": 0.83,
            "account_receivable_turnover_ratio": 0.96,
            "reinvestment_rate": 18.18,
            "research_to_sale_ratio": 6.14,
            "price_fair": 58.5,
            "eps_avg_yearly": 1.67,
            "eps_latest_yearly": 0.92,
            "eps_growth_yearly": 753.37
        },
        "20233": {
            "year_quarter": 20233,
            "year": 2023,
            "quarter": 3,
            "eps": 0.26,
            "eps_growth_year": -39.53,
            "eps_4q": 1.11,
            "eps_4q_growth_year": -21.78,
            "roe": 0.39,
            "roe_4q": 0.44,
            "gross_profit": 319565,
            "gross_margin": 22.24,
            "gross_margin_4q_avg": 20.86,
            "net_income": 15859,
            "net_income_4q": null,
            "revenue": 1436805,
            "revenue_4q": null,
            "common_shares": 1693030,
            "book_valuer_per_share": 17.79,
            "book_valuer_per_share_4q_avg": 17.65,
            "equity": 4254806,
            "current_ratio": 176.24,
            "debt_ratio": 46.25,
            "inventory_turnover_ratio": 0.86,
            "account_receivable_turnover_ratio": 0.95,
            "reinvestment_rate": 24.79,
            "research_to_sale_ratio": 5.58,
            "price_fair": 59.8,
            "eps_avg_yearly": 1.71,
            "eps_latest_yearly": 1.04,
            "eps_growth_yearly": 757.09
        }
    },
    "months": {
        "2001-09": {
            "month": "2001-09",
            "price": "25.39",
            "revenue": 78455
        },
        "2001-10": {
            "month": "2001-10",
            "price": "27.29",
            "revenue": 87714
        },
        "2001-11": {
            "month": "2001-11",
            "price": "36.57",
            "revenue": 80672
        },
        "2001-12": {
            "month": "2001-12",
            "price": "41.95",
            "revenue": 70100
        },
        "2002-01": {
            "month": "2002-01",
            "price": "49.15",
            "revenue": 83894
        },
        "2002-02": {
            "month": "2002-02",
            "price": "53.40",
            "revenue": 67354
        },
        "2002-03": {
            "month": "2002-03",
            "price": "57.31",
            "revenue": 106475
        },
        "2002-04": {
            "month": "2002-04",
            "price": "55.90",
            "revenue": 107065
        },
        "2002-05": {
            "month": "2002-05",
            "price": "49.09",
            "revenue": 110103
        },
        "2002-06": {
            "month": "2002-06",
            "price": "46.08",
            "revenue": 101235
        },
        "2002-07": {
            "month": "2002-07",
            "price": "45.00",
            "revenue": 101134
        },
        "2002-08": {
            "month": "2002-08",
            "price": "41.99",
            "revenue": 96612
        },
        "2002-09": {
            "month": "2002-09",
            "price": "38.04",
            "revenue": 75390
        },
        "2002-10": {
            "month": "2002-10",
            "price": "36.14",
            "revenue": 63523
        },
        "2002-11": {
            "month": "2002-11",
            "price": "39.26",
            "revenue": 76488
        },
        "2002-12": {
            "month": "2002-12",
            "price": "41.30",
            "revenue": 65640
        },
        "2003-01": {
            "month": "2003-01",
            "price": "51.11",
            "revenue": 85997
        },
        "2003-02": {
            "month": "2003-02",
            "price": "48.71",
            "revenue": 59792
        },
        "2003-03": {
            "month": "2003-03",
            "price": "41.87",
            "revenue": 113507
        },
        "2003-04": {
            "month": "2003-04",
            "price": "34.85",
            "revenue": 113110
        },
        "2003-05": {
            "month": "2003-05",
            "price": "30.17",
            "revenue": 92518
        },
        "2003-06": {
            "month": "2003-06",
            "price": "33.23",
            "revenue": 91959
        },
        "2003-07": {
            "month": "2003-07",
            "price": "32.03",
            "revenue": 102587
        },
        "2003-08": {
            "month": "2003-08",
            "price": "29.87",
            "revenue": 70199
        },
        "2003-09": {
            "month": "2003-09",
            "price": "24.19",
            "revenue": 75252
        },
        "2003-10": {
            "month": "2003-10",
            "price": "22.06",
            "revenue": 70977
        },
        "2003-11": {
            "month": "2003-11",
            "price": "20.17",
            "revenue": 103082
        },
        "2003-12": {
            "month": "2003-12",
            "price": "21.46",
            "revenue": 47483
        },
        "2004-01": {
            "month": "2004-01",
            "price": "20.87",
            "revenue": 54054
        },
        "2004-02": {
            "month": "2004-02",
            "price": "21.02",
            "revenue": 81241
        },
        "2004-03": {
            "month": "2004-03",
            "price": "24.08",
            "revenue": 123471
        },
        "2004-04": {
            "month": "2004-04",
            "price": "25.58",
            "revenue": 113959
        },
        "2004-05": {
            "month": "2004-05",
            "price": "23.78",
            "revenue": 118982
        },
        "2004-06": {
            "month": "2004-06",
            "price": "23.09",
            "revenue": 91264
        },
        "2004-07": {
            "month": "2004-07",
            "price": "20.34",
            "revenue": 85500
        },
        "2004-08": {
            "month": "2004-08",
            "price": "17.08",
            "revenue": 115671
        },
        "2004-09": {
            "month": "2004-09",
            "price": "18.02",
            "revenue": 72079
        },
        "2004-10": {
            "month": "2004-10",
            "price": "18.02",
            "revenue": 71594
        },
        "2004-11": {
            "month": "2004-11",
            "price": "18.44",
            "revenue": 73278
        },
        "2004-12": {
            "month": "2004-12",
            "price": "19.71",
            "revenue": 67180
        },
        "2005-01": {
            "month": "2005-01",
            "price": "19.12",
            "revenue": 80264
        },
        "2005-02": {
            "month": "2005-02",
            "price": "21.68",
            "revenue": 71980
        },
        "2005-03": {
            "month": "2005-03",
            "price": "21.95",
            "revenue": 79392
        },
        "2005-04": {
            "month": "2005-04",
            "price": "19.26",
            "revenue": 69716
        },
        "2005-05": {
            "month": "2005-05",
            "price": "17.29",
            "revenue": 67860
        },
        "2005-06": {
            "month": "2005-06",
            "price": "18.08",
            "revenue": 56937
        },
        "2005-07": {
            "month": "2005-07",
            "price": "18.34",
            "revenue": 72194
        },
        "2005-08": {
            "month": "2005-08",
            "price": "17.80",
            "revenue": 233871
        },
        "2005-09": {
            "month": "2005-09",
            "price": "16.37",
            "revenue": 241302
        },
        "2005-10": {
            "month": "2005-10",
            "price": "15.19",
            "revenue": 226804
        },
        "2005-11": {
            "month": "2005-11",
            "price": "14.28",
            "revenue": 217348
        },
        "2005-12": {
            "month": "2005-12",
            "price": "14.64",
            "revenue": 257791
        },
        "2006-01": {
            "month": "2006-01",
            "price": "15.37",
            "revenue": 218430
        },
        "2006-02": {
            "month": "2006-02",
            "price": "14.85",
            "revenue": 234185
        },
        "2006-03": {
            "month": "2006-03",
            "price": "15.17",
            "revenue": 280372
        },
        "2006-04": {
            "month": "2006-04",
            "price": "16.05",
            "revenue": 226324
        },
        "2006-05": {
            "month": "2006-05",
            "price": "19.92",
            "revenue": 238669
        },
        "2006-06": {
            "month": "2006-06",
            "price": "20.38",
            "revenue": 257275
        },
        "2006-07": {
            "month": "2006-07",
            "price": "22.40",
            "revenue": 269819
        },
        "2006-08": {
            "month": "2006-08",
            "price": "23.70",
            "revenue": 290755
        },
        "2006-09": {
            "month": "2006-09",
            "price": "23.42",
            "revenue": 301966
        },
        "2006-10": {
            "month": "2006-10",
            "price": "24.84",
            "revenue": 285152
        },
        "2006-11": {
            "month": "2006-11",
            "price": "28.15",
            "revenue": 287602
        },
        "2006-12": {
            "month": "2006-12",
            "price": "31.65",
            "revenue": 302625
        },
        "2007-01": {
            "month": "2007-01",
            "price": "34.88",
            "revenue": 349220
        },
        "2007-02": {
            "month": "2007-02",
            "price": "34.54",
            "revenue": 267930
        },
        "2007-03": {
            "month": "2007-03",
            "price": "32.96",
            "revenue": 292218
        },
        "2007-04": {
            "month": "2007-04",
            "price": "34.85",
            "revenue": 300942
        },
        "2007-05": {
            "month": "2007-05",
            "price": "35.48",
            "revenue": 250911
        },
        "2007-06": {
            "month": "2007-06",
            "price": "38.94",
            "revenue": 282771
        },
        "2007-07": {
            "month": "2007-07",
            "price": "41.83",
            "revenue": 269795
        },
        "2007-08": {
            "month": "2007-08",
            "price": "40.11",
            "revenue": 303157
        },
        "2007-09": {
            "month": "2007-09",
            "price": "37.12",
            "revenue": 340988
        },
        "2007-10": {
            "month": "2007-10",
            "price": "37.20",
            "revenue": 333141
        },
        "2007-11": {
            "month": "2007-11",
            "price": "31.22",
            "revenue": 367636
        },
        "2007-12": {
            "month": "2007-12",
            "price": "29.21",
            "revenue": 360481
        },
        "2008-01": {
            "month": "2008-01",
            "price": "27.38",
            "revenue": 372017
        },
        "2008-02": {
            "month": "2008-02",
            "price": "25.92",
            "revenue": 275681
        },
        "2008-03": {
            "month": "2008-03",
            "price": "26.52",
            "revenue": 261228
        },
        "2008-04": {
            "month": "2008-04",
            "price": "28.11",
            "revenue": 275544
        },
        "2008-05": {
            "month": "2008-05",
            "price": "25.53",
            "revenue": 274113
        },
        "2008-06": {
            "month": "2008-06",
            "price": "20.86",
            "revenue": 270316
        },
        "2008-07": {
            "month": "2008-07",
            "price": "19.01",
            "revenue": 290919
        },
        "2008-08": {
            "month": "2008-08",
            "price": "18.30",
            "revenue": 260409
        },
        "2008-09": {
            "month": "2008-09",
            "price": "15.21",
            "revenue": 237241
        },
        "2008-10": {
            "month": "2008-10",
            "price": "11.70",
            "revenue": 270706
        },
        "2008-11": {
            "month": "2008-11",
            "price": "10.56",
            "revenue": 281376
        },
        "2008-12": {
            "month": "2008-12",
            "price": "10.12",
            "revenue": 339251
        },
        "2009-01": {
            "month": "2009-01",
            "price": "10.35",
            "revenue": 274884
        },
        "2009-02": {
            "month": "2009-02",
            "price": "10.26",
            "revenue": 223752
        },
        "2009-03": {
            "month": "2009-03",
            "price": "12.03",
            "revenue": 221638
        },
        "2009-04": {
            "month": "2009-04",
            "price": "14.24",
            "revenue": 210609
        },
        "2009-05": {
            "month": "2009-05",
            "price": "13.66",
            "revenue": 203313
        },
        "2009-06": {
            "month": "2009-06",
            "price": "12.34",
            "revenue": 243933
        },
        "2009-07": {
            "month": "2009-07",
            "price": "12.46",
            "revenue": 247617
        },
        "2009-08": {
            "month": "2009-08",
            "price": "13.44",
            "revenue": 265184
        },
        "2009-09": {
            "month": "2009-09",
            "price": "14.70",
            "revenue": 281328
        },
        "2009-10": {
            "month": "2009-10",
            "price": "19.27",
            "revenue": 259535
        },
        "2009-11": {
            "month": "2009-11",
            "price": "23.04",
            "revenue": 271356
        },
        "2009-12": {
            "month": "2009-12",
            "price": "25.55",
            "revenue": 321616
        },
        "2010-01": {
            "month": "2010-01",
            "price": "23.36",
            "revenue": 307677
        },
        "2010-02": {
            "month": "2010-02",
            "price": "20.26",
            "revenue": 222383
        },
        "2010-03": {
            "month": "2010-03",
            "price": "23.27",
            "revenue": 292465
        },
        "2010-04": {
            "month": "2010-04",
            "price": "23.90",
            "revenue": 270505
        },
        "2010-05": {
            "month": "2010-05",
            "price": "20.85",
            "revenue": 262891
        },
        "2010-06": {
            "month": "2010-06",
            "price": "21.62",
            "revenue": 247458
        },
        "2010-07": {
            "month": "2010-07",
            "price": "23.14",
            "revenue": 240614
        },
        "2010-08": {
            "month": "2010-08",
            "price": "23.88",
            "revenue": 255913
        },
        "2010-09": {
            "month": "2010-09",
            "price": "23.30",
            "revenue": 279697
        },
        "2010-10": {
            "month": "2010-10",
            "price": "23.31",
            "revenue": 279831
        },
        "2010-11": {
            "month": "2010-11",
            "price": "20.46",
            "revenue": 336913
        },
        "2010-12": {
            "month": "2010-12",
            "price": "20.84",
            "revenue": 355906
        },
        "2011-01": {
            "month": "2011-01",
            "price": "20.18",
            "revenue": 295942
        },
        "2011-02": {
            "month": "2011-02",
            "price": "18.13",
            "revenue": 214133
        },
        "2011-03": {
            "month": "2011-03",
            "price": "16.03",
            "revenue": 289377
        },
        "2011-04": {
            "month": "2011-04",
            "price": "15.74",
            "revenue": 234634
        },
        "2011-05": {
            "month": "2011-05",
            "price": "15.97",
            "revenue": 243148
        },
        "2011-06": {
            "month": "2011-06",
            "price": "14.55",
            "revenue": 267147
        },
        "2011-07": {
            "month": "2011-07",
            "price": "13.18",
            "revenue": 279391
        },
        "2011-08": {
            "month": "2011-08",
            "price": "10.87",
            "revenue": 303757
        },
        "2011-09": {
            "month": "2011-09",
            "price": "10.14",
            "revenue": 301340
        },
        "2011-10": {
            "month": "2011-10",
            "price": "10.26",
            "revenue": 244175
        },
        "2011-11": {
            "month": "2011-11",
            "price": "10.57",
            "revenue": 290481
        },
        "2011-12": {
            "month": "2011-12",
            "price": "9.89",
            "revenue": 262826
        },
        "2012-01": {
            "month": "2012-01",
            "price": "9.73",
            "revenue": 201686
        },
        "2012-02": {
            "month": "2012-02",
            "price": "11.22",
            "revenue": 251841
        },
        "2012-03": {
            "month": "2012-03",
            "price": "11.63",
            "revenue": 298491
        },
        "2012-04": {
            "month": "2012-04",
            "price": "10.66",
            "revenue": 277308
        },
        "2012-05": {
            "month": "2012-05",
            "price": "9.98",
            "revenue": 275552
        },
        "2012-06": {
            "month": "2012-06",
            "price": "9.79",
            "revenue": 248531
        },
        "2012-07": {
            "month": "2012-07",
            "price": "10.15",
            "revenue": 367020
        },
        "2012-08": {
            "month": "2012-08",
            "price": "11.10",
            "revenue": 403207
        },
        "2012-09": {
            "month": "2012-09",
            "price": "11.72",
            "revenue": 371226
        },
        "2012-10": {
            "month": "2012-10",
            "price": "11.18",
            "revenue": 378677
        },
        "2012-11": {
            "month": "2012-11",
            "price": "10.89",
            "revenue": 381254
        },
        "2012-12": {
            "month": "2012-12",
            "price": "11.66",
            "revenue": 386176
        },
        "2013-01": {
            "month": "2013-01",
            "price": "12.32",
            "revenue": 400463
        },
        "2013-02": {
            "month": "2013-02",
            "price": "12.85",
            "revenue": 301430
        },
        "2013-03": {
            "month": "2013-03",
            "price": "13.50",
            "revenue": 335208
        },
        "2013-04": {
            "month": "2013-04",
            "price": "16.47",
            "revenue": 338698
        },
        "2013-05": {
            "month": "2013-05",
            "price": "20.57",
            "revenue": 325588
        },
        "2013-06": {
            "month": "2013-06",
            "price": "19.12",
            "revenue": 300316
        },
        "2013-07": {
            "month": "2013-07",
            "price": "18.09",
            "revenue": 308294
        },
        "2013-08": {
            "month": "2013-08",
            "price": "16.03",
            "revenue": 332767
        },
        "2013-09": {
            "month": "2013-09",
            "price": "16.39",
            "revenue": 364290
        },
        "2013-10": {
            "month": "2013-10",
            "price": "16.94",
            "revenue": 359462
        },
        "2013-11": {
            "month": "2013-11",
            "price": "16.45",
            "revenue": 348779
        },
        "2013-12": {
            "month": "2013-12",
            "price": "17.41",
            "revenue": 375947
        },
        "2014-01": {
            "month": "2014-01",
            "price": "19.06",
            "revenue": 354041
        },
        "2014-02": {
            "month": "2014-02",
            "price": "18.30",
            "revenue": 271826
        },
        "2014-03": {
            "month": "2014-03",
            "price": "18.09",
            "revenue": 364433
        },
        "2014-04": {
            "month": "2014-04",
            "price": "16.78",
            "revenue": 346548
        },
        "2014-05": {
            "month": "2014-05",
            "price": "16.63",
            "revenue": 375051
        },
        "2014-06": {
            "month": "2014-06",
            "price": "17.04",
            "revenue": 339686
        },
        "2014-07": {
            "month": "2014-07",
            "price": "17.38",
            "revenue": 345510
        },
        "2014-08": {
            "month": "2014-08",
            "price": "16.70",
            "revenue": 391374
        },
        "2014-09": {
            "month": "2014-09",
            "price": "16.52",
            "revenue": 352103
        },
        "2014-10": {
            "month": "2014-10",
            "price": "15.71",
            "revenue": 381237
        },
        "2014-11": {
            "month": "2014-11",
            "price": "16.11",
            "revenue": 334390
        },
        "2014-12": {
            "month": "2014-12",
            "price": "16.92",
            "revenue": 359716
        },
        "2015-01": {
            "month": "2015-01",
            "price": "16.78",
            "revenue": 332050
        },
        "2015-02": {
            "month": "2015-02",
            "price": "16.25",
            "revenue": 277860
        },
        "2015-03": {
            "month": "2015-03",
            "price": "16.05",
            "revenue": 330451
        },
        "2015-04": {
            "month": "2015-04",
            "price": "15.25",
            "revenue": 323593
        },
        "2015-05": {
            "month": "2015-05",
            "price": "15.19",
            "revenue": 293004
        },
        "2015-06": {
            "month": "2015-06",
            "price": "14.71",
            "revenue": 337820
        },
        "2015-07": {
            "month": "2015-07",
            "price": "13.72",
            "revenue": 338370
        },
        "2015-08": {
            "month": "2015-08",
            "price": "13.60",
            "revenue": 348958
        },
        "2015-09": {
            "month": "2015-09",
            "price": "14.81",
            "revenue": 372122
        },
        "2015-10": {
            "month": "2015-10",
            "price": "14.70",
            "revenue": 347468
        },
        "2015-11": {
            "month": "2015-11",
            "price": "14.13",
            "revenue": 366004
        },
        "2015-12": {
            "month": "2015-12",
            "price": "13.77",
            "revenue": 390484
        },
        "2016-01": {
            "month": "2016-01",
            "price": "12.93",
            "revenue": 422842
        },
        "2016-02": {
            "month": "2016-02",
            "price": "14.27",
            "revenue": 320886
        },
        "2016-03": {
            "month": "2016-03",
            "price": "14.95",
            "revenue": 413290
        },
        "2016-04": {
            "month": "2016-04",
            "price": "14.32",
            "revenue": 337885
        },
        "2016-05": {
            "month": "2016-05",
            "price": "13.84",
            "revenue": 332985
        },
        "2016-06": {
            "month": "2016-06",
            "price": "13.97",
            "revenue": 329718
        },
        "2016-07": {
            "month": "2016-07",
            "price": "14.25",
            "revenue": 385013
        },
        "2016-08": {
            "month": "2016-08",
            "price": "14.86",
            "revenue": 444854
        },
        "2016-09": {
            "month": "2016-09",
            "price": "16.43",
            "revenue": 450532
        },
        "2016-10": {
            "month": "2016-10",
            "price": "16.78",
            "revenue": 553372
        },
        "2016-11": {
            "month": "2016-11",
            "price": "16.82",
            "revenue": 569357
        },
        "2016-12": {
            "month": "2016-12",
            "price": "18.39",
            "revenue": 540207
        },
        "2017-01": {
            "month": "2017-01",
            "price": "17.72",
            "revenue": 395072
        },
        "2017-02": {
            "month": "2017-02",
            "price": "17.08",
            "revenue": 264602
        },
        "2017-03": {
            "month": "2017-03",
            "price": "16.60",
            "revenue": 399922
        },
        "2017-04": {
            "month": "2017-04",
            "price": "15.66",
            "revenue": 386279
        },
        "2017-05": {
            "month": "2017-05",
            "price": "15.26",
            "revenue": 421780
        },
        "2017-06": {
            "month": "2017-06",
            "price": "15.28",
            "revenue": 436745
        },
        "2017-07": {
            "month": "2017-07",
            "price": "15.03",
            "revenue": 460587
        },
        "2017-08": {
            "month": "2017-08",
            "price": "15.13",
            "revenue": 509383
        },
        "2017-09": {
            "month": "2017-09",
            "price": "15.65",
            "revenue": 504150
        },
        "2017-10": {
            "month": "2017-10",
            "price": "15.36",
            "revenue": 481802
        },
        "2017-11": {
            "month": "2017-11",
            "price": "16.81",
            "revenue": 466613
        },
        "2017-12": {
            "month": "2017-12",
            "price": "16.27",
            "revenue": 491052
        },
        "2018-01": {
            "month": "2018-01",
            "price": "16.80",
            "revenue": 465678
        },
        "2018-02": {
            "month": "2018-02",
            "price": "15.74",
            "revenue": 329769
        },
        "2018-03": {
            "month": "2018-03",
            "price": "16.02",
            "revenue": 459249
        },
        "2018-04": {
            "month": "2018-04",
            "price": "15.82",
            "revenue": 442738
        },
        "2018-05": {
            "month": "2018-05",
            "price": "15.41",
            "revenue": 355270
        },
        "2018-06": {
            "month": "2018-06",
            "price": "15.32",
            "revenue": 413422
        },
        "2018-07": {
            "month": "2018-07",
            "price": "14.29",
            "revenue": 412279
        },
        "2018-08": {
            "month": "2018-08",
            "price": "14.53",
            "revenue": 472382
        },
        "2018-09": {
            "month": "2018-09",
            "price": "14.58",
            "revenue": 437732
        },
        "2018-10": {
            "month": "2018-10",
            "price": "12.48",
            "revenue": 465680
        },
        "2018-11": {
            "month": "2018-11",
            "price": "12.43",
            "revenue": 481273
        },
        "2018-12": {
            "month": "2018-12",
            "price": "13.62",
            "revenue": 466776
        },
        "2019-01": {
            "month": "2019-01",
            "price": "13.29",
            "revenue": 375424
        },
        "2019-02": {
            "month": "2019-02",
            "price": "13.05",
            "revenue": 355037
        },
        "2019-03": {
            "month": "2019-03",
            "price": "13.32",
            "revenue": 488195
        },
        "2019-04": {
            "month": "2019-04",
            "price": "13.59",
            "revenue": 393259
        },
        "2019-05": {
            "month": "2019-05",
            "price": "13.93",
            "revenue": 424645
        },
        "2019-06": {
            "month": "2019-06",
            "price": "15.78",
            "revenue": 384567
        },
        "2019-07": {
            "month": "2019-07",
            "price": "20.36",
            "revenue": 466564
        },
        "2019-08": {
            "month": "2019-08",
            "price": "22.43",
            "revenue": 519027
        },
        "2019-09": {
            "month": "2019-09",
            "price": "23.87",
            "revenue": 457814
        },
        "2019-10": {
            "month": "2019-10",
            "price": "23.09",
            "revenue": 432882
        },
        "2019-11": {
            "month": "2019-11",
            "price": "20.83",
            "revenue": 442707
        },
        "2019-12": {
            "month": "2019-12",
            "price": "19.42",
            "revenue": 459708
        },
        "2020-01": {
            "month": "2020-01",
            "price": "18.22",
            "revenue": 396253
        },
        "2020-02": {
            "month": "2020-02",
            "price": "16.54",
            "revenue": 284997
        },
        "2020-03": {
            "month": "2020-03",
            "price": "13.78",
            "revenue": 478830
        },
        "2020-04": {
            "month": "2020-04",
            "price": "13.47",
            "revenue": 501757
        },
        "2020-05": {
            "month": "2020-05",
            "price": "14.71",
            "revenue": 411162
        },
        "2020-06": {
            "month": "2020-06",
            "price": "14.85",
            "revenue": 390536
        },
        "2020-07": {
            "month": "2020-07",
            "price": "14.85",
            "revenue": 488735
        },
        "2020-08": {
            "month": "2020-08",
            "price": "15.59",
            "revenue": 507887
        },
        "2020-09": {
            "month": "2020-09",
            "price": "16.16",
            "revenue": 504961
        },
        "2020-10": {
            "month": "2020-10",
            "price": "16.09",
            "revenue": 543316
        },
        "2020-11": {
            "month": "2020-11",
            "price": "16.55",
            "revenue": 484271
        },
        "2020-12": {
            "month": "2020-12",
            "price": "19.15",
            "revenue": 446524
        },
        "2021-01": {
            "month": "2021-01",
            "price": "17.31",
            "revenue": 507417
        },
        "2021-02": {
            "month": "2021-02",
            "price": "17.55",
            "revenue": 366646
        },
        "2021-03": {
            "month": "2021-03",
            "price": "19.28",
            "revenue": 609686
        },
        "2021-04": {
            "month": "2021-04",
            "price": "22.34",
            "revenue": 538401
        },
        "2021-05": {
            "month": "2021-05",
            "price": "20.85",
            "revenue": 496222
        },
        "2021-06": {
            "month": "2021-06",
            "price": "20.67",
            "revenue": 493535
        },
        "2021-07": {
            "month": "2021-07",
            "price": "22.91",
            "revenue": 472845
        },
        "2021-08": {
            "month": "2021-08",
            "price": "22.93",
            "revenue": 518321
        },
        "2021-09": {
            "month": "2021-09",
            "price": "21.66",
            "revenue": 466812
        },
        "2021-10": {
            "month": "2021-10",
            "price": "19.56",
            "revenue": 529201
        },
        "2021-11": {
            "month": "2021-11",
            "price": "21.94",
            "revenue": 556170
        },
        "2021-12": {
            "month": "2021-12",
            "price": "23.49",
            "revenue": 591033
        },
        "2022-01": {
            "month": "2022-01",
            "price": "23.55",
            "revenue": 602942
        },
        "2022-02": {
            "month": "2022-02",
            "price": "24.83",
            "revenue": 441345
        },
        "2022-03": {
            "month": "2022-03",
            "price": "23.80",
            "revenue": 590944
        },
        "2022-04": {
            "month": "2022-04",
            "price": "21.72",
            "revenue": 573486
        },
        "2022-05": {
            "month": "2022-05",
            "price": "20.48",
            "revenue": 562492
        },
        "2022-06": {
            "month": "2022-06",
            "price": "20.21",
            "revenue": 533331
        },
        "2022-07": {
            "month": "2022-07",
            "price": "18.36",
            "revenue": 511005
        },
        "2022-08": {
            "month": "2022-08",
            "price": "19.21",
            "revenue": 518532
        },
        "2022-09": {
            "month": "2022-09",
            "price": "18.33",
            "revenue": 541550
        },
        "2022-10": {
            "month": "2022-10",
            "price": "17.84",
            "revenue": 502124
        },
        "2022-11": {
            "month": "2022-11",
            "price": "18.52",
            "revenue": 536032
        },
        "2022-12": {
            "month": "2022-12",
            "price": "18.65",
            "revenue": 508148
        },
        "2023-01": {
            "month": "2023-01",
            "price": "18.69",
            "revenue": 497377
        },
        "2023-02": {
            "month": "2023-02",
            "price": "19.65",
            "revenue": 412427
        },
        "2023-03": {
            "month": "2023-03",
            "price": "20.84",
            "revenue": 473451
        },
        "2023-04": {
            "month": "2023-04",
            "price": "22.65",
            "revenue": 438458
        },
        "2023-05": {
            "month": "2023-05",
            "price": "22.93",
            "revenue": 441978
        },
        "2023-06": {
            "month": "2023-06",
            "price": "23.37",
            "revenue": 499284
        },
        "2023-07": {
            "month": "2023-07",
            "price": "23.70",
            "revenue": 514744
        },
        "2023-08": {
            "month": "2023-08",
            "price": "23.99",
            "revenue": 481665
        },
        "2023-09": {
            "month": "2023-09",
            "price": "23.06",
            "revenue": 440396
        },
        "2023-10": {
            "month": "2023-10",
            "price": "22.69",
            "revenue": 477280
        },
        "2023-11": {
            "month": "2023-11",
            "price": "24.28",
            "revenue": 480348
        },
        "2023-12": {
            "month": "2023-12",
            "price": "22.99",
            "revenue": 521779
        }
    }
}
