{
    "summary": {
        "stock_name": "良得電",
        "stock_id": "2462",
        "category": "電子零組件",
        "main_business": "電腦系統及電器類電源傳輸線組.資訊週邊產品訊號聯結線<br>通訊系統高效連接線組.智能電動車充電線纜",
        "website_url": "http://www.linetek.com.tw",
        "ceo": "陳龍水",
        "pe_ratio": 16,
        "report_year_from": 2001,
        "report_year_to": 2023,
        "age": 23,
        "eps_negative_percentage": 0,
        "eps_growth_avg": {
            "last_all": 7.8,
            "last_2y": 31.58,
            "last_4y": 37.66,
            "last_8y": 1.92,
            "last_12y": -1.4,
            "last_16y": 3.94,
            "last_20y": 8.17,
            "at_2006_last_3y": 26.12,
            "at_2007_last_3y": 6.34,
            "at_2008_last_3y": 20.91,
            "at_2009_last_3y": 31.33,
            "at_2010_last_3y": 21.32,
            "at_2011_last_3y": 24.55,
            "at_2012_last_3y": 20.29,
            "at_2013_last_3y": -13.55,
            "at_2014_last_3y": -8.88,
            "at_2015_last_3y": -15.74,
            "at_2016_last_3y": -23.18,
            "at_2017_last_3y": -34.51,
            "at_2018_last_3y": -42.75,
            "at_2019_last_3y": -19.34,
            "at_2020_last_3y": -12.27,
            "at_2021_last_3y": 6.47,
            "at_2022_last_3y": 42.38,
            "at_2023_last_3y": 22.08,
            "at_2024_last_3y": 22.08,
            "at_2006_last_all": 20.89,
            "at_2007_last_all": 20.89,
            "at_2008_last_all": 19.63,
            "at_2009_last_all": 29.67,
            "at_2010_last_all": 21.08,
            "at_2011_last_all": 22.36,
            "at_2012_last_all": 19.87,
            "at_2013_last_all": 15.26,
            "at_2014_last_all": 11.86,
            "at_2015_last_all": 11.47,
            "at_2016_last_all": 8.39,
            "at_2017_last_all": 2.82,
            "at_2018_last_all": -0.99,
            "at_2019_last_all": 4.62,
            "at_2020_last_all": 4.04,
            "at_2021_last_all": 3.55,
            "at_2022_last_all": 7.27,
            "at_2023_last_all": 7.8,
            "at_2024_last_all": 7.8
        },
        "latest_eps": 2.52,
        "latest_price": 39.55,
        "latest_roe": 13.18,
        "latest_gross_margin": 19.63,
        "latest_equity": 2953578,
        "latest_revenue": 1079976,
        "latest_gross_profit": 212041,
        "latest_net_income": 171194,
        "latest_debt_ratio": 45.79,
        "latest_current_ratio": 181.49,
        "latest_account_receivable_turnover_ratio": 0.71,
        "latest_inventory_turnover_ratio": 1.36,
        "latest_reinvestment_rate": 74.96,
        "latest_research_to_sale_ratio": 1.85
    },
    "eps_dividends": {
        "1994": {
            "cash": 0.4,
            "stock": 0,
            "eps": 0
        },
        "1995": {
            "cash": 0,
            "stock": 1,
            "eps": 0
        },
        "1996": {
            "cash": 0.4,
            "stock": 0.6,
            "eps": 0
        },
        "1997": {
            "cash": 0,
            "stock": 1.2,
            "eps": 0
        },
        "1998": {
            "cash": 0,
            "stock": 2,
            "eps": 0
        },
        "1999": {
            "cash": 0,
            "stock": 2,
            "eps": 0
        },
        "2000": {
            "cash": 0,
            "stock": 1,
            "eps": 0
        },
        "2001": {
            "cash": 0,
            "stock": 0,
            "eps": 0.52
        },
        "2002": {
            "cash": 0.4,
            "stock": 0,
            "eps": 0.52
        },
        "2003": {
            "cash": 0.3,
            "stock": 0.2,
            "eps": 2.01
        },
        "2004": {
            "cash": 1,
            "stock": 0.5,
            "eps": 1.08
        },
        "2005": {
            "cash": 0.9,
            "stock": 0,
            "eps": 1.71
        },
        "2006": {
            "cash": 1,
            "stock": 0.4,
            "eps": 1.58
        },
        "2007": {
            "cash": 1,
            "stock": 0.3,
            "eps": 1.91
        },
        "2008": {
            "cash": 1.2,
            "stock": 0.4,
            "eps": 2.14
        },
        "2009": {
            "cash": 1.2,
            "stock": 0.4,
            "eps": 5.14
        },
        "2010": {
            "cash": 3,
            "stock": 0,
            "eps": 2.69
        },
        "2011": {
            "cash": 4.5,
            "stock": 0.8,
            "eps": 3.6
        },
        "2012": {
            "cash": 0,
            "stock": 0,
            "eps": 3.42
        },
        "2013": {
            "cash": 2.5,
            "stock": 0,
            "eps": 2.21
        },
        "2014": {
            "cash": 1.4,
            "stock": 0.5,
            "eps": 1.57
        },
        "2015": {
            "cash": 1.1,
            "stock": 0,
            "eps": 1.67
        },
        "2016": {
            "cash": 0.2,
            "stock": 0.8,
            "eps": 1.09
        },
        "2017": {
            "cash": 0.6,
            "stock": 0,
            "eps": 0.21
        },
        "2018": {
            "cash": 0,
            "stock": 0,
            "eps": 0.08
        },
        "2019": {
            "cash": 0.5,
            "stock": 0,
            "eps": 0.93
        },
        "2020": {
            "cash": 0.7,
            "stock": 0,
            "eps": 0.87
        },
        "2021": {
            "cash": 0.8,
            "stock": 0,
            "eps": 0.82
        },
        "2022": {
            "cash": 0.6,
            "stock": 0,
            "eps": 1.49
        },
        "2023": {
            "cash": 0.3,
            "stock": 0.3,
            "eps": 1.77
        }
    },
    "dividends": {
        "1994-06-08": {
            "cash": 0.4,
            "stock": 0
        },
        "1995-05-15": {
            "cash": 0,
            "stock": 1
        },
        "1996-06-25": {
            "cash": 0.4,
            "stock": 0.6
        },
        "1997-06-16": {
            "cash": 0,
            "stock": 1.2
        },
        "1998-06-16": {
            "cash": 0,
            "stock": 2
        },
        "1999-06-08": {
            "cash": 0,
            "stock": 2
        },
        "2000-06-19": {
            "cash": 0,
            "stock": 1
        },
        "2002-06-24": {
            "cash": 0.4,
            "stock": 0
        },
        "2003-04-08": {
            "cash": 0.3,
            "stock": 0.2
        },
        "2004-04-13": {
            "cash": 1,
            "stock": 0.5
        },
        "2005-04-06": {
            "cash": 0.9,
            "stock": 0
        },
        "2006-04-10": {
            "cash": 1,
            "stock": 0.4
        },
        "2007-04-17": {
            "cash": 1,
            "stock": 0.3
        },
        "2008-03-14": {
            "cash": 1.2,
            "stock": 0.4
        },
        "2009-03-30": {
            "cash": 1.2,
            "stock": 0.4
        },
        "2010-03-30": {
            "cash": 3,
            "stock": 0
        },
        "2011-01-01": {
            "cash": 2.5,
            "stock": 0.5
        },
        "2011-03-18": {
            "cash": 2,
            "stock": 0.3
        },
        "2013-03-11": {
            "cash": 2.5,
            "stock": 0
        },
        "2014-11-06": {
            "cash": 1.4,
            "stock": 0.5
        },
        "2015-07-22": {
            "cash": 1.1,
            "stock": 0
        },
        "2016-08-26": {
            "cash": 0.2,
            "stock": 0.8
        },
        "2017-08-16": {
            "cash": 0.6,
            "stock": 0
        },
        "2019-08-01": {
            "cash": 0.5,
            "stock": 0
        },
        "2020-08-06": {
            "cash": 0.7,
            "stock": 0
        },
        "2021-08-27": {
            "cash": 0.8,
            "stock": 0
        },
        "2022-08-05": {
            "cash": 0.6,
            "stock": 0
        },
        "2023-09-28": {
            "cash": 0.3,
            "stock": 0.3
        }
    },
    "prices": {
        "200101": "無",
        "200102": "無",
        "200103": "無",
        "200104": "無",
        "200105": "無",
        "200106": "無",
        "200107": "無",
        "200108": "無",
        "200109": "15.34",
        "200110": "15.88",
        "200111": "16.90",
        "200112": "17.73",
        "200201": "22.95",
        "200202": "22.99",
        "200203": "32.38",
        "200204": "31.17",
        "200205": "24.88",
        "200206": "24.02",
        "200207": "20.66",
        "200208": "19.84",
        "200209": "18.08",
        "200210": "20.85",
        "200211": "20.83",
        "200212": "22.82",
        "200301": "23.32",
        "200302": "22.56",
        "200303": "19.92",
        "200304": "18.67",
        "200305": "17.70",
        "200306": "20.49",
        "200307": "21.43",
        "200308": "18.39",
        "200309": "15.67",
        "200310": "15.45",
        "200311": "16.78",
        "200312": "17.03",
        "200401": "17.28",
        "200402": "19.83",
        "200403": "18.79",
        "200404": "18.36",
        "200405": "16.21",
        "200406": "15.62",
        "200407": "13.92",
        "200408": "13.88",
        "200409": "12.16",
        "200410": "11.38",
        "200411": "11.52",
        "200412": "11.28",
        "200501": "10.75",
        "200502": "11.36",
        "200503": "12.48",
        "200504": "11.53",
        "200505": "11.45",
        "200506": "12.65",
        "200507": "14.65",
        "200508": "13.14",
        "200509": "11.77",
        "200510": "11.07",
        "200511": "11.81",
        "200512": "13.65",
        "200601": "15.25",
        "200602": "14.67",
        "200603": "15.25",
        "200604": "15.95",
        "200605": "15.26",
        "200606": "13.99",
        "200607": "14.05",
        "200608": "14.30",
        "200609": "13.84",
        "200610": "15.06",
        "200611": "16.48",
        "200612": "18.99",
        "200701": "19.76",
        "200702": "19.25",
        "200703": "21.68",
        "200704": "22.77",
        "200705": "22.88",
        "200706": "24.98",
        "200707": "26.09",
        "200708": "23.07",
        "200709": "24.21",
        "200710": "22.70",
        "200711": "19.21",
        "200712": "18.04",
        "200801": "17.50",
        "200802": "17.30",
        "200803": "18.15",
        "200804": "18.95",
        "200805": "17.56",
        "200806": "16.19",
        "200807": "12.06",
        "200808": "13.71",
        "200809": "12.74",
        "200810": "11.70",
        "200811": "11.28",
        "200812": "11.55",
        "200901": "11.21",
        "200902": "11.48",
        "200903": "13.51",
        "200904": "20.02",
        "200905": "27.18",
        "200906": "30.25",
        "200907": "33.04",
        "200908": "42.37",
        "200909": "56.03",
        "200910": "55.75",
        "200911": "49.23",
        "200912": "51.40",
        "201001": "55.15",
        "201002": "53.62",
        "201003": "55.72",
        "201004": "56.45",
        "201005": "49.18",
        "201006": "42.71",
        "201007": "39.78",
        "201008": "38.85",
        "201009": "36.74",
        "201010": "33.49",
        "201011": "30.71",
        "201012": "33.13",
        "201101": "32.23",
        "201102": "32.01",
        "201103": "34.38",
        "201104": "34.90",
        "201105": "31.23",
        "201106": "30.75",
        "201107": "29.45",
        "201108": "23.67",
        "201109": "24.34",
        "201110": "25.38",
        "201111": "25.31",
        "201112": "23.42",
        "201201": "25.59",
        "201202": "29.11",
        "201203": "33.37",
        "201204": "32.84",
        "201205": "33.05",
        "201206": "31.91",
        "201207": "33.20",
        "201208": "32.25",
        "201209": "32.41",
        "201210": "30.68",
        "201211": "29.58",
        "201212": "29.77",
        "201301": "30.64",
        "201302": "31.35",
        "201303": "31.45",
        "201304": "30.85",
        "201305": "30.47",
        "201306": "28.94",
        "201307": "27.83",
        "201308": "24.03",
        "201309": "24.82",
        "201310": "24.92",
        "201311": "24.86",
        "201312": "26.02",
        "201401": "28.89",
        "201402": "34.88",
        "201403": "32.19",
        "201404": "29.57",
        "201405": "29.30",
        "201406": "32.85",
        "201407": "32.63",
        "201408": "30.72",
        "201409": "29.56",
        "201410": "23.48",
        "201411": "22.98",
        "201412": "23.93",
        "201501": "24.55",
        "201502": "24.01",
        "201503": "24.25",
        "201504": "22.70",
        "201505": "21.87",
        "201506": "19.77",
        "201507": "16.50",
        "201508": "14.61",
        "201509": "15.00",
        "201510": "15.92",
        "201511": "15.50",
        "201512": "17.21",
        "201601": "16.13",
        "201602": "17.06",
        "201603": "17.69",
        "201604": "17.56",
        "201605": "17.46",
        "201606": "17.43",
        "201607": "17.81",
        "201608": "17.83",
        "201609": "19.01",
        "201610": "20.01",
        "201611": "19.52",
        "201612": "20.51",
        "201701": "20.84",
        "201702": "21.49",
        "201703": "22.17",
        "201704": "21.92",
        "201705": "22.75",
        "201706": "23.52",
        "201707": "25.01",
        "201708": "26.65",
        "201709": "27.20",
        "201710": "32.43",
        "201711": "33.06",
        "201712": "30.58",
        "201801": "31.55",
        "201802": "29.87",
        "201803": "30.18",
        "201804": "26.15",
        "201805": "26.17",
        "201806": "28.72",
        "201807": "29.14",
        "201808": "28.19",
        "201809": "27.47",
        "201810": "26.38",
        "201811": "26.42",
        "201812": "27.62",
        "201901": "27.26",
        "201902": "27.74",
        "201903": "27.64",
        "201904": "28.62",
        "201905": "28.32",
        "201906": "27.87",
        "201907": "29.51",
        "201908": "31.45",
        "201909": "30.96",
        "201910": "29.45",
        "201911": "29.05",
        "201912": "28.70",
        "202001": "28.51",
        "202002": "25.78",
        "202003": "25.30",
        "202004": "25.02",
        "202005": "26.61",
        "202006": "26.38",
        "202007": "26.19",
        "202008": "25.77",
        "202009": "24.97",
        "202010": "24.46",
        "202011": "26.17",
        "202012": "30.87",
        "202101": "28.39",
        "202102": "28.34",
        "202103": "29.11",
        "202104": "32.76",
        "202105": "30.39",
        "202106": "31.56",
        "202107": "31.08",
        "202108": "28.22",
        "202109": "26.96",
        "202110": "26.29",
        "202111": "30.15",
        "202112": "28.74",
        "202201": "28.10",
        "202202": "34.85",
        "202203": "34.33",
        "202204": "30.50",
        "202205": "27.44",
        "202206": "27.15",
        "202207": "25.75",
        "202208": "28.12",
        "202209": "25.95",
        "202210": "24.54",
        "202211": "25.59",
        "202212": "28.31",
        "202301": "28.05",
        "202302": "31.21",
        "202303": "32.09",
        "202304": "31.89",
        "202305": "31.23",
        "202306": "32.88",
        "202307": "31.25",
        "202308": "36.89",
        "202309": "38.96",
        "202310": "38.93",
        "202311": "39.67",
        "202312": "38.78"
    },
    "quarters": {
        "20011": {
            "year_quarter": 20011,
            "year": 2001,
            "quarter": 1,
            "eps": 0.41,
            "eps_growth_year": -10.87,
            "eps_4q": 0.94,
            "eps_4q_growth_year": -25.85,
            "roe": 3.11,
            "roe_4q": 3.11,
            "gross_profit": 27110,
            "gross_margin": 11.16,
            "gross_margin_4q_avg": 11.16,
            "net_income": 21725,
            "net_income_4q": null,
            "revenue": 243008,
            "revenue_4q": null,
            "common_shares": 526814,
            "book_valuer_per_share": 13.47,
            "book_valuer_per_share_4q_avg": 13.47,
            "equity": 709711,
            "current_ratio": 394.29,
            "debt_ratio": 20.55,
            "inventory_turnover_ratio": 2.83,
            "account_receivable_turnover_ratio": null,
            "reinvestment_rate": null,
            "research_to_sale_ratio": null,
            "price_fair": 0,
            "eps_avg_yearly": 0,
            "eps_latest_yearly": 0,
            "eps_growth_yearly": 0
        },
        "20012": {
            "year_quarter": 20012,
            "year": 2001,
            "quarter": 2,
            "eps": 0.04,
            "eps_growth_year": -89.47,
            "eps_4q": 0.62,
            "eps_4q_growth_year": -56.25,
            "roe": 0.29,
            "roe_4q": 3.4,
            "gross_profit": 21326,
            "gross_margin": 9.2,
            "gross_margin_4q_avg": 10.18,
            "net_income": 2020,
            "net_income_4q": null,
            "revenue": 231818,
            "revenue_4q": null,
            "common_shares": 526814,
            "book_valuer_per_share": 13.27,
            "book_valuer_per_share_4q_avg": 13.37,
            "equity": 699201,
            "current_ratio": 347.04,
            "debt_ratio": 22.07,
            "inventory_turnover_ratio": 6.5,
            "account_receivable_turnover_ratio": null,
            "reinvestment_rate": null,
            "research_to_sale_ratio": null,
            "price_fair": 0,
            "eps_avg_yearly": 0,
            "eps_latest_yearly": 0,
            "eps_growth_yearly": 0
        },
        "20013": {
            "year_quarter": 20013,
            "year": 2001,
            "quarter": 3,
            "eps": -0.06,
            "eps_growth_year": -175,
            "eps_4q": 0.45,
            "eps_4q_growth_year": -66.02,
            "roe": -0.5,
            "roe_4q": 2.9,
            "gross_profit": 23197,
            "gross_margin": 9.74,
            "gross_margin_4q_avg": 10.03,
            "net_income": -3499,
            "net_income_4q": null,
            "revenue": 238180,
            "revenue_4q": null,
            "common_shares": 526814,
            "book_valuer_per_share": 13.14,
            "book_valuer_per_share_4q_avg": 13.29,
            "equity": 692449,
            "current_ratio": 395.95,
            "debt_ratio": 22.05,
            "inventory_turnover_ratio": 7.8,
            "account_receivable_turnover_ratio": null,
            "reinvestment_rate": null,
            "research_to_sale_ratio": null,
            "price_fair": 0,
            "eps_avg_yearly": 0,
            "eps_latest_yearly": 0,
            "eps_growth_yearly": 0
        },
        "20014": {
            "year_quarter": 20014,
            "year": 2001,
            "quarter": 4,
            "eps": 0.13,
            "eps_growth_year": 85.71,
            "eps_4q": 0.48,
            "eps_4q_growth_year": -52.34,
            "roe": 1.07,
            "roe_4q": 3.9699999999999998,
            "gross_profit": 29478,
            "gross_margin": 12.22,
            "gross_margin_4q_avg": 10.58,
            "net_income": 7489,
            "net_income_4q": null,
            "revenue": 241202,
            "revenue_4q": null,
            "common_shares": 557471,
            "book_valuer_per_share": 12.66,
            "book_valuer_per_share_4q_avg": 13.14,
            "equity": 705561,
            "current_ratio": 175.35,
            "debt_ratio": 41.21,
            "inventory_turnover_ratio": 4.12,
            "account_receivable_turnover_ratio": null,
            "reinvestment_rate": null,
            "research_to_sale_ratio": null,
            "price_fair": 0,
            "eps_avg_yearly": 0,
            "eps_latest_yearly": 0,
            "eps_growth_yearly": 0
        },
        "20021": {
            "year_quarter": 20021,
            "year": 2002,
            "quarter": 1,
            "eps": 0.5,
            "eps_growth_year": 21.95,
            "eps_4q": 0.61,
            "eps_4q_growth_year": -34.98,
            "roe": 3.85,
            "roe_4q": 4.71,
            "gross_profit": 31622,
            "gross_margin": 11.63,
            "gross_margin_4q_avg": 10.7,
            "net_income": 27687,
            "net_income_4q": null,
            "revenue": 271922,
            "revenue_4q": null,
            "common_shares": 557471,
            "book_valuer_per_share": 13.15,
            "book_valuer_per_share_4q_avg": 13.06,
            "equity": 733249,
            "current_ratio": 321,
            "debt_ratio": 23.8,
            "inventory_turnover_ratio": 4.14,
            "account_receivable_turnover_ratio": null,
            "reinvestment_rate": null,
            "research_to_sale_ratio": null,
            "price_fair": 70,
            "eps_avg_yearly": 2,
            "eps_latest_yearly": 2,
            "eps_growth_yearly": 1138.46
        },
        "20022": {
            "year_quarter": 20022,
            "year": 2002,
            "quarter": 2,
            "eps": -0.46,
            "eps_growth_year": -1250,
            "eps_4q": 0.11,
            "eps_4q_growth_year": -82.53,
            "roe": -3.64,
            "roe_4q": 0.78,
            "gross_profit": 35366,
            "gross_margin": 10.62,
            "gross_margin_4q_avg": 11.05,
            "net_income": -25630,
            "net_income_4q": null,
            "revenue": 333071,
            "revenue_4q": null,
            "common_shares": 557471,
            "book_valuer_per_share": 12.12,
            "book_valuer_per_share_4q_avg": 12.77,
            "equity": 675817,
            "current_ratio": 278.29,
            "debt_ratio": 26.87,
            "inventory_turnover_ratio": 10.81,
            "account_receivable_turnover_ratio": null,
            "reinvestment_rate": null,
            "research_to_sale_ratio": null,
            "price_fair": 70,
            "eps_avg_yearly": 2,
            "eps_latest_yearly": 2,
            "eps_growth_yearly": 1138.46
        },
        "20023": {
            "year_quarter": 20023,
            "year": 2002,
            "quarter": 3,
            "eps": 0.36,
            "eps_growth_year": null,
            "eps_4q": 0.53,
            "eps_4q_growth_year": 18.09,
            "roe": 2.91,
            "roe_4q": 4.19,
            "gross_profit": 44094,
            "gross_margin": 13.32,
            "gross_margin_4q_avg": 11.95,
            "net_income": 20067,
            "net_income_4q": null,
            "revenue": 331141,
            "revenue_4q": null,
            "common_shares": 557471,
            "book_valuer_per_share": 12.59,
            "book_valuer_per_share_4q_avg": 12.63,
            "equity": 701646,
            "current_ratio": 269.62,
            "debt_ratio": 27.54,
            "inventory_turnover_ratio": 14.98,
            "account_receivable_turnover_ratio": null,
            "reinvestment_rate": null,
            "research_to_sale_ratio": null,
            "price_fair": 70,
            "eps_avg_yearly": 2,
            "eps_latest_yearly": 2,
            "eps_growth_yearly": 1138.46
        },
        "20024": {
            "year_quarter": 20024,
            "year": 2002,
            "quarter": 4,
            "eps": 0.12,
            "eps_growth_year": -7.69,
            "eps_4q": 0.53,
            "eps_4q_growth_year": 9.27,
            "roe": 0.93,
            "roe_4q": 4.050000000000001,
            "gross_profit": 54094,
            "gross_margin": 17.46,
            "gross_margin_4q_avg": 13.26,
            "net_income": 6538,
            "net_income_4q": null,
            "revenue": 309891,
            "revenue_4q": null,
            "common_shares": 557471,
            "book_valuer_per_share": 12.69,
            "book_valuer_per_share_4q_avg": 12.64,
            "equity": 707306,
            "current_ratio": 160.44,
            "debt_ratio": 44.03,
            "inventory_turnover_ratio": 5.02,
            "account_receivable_turnover_ratio": null,
            "reinvestment_rate": 60.23,
            "research_to_sale_ratio": null,
            "price_fair": 43.4,
            "eps_avg_yearly": 1.24,
            "eps_latest_yearly": 0.48,
            "eps_growth_yearly": 435.9
        },
        "20031": {
            "year_quarter": 20031,
            "year": 2003,
            "quarter": 1,
            "eps": 0.36,
            "eps_growth_year": -28,
            "eps_4q": 0.38,
            "eps_4q_growth_year": -37.94,
            "roe": 2.77,
            "roe_4q": 2.97,
            "gross_profit": 48426,
            "gross_margin": 16.71,
            "gross_margin_4q_avg": 14.53,
            "net_income": 19855,
            "net_income_4q": null,
            "revenue": 289825,
            "revenue_4q": null,
            "common_shares": 557471,
            "book_valuer_per_share": 13.04,
            "book_valuer_per_share_4q_avg": 12.61,
            "equity": 727161,
            "current_ratio": 285.1,
            "debt_ratio": 24.68,
            "inventory_turnover_ratio": 5.08,
            "account_receivable_turnover_ratio": null,
            "reinvestment_rate": -49.96,
            "research_to_sale_ratio": null,
            "price_fair": 45.73,
            "eps_avg_yearly": 1.31,
            "eps_latest_yearly": 1.44,
            "eps_growth_yearly": 557.26
        },
        "20032": {
            "year_quarter": 20032,
            "year": 2003,
            "quarter": 2,
            "eps": 0.16,
            "eps_growth_year": null,
            "eps_4q": 0.97,
            "eps_4q_growth_year": 793.61,
            "roe": 1.27,
            "roe_4q": 7.88,
            "gross_profit": 40706,
            "gross_margin": 13.63,
            "gross_margin_4q_avg": 15.28,
            "net_income": 9185,
            "net_income_4q": null,
            "revenue": 298684,
            "revenue_4q": null,
            "common_shares": 557471,
            "book_valuer_per_share": 12.84,
            "book_valuer_per_share_4q_avg": 12.79,
            "equity": 715752,
            "current_ratio": 270.9,
            "debt_ratio": 24.91,
            "inventory_turnover_ratio": 16.48,
            "account_receivable_turnover_ratio": null,
            "reinvestment_rate": -65.47,
            "research_to_sale_ratio": null,
            "price_fair": 39.9,
            "eps_avg_yearly": 1.14,
            "eps_latest_yearly": 0.64,
            "eps_growth_yearly": 362.39
        },
        "20033": {
            "year_quarter": 20033,
            "year": 2003,
            "quarter": 3,
            "eps": 0.54,
            "eps_growth_year": 50,
            "eps_4q": 1.16,
            "eps_4q_growth_year": 118.56,
            "roe": 4.24,
            "roe_4q": 9.209999999999999,
            "gross_profit": 59972,
            "gross_margin": 17.64,
            "gross_margin_4q_avg": 16.36,
            "net_income": 30931,
            "net_income_4q": null,
            "revenue": 339928,
            "revenue_4q": null,
            "common_shares": 568621,
            "book_valuer_per_share": 13.07,
            "book_valuer_per_share_4q_avg": 12.91,
            "equity": 743319,
            "current_ratio": 261.24,
            "debt_ratio": 25.39,
            "inventory_turnover_ratio": 17.32,
            "account_receivable_turnover_ratio": null,
            "reinvestment_rate": -57.8,
            "research_to_sale_ratio": null,
            "price_fair": 47.04,
            "eps_avg_yearly": 1.34,
            "eps_latest_yearly": 2.16,
            "eps_growth_yearly": 479.91
        },
        "20034": {
            "year_quarter": 20034,
            "year": 2003,
            "quarter": 4,
            "eps": 0.95,
            "eps_growth_year": 691.67,
            "eps_4q": 2,
            "eps_4q_growth_year": 280.59,
            "roe": 7.02,
            "roe_4q": 15.299999999999999,
            "gross_profit": 45579,
            "gross_margin": 10.68,
            "gross_margin_4q_avg": 14.67,
            "net_income": 54148,
            "net_income_4q": null,
            "revenue": 426958,
            "revenue_4q": null,
            "common_shares": 568621,
            "book_valuer_per_share": 14.04,
            "book_valuer_per_share_4q_avg": 13.25,
            "equity": 798532,
            "current_ratio": 158.31,
            "debt_ratio": 43.81,
            "inventory_turnover_ratio": 5.23,
            "account_receivable_turnover_ratio": null,
            "reinvestment_rate": -11.32,
            "research_to_sale_ratio": null,
            "price_fair": 61.37,
            "eps_avg_yearly": 1.75,
            "eps_latest_yearly": 3.8,
            "eps_growth_yearly": 450.55
        },
        "20041": {
            "year_quarter": 20041,
            "year": 2004,
            "quarter": 1,
            "eps": 0.22,
            "eps_growth_year": -38.89,
            "eps_4q": 1.89,
            "eps_4q_growth_year": 401.32,
            "roe": 1.54,
            "roe_4q": 14.069999999999999,
            "gross_profit": 45078,
            "gross_margin": 13.59,
            "gross_margin_4q_avg": 13.89,
            "net_income": 12393,
            "net_income_4q": null,
            "revenue": 331694,
            "revenue_4q": null,
            "common_shares": 568621,
            "book_valuer_per_share": 14.17,
            "book_valuer_per_share_4q_avg": 13.53,
            "equity": 805729,
            "current_ratio": 257.53,
            "debt_ratio": 25.38,
            "inventory_turnover_ratio": 3.88,
            "account_receivable_turnover_ratio": null,
            "reinvestment_rate": -51.98,
            "research_to_sale_ratio": null,
            "price_fair": 57,
            "eps_avg_yearly": 1.63,
            "eps_latest_yearly": 0.88,
            "eps_growth_yearly": 342.27
        },
        "20042": {
            "year_quarter": 20042,
            "year": 2004,
            "quarter": 2,
            "eps": 0.18,
            "eps_growth_year": 12.5,
            "eps_4q": 1.93,
            "eps_4q_growth_year": 98.64,
            "roe": 1.29,
            "roe_4q": 14.09,
            "gross_profit": 24984,
            "gross_margin": 7.25,
            "gross_margin_4q_avg": 12.29,
            "net_income": 10052,
            "net_income_4q": null,
            "revenue": 344402,
            "revenue_4q": null,
            "common_shares": 568621,
            "book_valuer_per_share": 13.25,
            "book_valuer_per_share_4q_avg": 13.63,
            "equity": 753580,
            "current_ratio": 222.94,
            "debt_ratio": 28.06,
            "inventory_turnover_ratio": 22.62,
            "account_receivable_turnover_ratio": null,
            "reinvestment_rate": -53.71,
            "research_to_sale_ratio": null,
            "price_fair": 53.03,
            "eps_avg_yearly": 1.52,
            "eps_latest_yearly": 0.72,
            "eps_growth_yearly": 290.4
        },
        "20043": {
            "year_quarter": 20043,
            "year": 2004,
            "quarter": 3,
            "eps": 0.39,
            "eps_growth_year": -27.78,
            "eps_4q": 1.66,
            "eps_4q_growth_year": 43.26,
            "roe": 3.06,
            "roe_4q": 12.91,
            "gross_profit": 43441,
            "gross_margin": 10.11,
            "gross_margin_4q_avg": 10.41,
            "net_income": 23457,
            "net_income_4q": null,
            "revenue": 429802,
            "revenue_4q": null,
            "common_shares": 597052,
            "book_valuer_per_share": 13.03,
            "book_valuer_per_share_4q_avg": 13.62,
            "equity": 778188,
            "current_ratio": 196.5,
            "debt_ratio": 33.52,
            "inventory_turnover_ratio": 39.53,
            "account_receivable_turnover_ratio": null,
            "reinvestment_rate": -48.34,
            "research_to_sale_ratio": null,
            "price_fair": 53.2,
            "eps_avg_yearly": 1.52,
            "eps_latest_yearly": 1.56,
            "eps_growth_yearly": 309.98
        },
        "20044": {
            "year_quarter": 20044,
            "year": 2004,
            "quarter": 4,
            "eps": 0.29,
            "eps_growth_year": -69.47,
            "eps_4q": 1.07,
            "eps_4q_growth_year": -46.6,
            "roe": 2.19,
            "roe_4q": 8.08,
            "gross_profit": 47856,
            "gross_margin": 11.14,
            "gross_margin_4q_avg": 10.52,
            "net_income": 17083,
            "net_income_4q": null,
            "revenue": 429621,
            "revenue_4q": null,
            "common_shares": 597052,
            "book_valuer_per_share": 13.12,
            "book_valuer_per_share_4q_avg": 13.39,
            "equity": 783293,
            "current_ratio": 163.6,
            "debt_ratio": 42.7,
            "inventory_turnover_ratio": 5.7,
            "account_receivable_turnover_ratio": null,
            "reinvestment_rate": -37.84,
            "research_to_sale_ratio": null,
            "price_fair": 51.94,
            "eps_avg_yearly": 1.48,
            "eps_latest_yearly": 1.16,
            "eps_growth_yearly": 268.73
        },
        "20051": {
            "year_quarter": 20051,
            "year": 2005,
            "quarter": 1,
            "eps": 0.37,
            "eps_growth_year": 68.18,
            "eps_4q": 1.22,
            "eps_4q_growth_year": -35.69,
            "roe": 2.78,
            "roe_4q": 9.32,
            "gross_profit": 43994,
            "gross_margin": 12.38,
            "gross_margin_4q_avg": 10.22,
            "net_income": 22085,
            "net_income_4q": null,
            "revenue": 355394,
            "revenue_4q": null,
            "common_shares": 597052,
            "book_valuer_per_share": 13.45,
            "book_valuer_per_share_4q_avg": 13.21,
            "equity": 803309,
            "current_ratio": 235.24,
            "debt_ratio": 27.83,
            "inventory_turnover_ratio": 4.59,
            "account_receivable_turnover_ratio": null,
            "reinvestment_rate": -44.42,
            "research_to_sale_ratio": null,
            "price_fair": 51.93,
            "eps_avg_yearly": 1.48,
            "eps_latest_yearly": 1.48,
            "eps_growth_yearly": 254.33
        },
        "20052": {
            "year_quarter": 20052,
            "year": 2005,
            "quarter": 2,
            "eps": 0.1,
            "eps_growth_year": -44.44,
            "eps_4q": 1.11,
            "eps_4q_growth_year": -42.57,
            "roe": 0.8,
            "roe_4q": 8.83,
            "gross_profit": 41305,
            "gross_margin": 11.27,
            "gross_margin_4q_avg": 11.23,
            "net_income": 6226,
            "net_income_4q": null,
            "revenue": 366508,
            "revenue_4q": null,
            "common_shares": 597052,
            "book_valuer_per_share": 12.59,
            "book_valuer_per_share_4q_avg": 13.05,
            "equity": 751547,
            "current_ratio": 192.94,
            "debt_ratio": 31.81,
            "inventory_turnover_ratio": 34.04,
            "account_receivable_turnover_ratio": null,
            "reinvestment_rate": -41.47,
            "research_to_sale_ratio": null,
            "price_fair": 48.77,
            "eps_avg_yearly": 1.39,
            "eps_latest_yearly": 0.4,
            "eps_growth_yearly": 208.81
        },
        "20053": {
            "year_quarter": 20053,
            "year": 2005,
            "quarter": 3,
            "eps": 0.71,
            "eps_growth_year": 82.05,
            "eps_4q": 1.47,
            "eps_4q_growth_year": -11.71,
            "roe": 5.46,
            "roe_4q": 11.229999999999999,
            "gross_profit": 48738,
            "gross_margin": 10.64,
            "gross_margin_4q_avg": 11.36,
            "net_income": 42480,
            "net_income_4q": null,
            "revenue": 457988,
            "revenue_4q": null,
            "common_shares": 597052,
            "book_valuer_per_share": 13.49,
            "book_valuer_per_share_4q_avg": 13.16,
            "equity": 805627,
            "current_ratio": 181.65,
            "debt_ratio": 34.92,
            "inventory_turnover_ratio": 53.78,
            "account_receivable_turnover_ratio": null,
            "reinvestment_rate": -33.79,
            "research_to_sale_ratio": null,
            "price_fair": 52.66,
            "eps_avg_yearly": 1.5,
            "eps_latest_yearly": 2.84,
            "eps_growth_yearly": 380.44
        },
        "20054": {
            "year_quarter": 20054,
            "year": 2005,
            "quarter": 4,
            "eps": 0.53,
            "eps_growth_year": 82.76,
            "eps_4q": 1.71,
            "eps_4q_growth_year": 59.83,
            "roe": 3.88,
            "roe_4q": 12.92,
            "gross_profit": 38583,
            "gross_margin": 8.59,
            "gross_margin_4q_avg": 10.72,
            "net_income": 31823,
            "net_income_4q": null,
            "revenue": 449107,
            "revenue_4q": null,
            "common_shares": 597052,
            "book_valuer_per_share": 14,
            "book_valuer_per_share_4q_avg": 13.38,
            "equity": 836128,
            "current_ratio": 154.82,
            "debt_ratio": 49.22,
            "inventory_turnover_ratio": 4.43,
            "account_receivable_turnover_ratio": null,
            "reinvestment_rate": -22.71,
            "research_to_sale_ratio": null,
            "price_fair": 54.2,
            "eps_avg_yearly": 1.55,
            "eps_latest_yearly": 2.12,
            "eps_growth_yearly": 346.02
        },
        "20061": {
            "year_quarter": 20061,
            "year": 2006,
            "quarter": 1,
            "eps": 0.13,
            "eps_growth_year": -64.86,
            "eps_4q": 1.44,
            "eps_4q_growth_year": 18.06,
            "roe": 0.95,
            "roe_4q": 11.09,
            "gross_profit": 31065,
            "gross_margin": 7.9,
            "gross_margin_4q_avg": 9.6,
            "net_income": 8007,
            "net_income_4q": null,
            "revenue": 393078,
            "revenue_4q": null,
            "common_shares": 597052,
            "book_valuer_per_share": 14.1,
            "book_valuer_per_share_4q_avg": 13.55,
            "equity": 842057,
            "current_ratio": 208.01,
            "debt_ratio": 28.19,
            "inventory_turnover_ratio": 3.85,
            "account_receivable_turnover_ratio": null,
            "reinvestment_rate": -31.73,
            "research_to_sale_ratio": null,
            "price_fair": 50.5,
            "eps_avg_yearly": 1.44,
            "eps_latest_yearly": 0.52,
            "eps_growth_yearly": 243.14
        },
        "20062": {
            "year_quarter": 20062,
            "year": 2006,
            "quarter": 2,
            "eps": 0.5,
            "eps_growth_year": 400,
            "eps_4q": 1.88,
            "eps_4q_growth_year": 69.8,
            "roe": 3.64,
            "roe_4q": 13.93,
            "gross_profit": 36339,
            "gross_margin": 7.99,
            "gross_margin_4q_avg": 8.78,
            "net_income": 29872,
            "net_income_4q": null,
            "revenue": 454634,
            "revenue_4q": null,
            "common_shares": 597052,
            "book_valuer_per_share": 13.42,
            "book_valuer_per_share_4q_avg": 13.75,
            "equity": 801157,
            "current_ratio": 154.85,
            "debt_ratio": 36.27,
            "inventory_turnover_ratio": 29.42,
            "account_receivable_turnover_ratio": null,
            "reinvestment_rate": -26.05,
            "research_to_sale_ratio": null,
            "price_fair": 51.8,
            "eps_avg_yearly": 1.48,
            "eps_latest_yearly": 2,
            "eps_growth_yearly": 302.83
        },
        "20063": {
            "year_quarter": 20063,
            "year": 2006,
            "quarter": 3,
            "eps": 0.62,
            "eps_growth_year": -12.68,
            "eps_4q": 1.75,
            "eps_4q_growth_year": 19.18,
            "roe": 4.64,
            "roe_4q": 13.11,
            "gross_profit": 50793,
            "gross_margin": 8.84,
            "gross_margin_4q_avg": 8.33,
            "net_income": 38230,
            "net_income_4q": null,
            "revenue": 574447,
            "revenue_4q": null,
            "common_shares": 620934,
            "book_valuer_per_share": 13.65,
            "book_valuer_per_share_4q_avg": 13.79,
            "equity": 847769,
            "current_ratio": 139.52,
            "debt_ratio": 42.4,
            "inventory_turnover_ratio": 31.77,
            "account_receivable_turnover_ratio": null,
            "reinvestment_rate": -24.39,
            "research_to_sale_ratio": null,
            "price_fair": 53.99,
            "eps_avg_yearly": 1.54,
            "eps_latest_yearly": 2.48,
            "eps_growth_yearly": 289.9
        },
        "20064": {
            "year_quarter": 20064,
            "year": 2006,
            "quarter": 4,
            "eps": 0.33,
            "eps_growth_year": -37.74,
            "eps_4q": 1.55,
            "eps_4q_growth_year": -9.15,
            "roe": 2.4,
            "roe_4q": 11.629999999999999,
            "gross_profit": 56425,
            "gross_margin": 8.53,
            "gross_margin_4q_avg": 8.32,
            "net_income": 20542,
            "net_income_4q": null,
            "revenue": 661134,
            "revenue_4q": null,
            "common_shares": 620934,
            "book_valuer_per_share": 13.96,
            "book_valuer_per_share_4q_avg": 13.78,
            "equity": 866695,
            "current_ratio": 130.91,
            "debt_ratio": 58.28,
            "inventory_turnover_ratio": 5.07,
            "account_receivable_turnover_ratio": null,
            "reinvestment_rate": 1.47,
            "research_to_sale_ratio": null,
            "price_fair": 55.83,
            "eps_avg_yearly": 1.6,
            "eps_latest_yearly": 1.32,
            "eps_growth_yearly": 294.88
        },
        "20071": {
            "year_quarter": 20071,
            "year": 2007,
            "quarter": 1,
            "eps": 0.49,
            "eps_growth_year": 276.92,
            "eps_4q": 1.92,
            "eps_4q_growth_year": 33.39,
            "roe": 3.4,
            "roe_4q": 14.08,
            "gross_profit": 43550,
            "gross_margin": 9.34,
            "gross_margin_4q_avg": 8.68,
            "net_income": 30429,
            "net_income_4q": null,
            "revenue": 466483,
            "revenue_4q": null,
            "common_shares": 620934,
            "book_valuer_per_share": 14.86,
            "book_valuer_per_share_4q_avg": 13.97,
            "equity": 922757,
            "current_ratio": 198.62,
            "debt_ratio": 40.75,
            "inventory_turnover_ratio": 3.66,
            "account_receivable_turnover_ratio": null,
            "reinvestment_rate": -9.46,
            "research_to_sale_ratio": null,
            "price_fair": 56.96,
            "eps_avg_yearly": 1.63,
            "eps_latest_yearly": 1.96,
            "eps_growth_yearly": 257
        },
        "20072": {
            "year_quarter": 20072,
            "year": 2007,
            "quarter": 2,
            "eps": 0.51,
            "eps_growth_year": 2,
            "eps_4q": 1.96,
            "eps_4q_growth_year": 4.23,
            "roe": 3.41,
            "roe_4q": 13.850000000000001,
            "gross_profit": 50039,
            "gross_margin": 9.02,
            "gross_margin_4q_avg": 8.93,
            "net_income": 31437,
            "net_income_4q": null,
            "revenue": 554475,
            "revenue_4q": null,
            "common_shares": 643888,
            "book_valuer_per_share": 14.3,
            "book_valuer_per_share_4q_avg": 14.19,
            "equity": 920635,
            "current_ratio": 199.44,
            "debt_ratio": 37.31,
            "inventory_turnover_ratio": 78.52,
            "account_receivable_turnover_ratio": null,
            "reinvestment_rate": -1.54,
            "research_to_sale_ratio": null,
            "price_fair": 60.03,
            "eps_avg_yearly": 1.72,
            "eps_latest_yearly": 2.04,
            "eps_growth_yearly": 271.91
        },
        "20073": {
            "year_quarter": 20073,
            "year": 2007,
            "quarter": 3,
            "eps": 0.54,
            "eps_growth_year": -12.9,
            "eps_4q": 1.8,
            "eps_4q_growth_year": 2.68,
            "roe": 3.73,
            "roe_4q": 12.940000000000001,
            "gross_profit": 62359,
            "gross_margin": 9.08,
            "gross_margin_4q_avg": 8.99,
            "net_income": 35394,
            "net_income_4q": null,
            "revenue": 686940,
            "revenue_4q": null,
            "common_shares": 656107,
            "book_valuer_per_share": 14.92,
            "book_valuer_per_share_4q_avg": 14.51,
            "equity": 978745,
            "current_ratio": 169.46,
            "debt_ratio": 41.73,
            "inventory_turnover_ratio": 58,
            "account_receivable_turnover_ratio": null,
            "reinvestment_rate": -1.4,
            "research_to_sale_ratio": null,
            "price_fair": 60.03,
            "eps_avg_yearly": 1.72,
            "eps_latest_yearly": 2.16,
            "eps_growth_yearly": 214
        },
        "20074": {
            "year_quarter": 20074,
            "year": 2007,
            "quarter": 4,
            "eps": 0.37,
            "eps_growth_year": 12.12,
            "eps_4q": 1.87,
            "eps_4q_growth_year": 20.2,
            "roe": 2.43,
            "roe_4q": 12.97,
            "gross_profit": 58263,
            "gross_margin": 8.54,
            "gross_margin_4q_avg": 9,
            "net_income": 24049,
            "net_income_4q": null,
            "revenue": 682158,
            "revenue_4q": null,
            "common_shares": 675009,
            "book_valuer_per_share": 14.85,
            "book_valuer_per_share_4q_avg": 14.73,
            "equity": 1002056,
            "current_ratio": 145.88,
            "debt_ratio": 56.34,
            "inventory_turnover_ratio": 4.34,
            "account_receivable_turnover_ratio": null,
            "reinvestment_rate": 7.31,
            "research_to_sale_ratio": null,
            "price_fair": 54.95,
            "eps_avg_yearly": 1.57,
            "eps_latest_yearly": 1.48,
            "eps_growth_yearly": 187.15
        },
        "20081": {
            "year_quarter": 20081,
            "year": 2008,
            "quarter": 1,
            "eps": -0.17,
            "eps_growth_year": -134.69,
            "eps_4q": 1.19,
            "eps_4q_growth_year": -37.84,
            "roe": -1.15,
            "roe_4q": 8.42,
            "gross_profit": 89866,
            "gross_margin": 13.48,
            "gross_margin_4q_avg": 10.03,
            "net_income": -11344,
            "net_income_4q": null,
            "revenue": 666833,
            "revenue_4q": null,
            "common_shares": 675009,
            "book_valuer_per_share": 14.48,
            "book_valuer_per_share_4q_avg": 14.64,
            "equity": 977279,
            "current_ratio": 151.06,
            "debt_ratio": 54.29,
            "inventory_turnover_ratio": 2.06,
            "account_receivable_turnover_ratio": null,
            "reinvestment_rate": 63.48,
            "research_to_sale_ratio": null,
            "price_fair": 56.56,
            "eps_avg_yearly": 1.62,
            "eps_latest_yearly": 1.48,
            "eps_growth_yearly": 220.12
        },
        "20082": {
            "year_quarter": 20082,
            "year": 2008,
            "quarter": 2,
            "eps": 0.28,
            "eps_growth_year": -45.1,
            "eps_4q": 0.98,
            "eps_4q_growth_year": -49.89,
            "roe": 2.04,
            "roe_4q": 7.050000000000001,
            "gross_profit": 103221,
            "gross_margin": 17.88,
            "gross_margin_4q_avg": 12.25,
            "net_income": 19219,
            "net_income_4q": null,
            "revenue": 577170,
            "revenue_4q": null,
            "common_shares": 675009,
            "book_valuer_per_share": 13.41,
            "book_valuer_per_share_4q_avg": 14.42,
            "equity": 905323,
            "current_ratio": 140.56,
            "debt_ratio": 58.33,
            "inventory_turnover_ratio": 1.64,
            "account_receivable_turnover_ratio": null,
            "reinvestment_rate": 61.11,
            "research_to_sale_ratio": null,
            "price_fair": 58.8,
            "eps_avg_yearly": 1.68,
            "eps_latest_yearly": 1.48,
            "eps_growth_yearly": 241.04
        },
        "20083": {
            "year_quarter": 20083,
            "year": 2008,
            "quarter": 3,
            "eps": 1.41,
            "eps_growth_year": 161.11,
            "eps_4q": 1.86,
            "eps_4q_growth_year": 3.75,
            "roe": 10.23,
            "roe_4q": 13.549999999999999,
            "gross_profit": 155934,
            "gross_margin": 12.5,
            "gross_margin_4q_avg": 13.1,
            "net_income": 99006,
            "net_income_4q": null,
            "revenue": 1247450,
            "revenue_4q": null,
            "common_shares": 702010,
            "book_valuer_per_share": 14.68,
            "book_valuer_per_share_4q_avg": 14.36,
            "equity": 1030691,
            "current_ratio": 139.52,
            "debt_ratio": 60.52,
            "inventory_turnover_ratio": 3.38,
            "account_receivable_turnover_ratio": null,
            "reinvestment_rate": 56.6,
            "research_to_sale_ratio": null,
            "price_fair": 69,
            "eps_avg_yearly": 1.97,
            "eps_latest_yearly": 5.64,
            "eps_growth_yearly": 323.01
        },
        "20084": {
            "year_quarter": 20084,
            "year": 2008,
            "quarter": 4,
            "eps": 0.62,
            "eps_growth_year": 67.57,
            "eps_4q": 2.15,
            "eps_4q_growth_year": 15.24,
            "roe": 4.08,
            "roe_4q": 15.200000000000001,
            "gross_profit": 144980,
            "gross_margin": 15.82,
            "gross_margin_4q_avg": 14.92,
            "net_income": 43287,
            "net_income_4q": null,
            "revenue": 916525,
            "revenue_4q": null,
            "common_shares": 702010,
            "book_valuer_per_share": 15.53,
            "book_valuer_per_share_4q_avg": 14.53,
            "equity": 1090415,
            "current_ratio": 152.77,
            "debt_ratio": 55.38,
            "inventory_turnover_ratio": 2.5,
            "account_receivable_turnover_ratio": null,
            "reinvestment_rate": 12.87,
            "research_to_sale_ratio": null,
            "price_fair": 72.3,
            "eps_avg_yearly": 2.07,
            "eps_latest_yearly": 2.48,
            "eps_growth_yearly": 314.33
        },
        "20091": {
            "year_quarter": 20091,
            "year": 2009,
            "quarter": 1,
            "eps": 1.17,
            "eps_growth_year": null,
            "eps_4q": 3.47,
            "eps_4q_growth_year": 190.99,
            "roe": 7.21,
            "roe_4q": 23.56,
            "gross_profit": 128707,
            "gross_margin": 19.87,
            "gross_margin_4q_avg": 16.52,
            "net_income": 82217,
            "net_income_4q": null,
            "revenue": 647670,
            "revenue_4q": null,
            "common_shares": 702010,
            "book_valuer_per_share": 16.96,
            "book_valuer_per_share_4q_avg": 15.15,
            "equity": 1190265,
            "current_ratio": 171.61,
            "debt_ratio": 44.11,
            "inventory_turnover_ratio": 2.24,
            "account_receivable_turnover_ratio": null,
            "reinvestment_rate": 49.02,
            "research_to_sale_ratio": null,
            "price_fair": 80.3,
            "eps_avg_yearly": 2.29,
            "eps_latest_yearly": 4.68,
            "eps_growth_yearly": 331.79
        },
        "20092": {
            "year_quarter": 20092,
            "year": 2009,
            "quarter": 2,
            "eps": 1.65,
            "eps_growth_year": 489.29,
            "eps_4q": 4.84,
            "eps_4q_growth_year": 393.77,
            "roe": 9.35,
            "roe_4q": 30.87,
            "gross_profit": 238380,
            "gross_margin": 26.52,
            "gross_margin_4q_avg": 18.68,
            "net_income": 116028,
            "net_income_4q": null,
            "revenue": 898745,
            "revenue_4q": null,
            "common_shares": 772412,
            "book_valuer_per_share": 16.71,
            "book_valuer_per_share_4q_avg": 15.97,
            "equity": 1290586,
            "current_ratio": 171.62,
            "debt_ratio": 45.88,
            "inventory_turnover_ratio": 2.91,
            "account_receivable_turnover_ratio": 1.65,
            "reinvestment_rate": 40.25,
            "research_to_sale_ratio": null,
            "price_fair": 95.8,
            "eps_avg_yearly": 2.74,
            "eps_latest_yearly": 6.6,
            "eps_growth_yearly": 364.36
        },
        "20093": {
            "year_quarter": 20093,
            "year": 2009,
            "quarter": 3,
            "eps": 1.5,
            "eps_growth_year": 6.38,
            "eps_4q": 4.72,
            "eps_4q_growth_year": 152.92,
            "roe": 8.38,
            "roe_4q": 29.020000000000003,
            "gross_profit": 162810,
            "gross_margin": 14.41,
            "gross_margin_4q_avg": 19.16,
            "net_income": 112650,
            "net_income_4q": null,
            "revenue": 1129585,
            "revenue_4q": null,
            "common_shares": 805756,
            "book_valuer_per_share": 17.34,
            "book_valuer_per_share_4q_avg": 16.64,
            "equity": 1396797,
            "current_ratio": 164.17,
            "debt_ratio": 50.11,
            "inventory_turnover_ratio": 3.38,
            "account_receivable_turnover_ratio": 0.91,
            "reinvestment_rate": 38.13,
            "research_to_sale_ratio": null,
            "price_fair": 103.7,
            "eps_avg_yearly": 2.96,
            "eps_latest_yearly": 6,
            "eps_growth_yearly": 187.48
        },
        "20094": {
            "year_quarter": 20094,
            "year": 2009,
            "quarter": 4,
            "eps": 0.82,
            "eps_growth_year": 32.26,
            "eps_4q": 4.86,
            "eps_4q_growth_year": 126.15,
            "roe": 4.42,
            "roe_4q": 29.36,
            "gross_profit": 215110,
            "gross_margin": 19.76,
            "gross_margin_4q_avg": 20.14,
            "net_income": 63038,
            "net_income_4q": null,
            "revenue": 1088810,
            "revenue_4q": null,
            "common_shares": 805756,
            "book_valuer_per_share": 18.07,
            "book_valuer_per_share_4q_avg": 17.27,
            "equity": 1455703,
            "current_ratio": 164.95,
            "debt_ratio": 50.27,
            "inventory_turnover_ratio": 2.7,
            "account_receivable_turnover_ratio": 0.76,
            "reinvestment_rate": 11.71,
            "research_to_sale_ratio": null,
            "price_fair": 106.6,
            "eps_avg_yearly": 3.05,
            "eps_latest_yearly": 3.28,
            "eps_growth_yearly": 181.77
        },
        "20101": {
            "year_quarter": 20101,
            "year": 2010,
            "quarter": 1,
            "eps": null,
            "eps_growth_year": null,
            "eps_4q": null,
            "eps_4q_growth_year": null,
            "roe": null,
            "roe_4q": 22.15,
            "gross_profit": 124344,
            "gross_margin": null,
            "gross_margin_4q_avg": 15.17,
            "net_income": 39270,
            "net_income_4q": null,
            "revenue": 902201,
            "revenue_4q": null,
            "common_shares": 805756,
            "book_valuer_per_share": 18.49,
            "book_valuer_per_share_4q_avg": 17.65,
            "equity": 1489964,
            "current_ratio": 171.5,
            "debt_ratio": 47.9,
            "inventory_turnover_ratio": null,
            "account_receivable_turnover_ratio": null,
            "reinvestment_rate": null,
            "research_to_sale_ratio": null,
            "price_fair": 113.4,
            "eps_avg_yearly": 3.24,
            "eps_latest_yearly": 3.28,
            "eps_growth_yearly": 218.97
        },
        "20102": {
            "year_quarter": 20102,
            "year": 2010,
            "quarter": 2,
            "eps": 1.22,
            "eps_growth_year": -25.76,
            "eps_4q": 3.41,
            "eps_4q_growth_year": -29.68,
            "roe": 6.93,
            "roe_4q": 19.73,
            "gross_profit": 190831,
            "gross_margin": 16.23,
            "gross_margin_4q_avg": 12.6,
            "net_income": 98705,
            "net_income_4q": null,
            "revenue": 1175815,
            "revenue_4q": null,
            "common_shares": 805756,
            "book_valuer_per_share": 16.85,
            "book_valuer_per_share_4q_avg": 17.69,
            "equity": 1357665,
            "current_ratio": 143.94,
            "debt_ratio": 56.81,
            "inventory_turnover_ratio": 2.28,
            "account_receivable_turnover_ratio": 1.51,
            "reinvestment_rate": 57.43,
            "research_to_sale_ratio": null,
            "price_fair": 117.02,
            "eps_avg_yearly": 3.34,
            "eps_latest_yearly": 3.28,
            "eps_growth_yearly": 142.35
        },
        "20103": {
            "year_quarter": 20103,
            "year": 2010,
            "quarter": 3,
            "eps": 1.1,
            "eps_growth_year": -26.52,
            "eps_4q": 3.11,
            "eps_4q_growth_year": -34.07,
            "roe": 6.38,
            "roe_4q": 17.729999999999997,
            "gross_profit": 203444,
            "gross_margin": 16.53,
            "gross_margin_4q_avg": 13.13,
            "net_income": 88810,
            "net_income_4q": null,
            "revenue": 1230614,
            "revenue_4q": null,
            "common_shares": 805756,
            "book_valuer_per_share": 17.73,
            "book_valuer_per_share_4q_avg": 17.79,
            "equity": 1428294,
            "current_ratio": 149.16,
            "debt_ratio": 55.43,
            "inventory_turnover_ratio": 2.54,
            "account_receivable_turnover_ratio": 0.77,
            "reinvestment_rate": 56.98,
            "research_to_sale_ratio": 1,
            "price_fair": 122.62,
            "eps_avg_yearly": 3.5,
            "eps_latest_yearly": 4.4,
            "eps_growth_yearly": 131.07
        },
        "20104": {
            "year_quarter": 20104,
            "year": 2010,
            "quarter": 4,
            "eps": 0.37,
            "eps_growth_year": -55.08,
            "eps_4q": 2.7,
            "eps_4q_growth_year": -44.58,
            "roe": 2.1,
            "roe_4q": 15.41,
            "gross_profit": 163255,
            "gross_margin": 16.18,
            "gross_margin_4q_avg": 12.24,
            "net_income": 29677,
            "net_income_4q": null,
            "revenue": 1008871,
            "revenue_4q": null,
            "common_shares": 805756,
            "book_valuer_per_share": 17.33,
            "book_valuer_per_share_4q_avg": 17.6,
            "equity": 1395973,
            "current_ratio": 151.39,
            "debt_ratio": 52.99,
            "inventory_turnover_ratio": 2.35,
            "account_receivable_turnover_ratio": 0.68,
            "reinvestment_rate": 35.32,
            "research_to_sale_ratio": -0.03,
            "price_fair": 123.08,
            "eps_avg_yearly": 3.52,
            "eps_latest_yearly": 1.48,
            "eps_growth_yearly": 124.54
        },
        "20111": {
            "year_quarter": 20111,
            "year": 2011,
            "quarter": 1,
            "eps": 0.27,
            "eps_growth_year": null,
            "eps_4q": 2.97,
            "eps_4q_growth_year": null,
            "roe": 1.55,
            "roe_4q": 16.96,
            "gross_profit": 89914,
            "gross_margin": 9.65,
            "gross_margin_4q_avg": 14.65,
            "net_income": 21936,
            "net_income_4q": null,
            "revenue": 932172,
            "revenue_4q": null,
            "common_shares": 805756,
            "book_valuer_per_share": 17.79,
            "book_valuer_per_share_4q_avg": 17.43,
            "equity": 1433417,
            "current_ratio": 153.59,
            "debt_ratio": 52.06,
            "inventory_turnover_ratio": 2.05,
            "account_receivable_turnover_ratio": 0.69,
            "reinvestment_rate": 60.7,
            "research_to_sale_ratio": 0.98,
            "price_fair": 120.52,
            "eps_avg_yearly": 3.44,
            "eps_latest_yearly": 1.08,
            "eps_growth_yearly": 99.37
        },
        "20112": {
            "year_quarter": 20112,
            "year": 2011,
            "quarter": 2,
            "eps": 0.85,
            "eps_growth_year": -30.27,
            "eps_4q": 2.6,
            "eps_4q_growth_year": -23.74,
            "roe": 4.99,
            "roe_4q": 15.02,
            "gross_profit": 202764,
            "gross_margin": 16.03,
            "gross_margin_4q_avg": 14.6,
            "net_income": 68829,
            "net_income_4q": null,
            "revenue": 1264574,
            "revenue_4q": null,
            "common_shares": 805756,
            "book_valuer_per_share": 16.46,
            "book_valuer_per_share_4q_avg": 17.33,
            "equity": 1325894,
            "current_ratio": 135.39,
            "debt_ratio": 60.37,
            "inventory_turnover_ratio": 2.23,
            "account_receivable_turnover_ratio": 0.83,
            "reinvestment_rate": 58.2,
            "research_to_sale_ratio": 0.41,
            "price_fair": 124.48,
            "eps_avg_yearly": 3.56,
            "eps_latest_yearly": 3.4,
            "eps_growth_yearly": 169.61
        },
        "20113": {
            "year_quarter": 20113,
            "year": 2011,
            "quarter": 3,
            "eps": 1.42,
            "eps_growth_year": 28.88,
            "eps_4q": 2.87,
            "eps_4q_growth_year": -7.65,
            "roe": 8.33,
            "roe_4q": 16.970000000000002,
            "gross_profit": 169479,
            "gross_margin": 12.67,
            "gross_margin_4q_avg": 13.63,
            "net_income": 117894,
            "net_income_4q": null,
            "revenue": 1337549,
            "revenue_4q": null,
            "common_shares": 829929,
            "book_valuer_per_share": 18.13,
            "book_valuer_per_share_4q_avg": 17.43,
            "equity": 1504967,
            "current_ratio": 143.68,
            "debt_ratio": 57.16,
            "inventory_turnover_ratio": 2.41,
            "account_receivable_turnover_ratio": 0.73,
            "reinvestment_rate": 57.85,
            "research_to_sale_ratio": 0.61,
            "price_fair": 134.75,
            "eps_avg_yearly": 3.85,
            "eps_latest_yearly": 5.68,
            "eps_growth_yearly": 190.01
        },
        "20114": {
            "year_quarter": 20114,
            "year": 2011,
            "quarter": 4,
            "eps": 1.06,
            "eps_growth_year": 186.56,
            "eps_4q": 3.57,
            "eps_4q_growth_year": 32.43,
            "roe": 5.66,
            "roe_4q": 20.53,
            "gross_profit": 257506,
            "gross_margin": 19.72,
            "gross_margin_4q_avg": 14.52,
            "net_income": 87593,
            "net_income_4q": null,
            "revenue": 1305964,
            "revenue_4q": null,
            "common_shares": 829929,
            "book_valuer_per_share": 19.19,
            "book_valuer_per_share_4q_avg": 17.89,
            "equity": 1592781,
            "current_ratio": 150.69,
            "debt_ratio": 54.73,
            "inventory_turnover_ratio": 2.15,
            "account_receivable_turnover_ratio": 0.69,
            "reinvestment_rate": 32.79,
            "research_to_sale_ratio": 0.17,
            "price_fair": 142.8,
            "eps_avg_yearly": 4.08,
            "eps_latest_yearly": 4.24,
            "eps_growth_yearly": 192.05
        },
        "20121": {
            "year_quarter": 20121,
            "year": 2012,
            "quarter": 1,
            "eps": 1.02,
            "eps_growth_year": 277.78,
            "eps_4q": 4.32,
            "eps_4q_growth_year": 45.68,
            "roe": 5.21,
            "roe_4q": 24.190000000000005,
            "gross_profit": 197084,
            "gross_margin": 17.22,
            "gross_margin_4q_avg": 16.41,
            "net_income": 84491,
            "net_income_4q": null,
            "revenue": 1144703,
            "revenue_4q": null,
            "common_shares": 829929,
            "book_valuer_per_share": 19.91,
            "book_valuer_per_share_4q_avg": 18.42,
            "equity": 1652603,
            "current_ratio": 158.8,
            "debt_ratio": 52.22,
            "inventory_turnover_ratio": 2.01,
            "account_receivable_turnover_ratio": 0.65,
            "reinvestment_rate": 30.17,
            "research_to_sale_ratio": 0.91,
            "price_fair": 142.8,
            "eps_avg_yearly": 4.08,
            "eps_latest_yearly": 4.08,
            "eps_growth_yearly": 176.12
        },
        "20122": {
            "year_quarter": 20122,
            "year": 2012,
            "quarter": 2,
            "eps": 0.97,
            "eps_growth_year": 13.33,
            "eps_4q": 4.3,
            "eps_4q_growth_year": 65.41,
            "roe": 5.25,
            "roe_4q": 24.450000000000003,
            "gross_profit": 222358,
            "gross_margin": 17.9,
            "gross_margin_4q_avg": 16.88,
            "net_income": 84362,
            "net_income_4q": null,
            "revenue": 1241931,
            "revenue_4q": null,
            "common_shares": 829929,
            "book_valuer_per_share": 18.81,
            "book_valuer_per_share_4q_avg": 19.01,
            "equity": 1560880,
            "current_ratio": 183.43,
            "debt_ratio": 56.33,
            "inventory_turnover_ratio": 2.25,
            "account_receivable_turnover_ratio": 0.73,
            "reinvestment_rate": 29.51,
            "research_to_sale_ratio": 0.3,
            "price_fair": 142.3,
            "eps_avg_yearly": 4.07,
            "eps_latest_yearly": 3.88,
            "eps_growth_yearly": 162.14
        },
        "20123": {
            "year_quarter": 20123,
            "year": 2012,
            "quarter": 3,
            "eps": 0.96,
            "eps_growth_year": -32.23,
            "eps_4q": 3.9,
            "eps_4q_growth_year": 35.84,
            "roe": 5.28,
            "roe_4q": 21.400000000000002,
            "gross_profit": 176344,
            "gross_margin": 14.33,
            "gross_margin_4q_avg": 17.29,
            "net_income": 84026,
            "net_income_4q": null,
            "revenue": 1230809,
            "revenue_4q": null,
            "common_shares": 872809,
            "book_valuer_per_share": 18.61,
            "book_valuer_per_share_4q_avg": 19.13,
            "equity": 1624165,
            "current_ratio": 190.25,
            "debt_ratio": 54.81,
            "inventory_turnover_ratio": 2.32,
            "account_receivable_turnover_ratio": 0.71,
            "reinvestment_rate": 27.1,
            "research_to_sale_ratio": 0.77,
            "price_fair": 137.8,
            "eps_avg_yearly": 3.94,
            "eps_latest_yearly": 3.84,
            "eps_growth_yearly": 46.53
        },
        "20124": {
            "year_quarter": 20124,
            "year": 2012,
            "quarter": 4,
            "eps": 0.47,
            "eps_growth_year": -55.48,
            "eps_4q": 3.37,
            "eps_4q_growth_year": -5.67,
            "roe": 2.49,
            "roe_4q": 18.23,
            "gross_profit": 201721,
            "gross_margin": 16.99,
            "gross_margin_4q_avg": 16.61,
            "net_income": 41007,
            "net_income_4q": null,
            "revenue": 1187573,
            "revenue_4q": null,
            "common_shares": 872809,
            "book_valuer_per_share": 19.07,
            "book_valuer_per_share_4q_avg": 19.1,
            "equity": 1664631,
            "current_ratio": 198.94,
            "debt_ratio": 53.31,
            "inventory_turnover_ratio": 2.22,
            "account_receivable_turnover_ratio": 0.68,
            "reinvestment_rate": 26.82,
            "research_to_sale_ratio": 0.12,
            "price_fair": 136.3,
            "eps_avg_yearly": 3.89,
            "eps_latest_yearly": 1.88,
            "eps_growth_yearly": 47.96
        },
        "20131": {
            "year_quarter": 20131,
            "year": 2013,
            "quarter": 1,
            "eps": 0.59,
            "eps_growth_year": -42.16,
            "eps_4q": 2.99,
            "eps_4q_growth_year": -30.87,
            "roe": 2.99,
            "roe_4q": 16.01,
            "gross_profit": 138252,
            "gross_margin": 13.19,
            "gross_margin_4q_avg": 15.6,
            "net_income": 51461,
            "net_income_4q": null,
            "revenue": 1048303,
            "revenue_4q": null,
            "common_shares": 872809,
            "book_valuer_per_share": 20.36,
            "book_valuer_per_share_4q_avg": 19.21,
            "equity": 1776763,
            "current_ratio": 207.69,
            "debt_ratio": 51.09,
            "inventory_turnover_ratio": 2.04,
            "account_receivable_turnover_ratio": 0.62,
            "reinvestment_rate": 27.83,
            "research_to_sale_ratio": 0.53,
            "price_fair": 130.5,
            "eps_avg_yearly": 3.73,
            "eps_latest_yearly": 2.36,
            "eps_growth_yearly": 29.91
        },
        "20132": {
            "year_quarter": 20132,
            "year": 2013,
            "quarter": 2,
            "eps": 0.21,
            "eps_growth_year": -78.31,
            "eps_4q": 2.23,
            "eps_4q_growth_year": -48.09,
            "roe": 1.08,
            "roe_4q": 11.84,
            "gross_profit": 149098,
            "gross_margin": 13.78,
            "gross_margin_4q_avg": 14.57,
            "net_income": 18151,
            "net_income_4q": null,
            "revenue": 1082284,
            "revenue_4q": null,
            "common_shares": 872809,
            "book_valuer_per_share": 18.23,
            "book_valuer_per_share_4q_avg": 19.07,
            "equity": 1590793,
            "current_ratio": 189.68,
            "debt_ratio": 54.83,
            "inventory_turnover_ratio": 2.18,
            "account_receivable_turnover_ratio": 0.68,
            "reinvestment_rate": 29.68,
            "research_to_sale_ratio": 0.45,
            "price_fair": 9.95,
            "eps_avg_yearly": 3.32,
            "eps_latest_yearly": 0.84,
            "eps_growth_yearly": -0.21
        },
        "20133": {
            "year_quarter": 20133,
            "year": 2013,
            "quarter": 3,
            "eps": 0.74,
            "eps_growth_year": -23.13,
            "eps_4q": 2.01,
            "eps_4q_growth_year": -48.57,
            "roe": 3.99,
            "roe_4q": 10.55,
            "gross_profit": 191970,
            "gross_margin": 16.27,
            "gross_margin_4q_avg": 15.06,
            "net_income": 64491,
            "net_income_4q": null,
            "revenue": 1179747,
            "revenue_4q": null,
            "common_shares": 872809,
            "book_valuer_per_share": 18.84,
            "book_valuer_per_share_4q_avg": 19.13,
            "equity": 1644350,
            "current_ratio": 188.88,
            "debt_ratio": 55.16,
            "inventory_turnover_ratio": 2.35,
            "account_receivable_turnover_ratio": 0.73,
            "reinvestment_rate": 28.47,
            "research_to_sale_ratio": 0.56,
            "price_fair": 108.5,
            "eps_avg_yearly": 3.1,
            "eps_latest_yearly": 2.96,
            "eps_growth_yearly": 74.49
        },
        "20134": {
            "year_quarter": 20134,
            "year": 2013,
            "quarter": 4,
            "eps": 0.67,
            "eps_growth_year": 42.48,
            "eps_4q": 2.21,
            "eps_4q_growth_year": -34.49,
            "roe": 3.47,
            "roe_4q": 11.530000000000001,
            "gross_profit": 201068,
            "gross_margin": 16.6,
            "gross_margin_4q_avg": 14.96,
            "net_income": 58425,
            "net_income_4q": null,
            "revenue": 1211275,
            "revenue_4q": null,
            "common_shares": 872809,
            "book_valuer_per_share": 19.75,
            "book_valuer_per_share_4q_avg": 19.3,
            "equity": 1723813,
            "current_ratio": 185.03,
            "debt_ratio": 55.99,
            "inventory_turnover_ratio": 2.33,
            "account_receivable_turnover_ratio": 0.71,
            "reinvestment_rate": 27.57,
            "research_to_sale_ratio": 0.92,
            "price_fair": 107,
            "eps_avg_yearly": 3.06,
            "eps_latest_yearly": 2.68,
            "eps_growth_yearly": 84.74
        },
        "20141": {
            "year_quarter": 20141,
            "year": 2014,
            "quarter": 1,
            "eps": 0.74,
            "eps_growth_year": 25.42,
            "eps_4q": 2.15,
            "eps_4q_growth_year": -28.22,
            "roe": 3.56,
            "roe_4q": 12.1,
            "gross_profit": 127617,
            "gross_margin": 13.39,
            "gross_margin_4q_avg": 15.01,
            "net_income": 67097,
            "net_income_4q": null,
            "revenue": 953195,
            "revenue_4q": null,
            "common_shares": 970376,
            "book_valuer_per_share": 21.06,
            "book_valuer_per_share_4q_avg": 19.47,
            "equity": 2044034,
            "current_ratio": 205.01,
            "debt_ratio": 48.57,
            "inventory_turnover_ratio": 1.87,
            "account_receivable_turnover_ratio": 0.57,
            "reinvestment_rate": 26.02,
            "research_to_sale_ratio": 0.72,
            "price_fair": 106.77,
            "eps_avg_yearly": 3.05,
            "eps_latest_yearly": 2.96,
            "eps_growth_yearly": 81.88
        },
        "20142": {
            "year_quarter": 20142,
            "year": 2014,
            "quarter": 2,
            "eps": 0.08,
            "eps_growth_year": -61.9,
            "eps_4q": 1.98,
            "eps_4q_growth_year": -11.32,
            "roe": 0.4,
            "roe_4q": 11.42,
            "gross_profit": 120714,
            "gross_margin": 10.56,
            "gross_margin_4q_avg": 14.21,
            "net_income": 8060,
            "net_income_4q": null,
            "revenue": 1142929,
            "revenue_4q": null,
            "common_shares": 1001517,
            "book_valuer_per_share": 19.65,
            "book_valuer_per_share_4q_avg": 19.83,
            "equity": 1967591,
            "current_ratio": 180.52,
            "debt_ratio": 49.13,
            "inventory_turnover_ratio": 2.32,
            "account_receivable_turnover_ratio": 0.72,
            "reinvestment_rate": 6.11,
            "research_to_sale_ratio": 0.36,
            "price_fair": 100.8,
            "eps_avg_yearly": 2.88,
            "eps_latest_yearly": 0.32,
            "eps_growth_yearly": 54.46
        },
        "20143": {
            "year_quarter": 20143,
            "year": 2014,
            "quarter": 3,
            "eps": 0.56,
            "eps_growth_year": -24.32,
            "eps_4q": 1.8,
            "eps_4q_growth_year": -10.28,
            "roe": 2.79,
            "roe_4q": 10.22,
            "gross_profit": 160303,
            "gross_margin": 13.1,
            "gross_margin_4q_avg": 13.41,
            "net_income": 56037,
            "net_income_4q": null,
            "revenue": 1223260,
            "revenue_4q": null,
            "common_shares": 1003333,
            "book_valuer_per_share": 20.42,
            "book_valuer_per_share_4q_avg": 20.22,
            "equity": 2049072,
            "current_ratio": 175.48,
            "debt_ratio": 49.35,
            "inventory_turnover_ratio": 2.3,
            "account_receivable_turnover_ratio": 0.72,
            "reinvestment_rate": 4.06,
            "research_to_sale_ratio": 0.47,
            "price_fair": 96.08,
            "eps_avg_yearly": 2.75,
            "eps_latest_yearly": 2.24,
            "eps_growth_yearly": 206.92
        },
        "20144": {
            "year_quarter": 20144,
            "year": 2014,
            "quarter": 4,
            "eps": 0.19,
            "eps_growth_year": -71.87,
            "eps_4q": 1.43,
            "eps_4q_growth_year": -35,
            "roe": 0.95,
            "roe_4q": 7.700000000000001,
            "gross_profit": 105231,
            "gross_margin": 8.94,
            "gross_margin_4q_avg": 11.5,
            "net_income": 19835,
            "net_income_4q": null,
            "revenue": 1176765,
            "revenue_4q": null,
            "common_shares": 1053374,
            "book_valuer_per_share": 20.17,
            "book_valuer_per_share_4q_avg": 20.33,
            "equity": 2124273,
            "current_ratio": 180.01,
            "debt_ratio": 48.58,
            "inventory_turnover_ratio": 2.21,
            "account_receivable_turnover_ratio": 0.64,
            "reinvestment_rate": 2.18,
            "research_to_sale_ratio": 0.3,
            "price_fair": 94.5,
            "eps_avg_yearly": 2.7,
            "eps_latest_yearly": 0.76,
            "eps_growth_yearly": 207
        },
        "20151": {
            "year_quarter": 20151,
            "year": 2015,
            "quarter": 1,
            "eps": 0.33,
            "eps_growth_year": -55.41,
            "eps_4q": 1.12,
            "eps_4q_growth_year": -47.59,
            "roe": 1.62,
            "roe_4q": 5.760000000000001,
            "gross_profit": 115663,
            "gross_margin": 11.5,
            "gross_margin_4q_avg": 11.03,
            "net_income": 34493,
            "net_income_4q": null,
            "revenue": 1006173,
            "revenue_4q": null,
            "common_shares": 1053374,
            "book_valuer_per_share": 20.33,
            "book_valuer_per_share_4q_avg": 20.14,
            "equity": 2141956,
            "current_ratio": 186.23,
            "debt_ratio": 46.94,
            "inventory_turnover_ratio": 1.83,
            "account_receivable_turnover_ratio": 0.56,
            "reinvestment_rate": 0.62,
            "research_to_sale_ratio": 0.62,
            "price_fair": 95.03,
            "eps_avg_yearly": 2.72,
            "eps_latest_yearly": 1.32,
            "eps_growth_yearly": 232.17
        },
        "20152": {
            "year_quarter": 20152,
            "year": 2015,
            "quarter": 2,
            "eps": 0.02,
            "eps_growth_year": -75,
            "eps_4q": 1.07,
            "eps_4q_growth_year": -45.8,
            "roe": 0.12,
            "roe_4q": 5.48,
            "gross_profit": 117188,
            "gross_margin": 11.32,
            "gross_margin_4q_avg": 11.22,
            "net_income": 2546,
            "net_income_4q": null,
            "revenue": 1034833,
            "revenue_4q": null,
            "common_shares": 1053374,
            "book_valuer_per_share": 19.1,
            "book_valuer_per_share_4q_avg": 20.01,
            "equity": 2012387,
            "current_ratio": 182.73,
            "debt_ratio": 48.11,
            "inventory_turnover_ratio": 1.94,
            "account_receivable_turnover_ratio": 0.63,
            "reinvestment_rate": -0.47,
            "research_to_sale_ratio": 0.22,
            "price_fair": 87.76,
            "eps_avg_yearly": 2.51,
            "eps_latest_yearly": 0.08,
            "eps_growth_yearly": 154.98
        },
        "20153": {
            "year_quarter": 20153,
            "year": 2015,
            "quarter": 3,
            "eps": 0.82,
            "eps_growth_year": 46.43,
            "eps_4q": 1.36,
            "eps_4q_growth_year": -24.52,
            "roe": 4.15,
            "roe_4q": 6.840000000000001,
            "gross_profit": 124688,
            "gross_margin": 11.86,
            "gross_margin_4q_avg": 10.91,
            "net_income": 86254,
            "net_income_4q": null,
            "revenue": 1051333,
            "revenue_4q": null,
            "common_shares": 1053374,
            "book_valuer_per_share": 20.39,
            "book_valuer_per_share_4q_avg": 20,
            "equity": 2148101,
            "current_ratio": 176.75,
            "debt_ratio": 48.45,
            "inventory_turnover_ratio": 1.98,
            "account_receivable_turnover_ratio": 0.62,
            "reinvestment_rate": 1.09,
            "research_to_sale_ratio": 0.41,
            "price_fair": 82.51,
            "eps_avg_yearly": 2.36,
            "eps_latest_yearly": 3.28,
            "eps_growth_yearly": 1138.22
        },
        "20154": {
            "year_quarter": 20154,
            "year": 2015,
            "quarter": 4,
            "eps": 0.5,
            "eps_growth_year": 166.93,
            "eps_4q": 1.67,
            "eps_4q_growth_year": 16.69,
            "roe": 2.45,
            "roe_4q": 8.34,
            "gross_profit": 141143,
            "gross_margin": 13.1,
            "gross_margin_4q_avg": 11.95,
            "net_income": 52945,
            "net_income_4q": null,
            "revenue": 1077418,
            "revenue_4q": null,
            "common_shares": 1053374,
            "book_valuer_per_share": 20.63,
            "book_valuer_per_share_4q_avg": 20.11,
            "equity": 2172727,
            "current_ratio": 178.83,
            "debt_ratio": 48.45,
            "inventory_turnover_ratio": 1.92,
            "account_receivable_turnover_ratio": 0.61,
            "reinvestment_rate": 4.18,
            "research_to_sale_ratio": 0.38,
            "price_fair": 77.61,
            "eps_avg_yearly": 2.22,
            "eps_latest_yearly": 2,
            "eps_growth_yearly": 1134.8
        },
        "20161": {
            "year_quarter": 20161,
            "year": 2016,
            "quarter": 1,
            "eps": 0.01,
            "eps_growth_year": -96.97,
            "eps_4q": 1.35,
            "eps_4q_growth_year": 20.29,
            "roe": 0.03,
            "roe_4q": 6.750000000000001,
            "gross_profit": 93041,
            "gross_margin": 10.79,
            "gross_margin_4q_avg": 11.77,
            "net_income": 710,
            "net_income_4q": null,
            "revenue": 862505,
            "revenue_4q": null,
            "common_shares": 1053374,
            "book_valuer_per_share": 20.43,
            "book_valuer_per_share_4q_avg": 20.14,
            "equity": 2151789,
            "current_ratio": 192.91,
            "debt_ratio": 46.89,
            "inventory_turnover_ratio": 1.69,
            "account_receivable_turnover_ratio": 0.52,
            "reinvestment_rate": 12.09,
            "research_to_sale_ratio": 0.85,
            "price_fair": 68.78,
            "eps_avg_yearly": 1.97,
            "eps_latest_yearly": 0.04,
            "eps_growth_yearly": 1111.24
        },
        "20162": {
            "year_quarter": 20162,
            "year": 2016,
            "quarter": 2,
            "eps": 0.15,
            "eps_growth_year": 650,
            "eps_4q": 1.37,
            "eps_4q_growth_year": 27.96,
            "roe": 0.8,
            "roe_4q": 7.430000000000001,
            "gross_profit": 123859,
            "gross_margin": 12.46,
            "gross_margin_4q_avg": 12.05,
            "net_income": 17114,
            "net_income_4q": null,
            "revenue": 993999,
            "revenue_4q": null,
            "common_shares": 1053374,
            "book_valuer_per_share": 20.28,
            "book_valuer_per_share_4q_avg": 20.43,
            "equity": 2136509,
            "current_ratio": 198.84,
            "debt_ratio": 47.38,
            "inventory_turnover_ratio": 2.13,
            "account_receivable_turnover_ratio": 0.63,
            "reinvestment_rate": 15.01,
            "research_to_sale_ratio": 0.45,
            "price_fair": 61.6,
            "eps_avg_yearly": 1.76,
            "eps_latest_yearly": 0.6,
            "eps_growth_yearly": 1462.47
        },
        "20163": {
            "year_quarter": 20163,
            "year": 2016,
            "quarter": 3,
            "eps": 0.28,
            "eps_growth_year": -65.85,
            "eps_4q": 0.78,
            "eps_4q_growth_year": -42.87,
            "roe": 1.68,
            "roe_4q": 4.96,
            "gross_profit": 158861,
            "gross_margin": 13.34,
            "gross_margin_4q_avg": 12.42,
            "net_income": 39838,
            "net_income_4q": null,
            "revenue": 1190618,
            "revenue_4q": null,
            "common_shares": 1424846,
            "book_valuer_per_share": 18.33,
            "book_valuer_per_share_4q_avg": 19.92,
            "equity": 2611475,
            "current_ratio": 230.95,
            "debt_ratio": 43.32,
            "inventory_turnover_ratio": 2.46,
            "account_receivable_turnover_ratio": 0.72,
            "reinvestment_rate": 37.94,
            "research_to_sale_ratio": 0.4,
            "price_fair": 55.65,
            "eps_avg_yearly": 1.59,
            "eps_latest_yearly": 1.12,
            "eps_growth_yearly": 1484.39
        },
        "20164": {
            "year_quarter": 20164,
            "year": 2016,
            "quarter": 4,
            "eps": 0.65,
            "eps_growth_year": 29.17,
            "eps_4q": 1.05,
            "eps_4q_growth_year": -37.01,
            "roe": 3.49,
            "roe_4q": 6,
            "gross_profit": 174046,
            "gross_margin": 14.88,
            "gross_margin_4q_avg": 12.87,
            "net_income": 92510,
            "net_income_4q": null,
            "revenue": 1169953,
            "revenue_4q": null,
            "common_shares": 1424846,
            "book_valuer_per_share": 18.93,
            "book_valuer_per_share_4q_avg": 19.49,
            "equity": 2697330,
            "current_ratio": 226.52,
            "debt_ratio": 45.74,
            "inventory_turnover_ratio": 2.12,
            "account_receivable_turnover_ratio": 0.65,
            "reinvestment_rate": 51.79,
            "research_to_sale_ratio": 0.3,
            "price_fair": 57.23,
            "eps_avg_yearly": 1.64,
            "eps_latest_yearly": 2.6,
            "eps_growth_yearly": 1530.19
        },
        "20171": {
            "year_quarter": 20171,
            "year": 2017,
            "quarter": 1,
            "eps": -0.26,
            "eps_growth_year": -2700,
            "eps_4q": 0.79,
            "eps_4q_growth_year": -41.34,
            "roe": -1.38,
            "roe_4q": 4.59,
            "gross_profit": 93116,
            "gross_margin": 10.21,
            "gross_margin_4q_avg": 12.72,
            "net_income": -36434,
            "net_income_4q": null,
            "revenue": 911642,
            "revenue_4q": null,
            "common_shares": 1424846,
            "book_valuer_per_share": 18.12,
            "book_valuer_per_share_4q_avg": 18.92,
            "equity": 2581721,
            "current_ratio": 247.9,
            "debt_ratio": 43.34,
            "inventory_turnover_ratio": 1.62,
            "account_receivable_turnover_ratio": 0.53,
            "reinvestment_rate": 54.91,
            "research_to_sale_ratio": 0.64,
            "price_fair": 55.53,
            "eps_avg_yearly": 1.59,
            "eps_latest_yearly": 2.6,
            "eps_growth_yearly": 1625.4
        },
        "20172": {
            "year_quarter": 20172,
            "year": 2017,
            "quarter": 2,
            "eps": 0.2,
            "eps_growth_year": 33.33,
            "eps_4q": 0.87,
            "eps_4q_growth_year": -36.59,
            "roe": 1.09,
            "roe_4q": 4.88,
            "gross_profit": 104841,
            "gross_margin": 9.96,
            "gross_margin_4q_avg": 12.1,
            "net_income": 28004,
            "net_income_4q": null,
            "revenue": 1052366,
            "revenue_4q": null,
            "common_shares": 1424846,
            "book_valuer_per_share": 17.86,
            "book_valuer_per_share_4q_avg": 18.31,
            "equity": 2545295,
            "current_ratio": 231.85,
            "debt_ratio": 43.92,
            "inventory_turnover_ratio": 1.77,
            "account_receivable_turnover_ratio": 0.67,
            "reinvestment_rate": 87.54,
            "research_to_sale_ratio": 0.29,
            "price_fair": 57.4,
            "eps_avg_yearly": 1.64,
            "eps_latest_yearly": 2.6,
            "eps_growth_yearly": 1759.9
        },
        "20173": {
            "year_quarter": 20173,
            "year": 2017,
            "quarter": 3,
            "eps": 0.27,
            "eps_growth_year": -3.57,
            "eps_4q": 0.86,
            "eps_4q_growth_year": 11.18,
            "roe": 1.51,
            "roe_4q": 4.710000000000001,
            "gross_profit": 119000,
            "gross_margin": 9.88,
            "gross_margin_4q_avg": 11.23,
            "net_income": 38894,
            "net_income_4q": null,
            "revenue": 1204273,
            "revenue_4q": null,
            "common_shares": 1424846,
            "book_valuer_per_share": 18.23,
            "book_valuer_per_share_4q_avg": 18.29,
            "equity": 2598104,
            "current_ratio": 172.25,
            "debt_ratio": 47.81,
            "inventory_turnover_ratio": 1.8,
            "account_receivable_turnover_ratio": 0.72,
            "reinvestment_rate": 124.84,
            "research_to_sale_ratio": 0.58,
            "price_fair": 52.7,
            "eps_avg_yearly": 1.51,
            "eps_latest_yearly": 1.08,
            "eps_growth_yearly": 1697.79
        },
        "20174": {
            "year_quarter": 20174,
            "year": 2017,
            "quarter": 4,
            "eps": -0,
            "eps_growth_year": -100.02,
            "eps_4q": 0.21,
            "eps_4q_growth_year": -79.73,
            "roe": -0,
            "roe_4q": 1.2200000000000002,
            "gross_profit": 153983,
            "gross_margin": 12.26,
            "gross_margin_4q_avg": 10.58,
            "net_income": -22,
            "net_income_4q": null,
            "revenue": 1255993,
            "revenue_4q": null,
            "common_shares": 1424846,
            "book_valuer_per_share": 18.22,
            "book_valuer_per_share_4q_avg": 18.11,
            "equity": 2595788,
            "current_ratio": 157.46,
            "debt_ratio": 51.15,
            "inventory_turnover_ratio": 1.68,
            "account_receivable_turnover_ratio": 0.68,
            "reinvestment_rate": 153.25,
            "research_to_sale_ratio": 0.42,
            "price_fair": 49.54,
            "eps_avg_yearly": 1.42,
            "eps_latest_yearly": 1.08,
            "eps_growth_yearly": 1831.3
        },
        "20181": {
            "year_quarter": 20181,
            "year": 2018,
            "quarter": 1,
            "eps": -0.79,
            "eps_growth_year": null,
            "eps_4q": -0.32,
            "eps_4q_growth_year": -140.34,
            "roe": -4.41,
            "roe_4q": -1.8100000000000003,
            "gross_profit": 27906,
            "gross_margin": 3.16,
            "gross_margin_4q_avg": 8.82,
            "net_income": -112470,
            "net_income_4q": null,
            "revenue": 882717,
            "revenue_4q": null,
            "common_shares": 1424846,
            "book_valuer_per_share": 17.55,
            "book_valuer_per_share_4q_avg": 17.97,
            "equity": 2500416,
            "current_ratio": 161.51,
            "debt_ratio": 49.85,
            "inventory_turnover_ratio": 1.24,
            "account_receivable_turnover_ratio": 0.49,
            "reinvestment_rate": 194.2,
            "research_to_sale_ratio": 1.4,
            "price_fair": 45.03,
            "eps_avg_yearly": 1.29,
            "eps_latest_yearly": 1.08,
            "eps_growth_yearly": 1980.42
        },
        "20182": {
            "year_quarter": 20182,
            "year": 2018,
            "quarter": 2,
            "eps": -0.08,
            "eps_growth_year": -140,
            "eps_4q": -0.6,
            "eps_4q_growth_year": -168.48,
            "roe": -0.45,
            "roe_4q": -3.3500000000000005,
            "gross_profit": 52040,
            "gross_margin": 4.69,
            "gross_margin_4q_avg": 7.5,
            "net_income": -11256,
            "net_income_4q": null,
            "revenue": 1109230,
            "revenue_4q": null,
            "common_shares": 1424846,
            "book_valuer_per_share": 17.47,
            "book_valuer_per_share_4q_avg": 17.87,
            "equity": 2488967,
            "current_ratio": 160.8,
            "debt_ratio": 48.76,
            "inventory_turnover_ratio": 1.47,
            "account_receivable_turnover_ratio": 0.66,
            "reinvestment_rate": 208.82,
            "research_to_sale_ratio": 0.74,
            "price_fair": 48.11,
            "eps_avg_yearly": 1.37,
            "eps_latest_yearly": 1.08,
            "eps_growth_yearly": 2192.89
        },
        "20183": {
            "year_quarter": 20183,
            "year": 2018,
            "quarter": 3,
            "eps": 0.27,
            "eps_growth_year": 0,
            "eps_4q": -0.6,
            "eps_4q_growth_year": -169.38,
            "roe": 1.54,
            "roe_4q": -3.3200000000000003,
            "gross_profit": 161672,
            "gross_margin": 12.66,
            "gross_margin_4q_avg": 8.19,
            "net_income": 38427,
            "net_income_4q": null,
            "revenue": 1277116,
            "revenue_4q": null,
            "common_shares": 1424846,
            "book_valuer_per_share": 17.44,
            "book_valuer_per_share_4q_avg": 17.67,
            "equity": 2485628,
            "current_ratio": 158.59,
            "debt_ratio": 49.89,
            "inventory_turnover_ratio": 1.57,
            "account_receivable_turnover_ratio": 0.7,
            "reinvestment_rate": 206.78,
            "research_to_sale_ratio": 0.42,
            "price_fair": 45.08,
            "eps_avg_yearly": 1.29,
            "eps_latest_yearly": 1.08,
            "eps_growth_yearly": 2172.18
        },
        "20184": {
            "year_quarter": 20184,
            "year": 2018,
            "quarter": 4,
            "eps": 0.68,
            "eps_growth_year": null,
            "eps_4q": 0.08,
            "eps_4q_growth_year": -62.99,
            "roe": 3.83,
            "roe_4q": 0.5099999999999998,
            "gross_profit": 123949,
            "gross_margin": 10.22,
            "gross_margin_4q_avg": 7.68,
            "net_income": 96565,
            "net_income_4q": null,
            "revenue": 1212788,
            "revenue_4q": null,
            "common_shares": 1424846,
            "book_valuer_per_share": 17.93,
            "book_valuer_per_share_4q_avg": 17.6,
            "equity": 2554944,
            "current_ratio": 174.94,
            "debt_ratio": 47.96,
            "inventory_turnover_ratio": 1.57,
            "account_receivable_turnover_ratio": 0.62,
            "reinvestment_rate": 162.9,
            "research_to_sale_ratio": 0.2,
            "price_fair": 51.94,
            "eps_avg_yearly": 1.48,
            "eps_latest_yearly": 2.72,
            "eps_growth_yearly": 2259.35
        },
        "20191": {
            "year_quarter": 20191,
            "year": 2019,
            "quarter": 1,
            "eps": 0.08,
            "eps_growth_year": null,
            "eps_4q": 0.95,
            "eps_4q_growth_year": null,
            "roe": 0.43,
            "roe_4q": 5.35,
            "gross_profit": 67084,
            "gross_margin": 6.83,
            "gross_margin_4q_avg": 8.6,
            "net_income": 11150,
            "net_income_4q": null,
            "revenue": 982323,
            "revenue_4q": null,
            "common_shares": 1424846,
            "book_valuer_per_share": 18.17,
            "book_valuer_per_share_4q_avg": 17.75,
            "equity": 2588927,
            "current_ratio": 172.45,
            "debt_ratio": 46.93,
            "inventory_turnover_ratio": 1.38,
            "account_receivable_turnover_ratio": 0.51,
            "reinvestment_rate": 183.02,
            "research_to_sale_ratio": 0.45,
            "price_fair": 48.44,
            "eps_avg_yearly": 1.38,
            "eps_latest_yearly": 0.32,
            "eps_growth_yearly": 2194.58
        },
        "20192": {
            "year_quarter": 20192,
            "year": 2019,
            "quarter": 2,
            "eps": 0.18,
            "eps_growth_year": null,
            "eps_4q": 1.2,
            "eps_4q_growth_year": null,
            "roe": 0.98,
            "roe_4q": 6.78,
            "gross_profit": 126310,
            "gross_margin": 10.4,
            "gross_margin_4q_avg": 10.03,
            "net_income": 25169,
            "net_income_4q": null,
            "revenue": 1213937,
            "revenue_4q": null,
            "common_shares": 1424846,
            "book_valuer_per_share": 17.77,
            "book_valuer_per_share_4q_avg": 17.83,
            "equity": 2532380,
            "current_ratio": 160.58,
            "debt_ratio": 47.74,
            "inventory_turnover_ratio": 1.7,
            "account_receivable_turnover_ratio": 0.64,
            "reinvestment_rate": 169.42,
            "research_to_sale_ratio": 0.37,
            "price_fair": 50.68,
            "eps_avg_yearly": 1.45,
            "eps_latest_yearly": 0.72,
            "eps_growth_yearly": 2282.16
        },
        "20193": {
            "year_quarter": 20193,
            "year": 2019,
            "quarter": 3,
            "eps": 0.45,
            "eps_growth_year": 66.67,
            "eps_4q": 1.39,
            "eps_4q_growth_year": null,
            "roe": 2.53,
            "roe_4q": 7.77,
            "gross_profit": 165906,
            "gross_margin": 12.7,
            "gross_margin_4q_avg": 10.04,
            "net_income": 64534,
            "net_income_4q": null,
            "revenue": 1306693,
            "revenue_4q": null,
            "common_shares": 1424846,
            "book_valuer_per_share": 17.98,
            "book_valuer_per_share_4q_avg": 17.96,
            "equity": 2562304,
            "current_ratio": 160.75,
            "debt_ratio": 47.65,
            "inventory_turnover_ratio": 1.71,
            "account_receivable_turnover_ratio": 0.65,
            "reinvestment_rate": 153.42,
            "research_to_sale_ratio": 0.45,
            "price_fair": 45.5,
            "eps_avg_yearly": 1.3,
            "eps_latest_yearly": 1.8,
            "eps_growth_yearly": 742.16
        },
        "20194": {
            "year_quarter": 20194,
            "year": 2019,
            "quarter": 4,
            "eps": 0.22,
            "eps_growth_year": -67,
            "eps_4q": 0.93,
            "eps_4q_growth_year": 1078.1,
            "roe": 1.24,
            "roe_4q": 5.18,
            "gross_profit": 158316,
            "gross_margin": 13.12,
            "gross_margin_4q_avg": 10.76,
            "net_income": 31871,
            "net_income_4q": null,
            "revenue": 1206469,
            "revenue_4q": null,
            "common_shares": 1424846,
            "book_valuer_per_share": 18.04,
            "book_valuer_per_share_4q_avg": 17.99,
            "equity": 2570049,
            "current_ratio": 169.11,
            "debt_ratio": 45.73,
            "inventory_turnover_ratio": 1.57,
            "account_receivable_turnover_ratio": 0.59,
            "reinvestment_rate": 143.63,
            "research_to_sale_ratio": 0.35,
            "price_fair": 41.58,
            "eps_avg_yearly": 1.19,
            "eps_latest_yearly": 0.88,
            "eps_growth_yearly": 737.33
        },
        "20201": {
            "year_quarter": 20201,
            "year": 2020,
            "quarter": 1,
            "eps": -0.23,
            "eps_growth_year": -387.5,
            "eps_4q": 0.63,
            "eps_4q_growth_year": -33.81,
            "roe": -1.27,
            "roe_4q": 3.48,
            "gross_profit": 46550,
            "gross_margin": 6.65,
            "gross_margin_4q_avg": 10.72,
            "net_income": -32313,
            "net_income_4q": null,
            "revenue": 700455,
            "revenue_4q": null,
            "common_shares": 1424846,
            "book_valuer_per_share": 17.74,
            "book_valuer_per_share_4q_avg": 17.88,
            "equity": 2526293,
            "current_ratio": 181.9,
            "debt_ratio": 41.36,
            "inventory_turnover_ratio": 1,
            "account_receivable_turnover_ratio": 0.41,
            "reinvestment_rate": 139.71,
            "research_to_sale_ratio": 0.74,
            "price_fair": 46.04,
            "eps_avg_yearly": 1.32,
            "eps_latest_yearly": 0.88,
            "eps_growth_yearly": 862.81
        },
        "20202": {
            "year_quarter": 20202,
            "year": 2020,
            "quarter": 2,
            "eps": 0.68,
            "eps_growth_year": 277.78,
            "eps_4q": 1.14,
            "eps_4q_growth_year": -5.38,
            "roe": 3.88,
            "roe_4q": 6.379999999999999,
            "gross_profit": 174499,
            "gross_margin": 13.45,
            "gross_margin_4q_avg": 11.48,
            "net_income": 97382,
            "net_income_4q": null,
            "revenue": 1297854,
            "revenue_4q": null,
            "common_shares": 1424846,
            "book_valuer_per_share": 17.54,
            "book_valuer_per_share_4q_avg": 17.83,
            "equity": 2490078,
            "current_ratio": 165.97,
            "debt_ratio": 45.37,
            "inventory_turnover_ratio": 1.68,
            "account_receivable_turnover_ratio": 0.86,
            "reinvestment_rate": 99.72,
            "research_to_sale_ratio": 0.36,
            "price_fair": 49.18,
            "eps_avg_yearly": 1.41,
            "eps_latest_yearly": 0.88,
            "eps_growth_yearly": 270.66
        },
        "20203": {
            "year_quarter": 20203,
            "year": 2020,
            "quarter": 3,
            "eps": 0.39,
            "eps_growth_year": -13.33,
            "eps_4q": 1.07,
            "eps_4q_growth_year": -22.81,
            "roe": 2.17,
            "roe_4q": 6.02,
            "gross_profit": 156800,
            "gross_margin": 12.3,
            "gross_margin_4q_avg": 11.38,
            "net_income": 54857,
            "net_income_4q": null,
            "revenue": 1274873,
            "revenue_4q": null,
            "common_shares": 1419346,
            "book_valuer_per_share": 18.06,
            "book_valuer_per_share_4q_avg": 17.85,
            "equity": 2563771,
            "current_ratio": 160.41,
            "debt_ratio": 46.88,
            "inventory_turnover_ratio": 1.53,
            "account_receivable_turnover_ratio": 0.73,
            "reinvestment_rate": 72.84,
            "research_to_sale_ratio": 0.49,
            "price_fair": 51.1,
            "eps_avg_yearly": 1.46,
            "eps_latest_yearly": 1.56,
            "eps_growth_yearly": 206
        },
        "20204": {
            "year_quarter": 20204,
            "year": 2020,
            "quarter": 4,
            "eps": 0.03,
            "eps_growth_year": -87.92,
            "eps_4q": 0.87,
            "eps_4q_growth_year": -6.39,
            "roe": 0.15,
            "roe_4q": 4.93,
            "gross_profit": 94162,
            "gross_margin": 7.51,
            "gross_margin_4q_avg": 9.98,
            "net_income": 3834,
            "net_income_4q": null,
            "revenue": 1253732,
            "revenue_4q": null,
            "common_shares": 1419346,
            "book_valuer_per_share": 18.3,
            "book_valuer_per_share_4q_avg": 17.91,
            "equity": 2597295,
            "current_ratio": 152,
            "debt_ratio": 47.11,
            "inventory_turnover_ratio": 1.38,
            "account_receivable_turnover_ratio": 0.68,
            "reinvestment_rate": 62.32,
            "research_to_sale_ratio": 1.11,
            "price_fair": 40.25,
            "eps_avg_yearly": 1.15,
            "eps_latest_yearly": 0.12,
            "eps_growth_yearly": 93.78
        },
        "20211": {
            "year_quarter": 20211,
            "year": 2021,
            "quarter": 1,
            "eps": -0.3,
            "eps_growth_year": null,
            "eps_4q": 0.8,
            "eps_4q_growth_year": 27.43,
            "roe": -1.66,
            "roe_4q": 4.54,
            "gross_profit": 52136,
            "gross_margin": 4.84,
            "gross_margin_4q_avg": 9.53,
            "net_income": -42738,
            "net_income_4q": null,
            "revenue": 1077028,
            "revenue_4q": null,
            "common_shares": 1419346,
            "book_valuer_per_share": 17.97,
            "book_valuer_per_share_4q_avg": 17.97,
            "equity": 2550445,
            "current_ratio": 151.27,
            "debt_ratio": 49.41,
            "inventory_turnover_ratio": 1.03,
            "account_receivable_turnover_ratio": 0.6,
            "reinvestment_rate": 67.5,
            "research_to_sale_ratio": 2.07,
            "price_fair": 40.25,
            "eps_avg_yearly": 1.15,
            "eps_latest_yearly": 0.12,
            "eps_growth_yearly": 93.78
        },
        "20212": {
            "year_quarter": 20212,
            "year": 2021,
            "quarter": 2,
            "eps": 1.14,
            "eps_growth_year": 67.65,
            "eps_4q": 1.25,
            "eps_4q_growth_year": 9.97,
            "roe": 6.16,
            "roe_4q": 6.82,
            "gross_profit": 79923,
            "gross_margin": 6.26,
            "gross_margin_4q_avg": 7.73,
            "net_income": 161626,
            "net_income_4q": null,
            "revenue": 1277277,
            "revenue_4q": null,
            "common_shares": 1419346,
            "book_valuer_per_share": 18.99,
            "book_valuer_per_share_4q_avg": 18.33,
            "equity": 2695276,
            "current_ratio": 163.58,
            "debt_ratio": 45.69,
            "inventory_turnover_ratio": 1.14,
            "account_receivable_turnover_ratio": 0.76,
            "reinvestment_rate": -1.8,
            "research_to_sale_ratio": 2.12,
            "price_fair": 40.25,
            "eps_avg_yearly": 1.15,
            "eps_latest_yearly": 0.12,
            "eps_growth_yearly": 93.78
        },
        "20213": {
            "year_quarter": 20213,
            "year": 2021,
            "quarter": 3,
            "eps": -0.01,
            "eps_growth_year": -102.56,
            "eps_4q": 0.86,
            "eps_4q_growth_year": -19.63,
            "roe": -0.03,
            "roe_4q": 4.62,
            "gross_profit": 113226,
            "gross_margin": 9.47,
            "gross_margin_4q_avg": 7.02,
            "net_income": -726,
            "net_income_4q": null,
            "revenue": 1196212,
            "revenue_4q": null,
            "common_shares": 1419346,
            "book_valuer_per_share": 18.04,
            "book_valuer_per_share_4q_avg": 18.33,
            "equity": 2561183,
            "current_ratio": 152.25,
            "debt_ratio": 49.29,
            "inventory_turnover_ratio": 1.02,
            "account_receivable_turnover_ratio": 0.71,
            "reinvestment_rate": -54.39,
            "research_to_sale_ratio": 1.74,
            "price_fair": 40.6,
            "eps_avg_yearly": 1.16,
            "eps_latest_yearly": 0.12,
            "eps_growth_yearly": 87.17
        },
        "20214": {
            "year_quarter": 20214,
            "year": 2021,
            "quarter": 4,
            "eps": -0.01,
            "eps_growth_year": -123.92,
            "eps_4q": 0.83,
            "eps_4q_growth_year": -5.26,
            "roe": -0.04,
            "roe_4q": 4.43,
            "gross_profit": 59154,
            "gross_margin": 4.3,
            "gross_margin_4q_avg": 6.22,
            "net_income": -917,
            "net_income_4q": null,
            "revenue": 1375509,
            "revenue_4q": null,
            "common_shares": 1419346,
            "book_valuer_per_share": 18.11,
            "book_valuer_per_share_4q_avg": 18.28,
            "equity": 2570362,
            "current_ratio": 142.29,
            "debt_ratio": 53.44,
            "inventory_turnover_ratio": 1.19,
            "account_receivable_turnover_ratio": 0.73,
            "reinvestment_rate": -67.17,
            "research_to_sale_ratio": 1.14,
            "price_fair": 40.6,
            "eps_avg_yearly": 1.16,
            "eps_latest_yearly": 0.12,
            "eps_growth_yearly": 87.17
        },
        "20221": {
            "year_quarter": 20221,
            "year": 2022,
            "quarter": 1,
            "eps": 0.3,
            "eps_growth_year": null,
            "eps_4q": 1.43,
            "eps_4q_growth_year": 79.02,
            "roe": 1.65,
            "roe_4q": 7.74,
            "gross_profit": 46411,
            "gross_margin": 4.01,
            "gross_margin_4q_avg": 6.01,
            "net_income": 42909,
            "net_income_4q": null,
            "revenue": 1158439,
            "revenue_4q": null,
            "common_shares": 1419346,
            "book_valuer_per_share": 18.46,
            "book_valuer_per_share_4q_avg": 18.4,
            "equity": 2620313,
            "current_ratio": 141.4,
            "debt_ratio": 53.82,
            "inventory_turnover_ratio": 0.94,
            "account_receivable_turnover_ratio": 0.58,
            "reinvestment_rate": -2.92,
            "research_to_sale_ratio": 1.39,
            "price_fair": 40.6,
            "eps_avg_yearly": 1.16,
            "eps_latest_yearly": 0.12,
            "eps_growth_yearly": 87.17
        },
        "20222": {
            "year_quarter": 20222,
            "year": 2022,
            "quarter": 2,
            "eps": -0.13,
            "eps_growth_year": -111.4,
            "eps_4q": 0.16,
            "eps_4q_growth_year": -87.53,
            "roe": -0.75,
            "roe_4q": 0.8299999999999998,
            "gross_profit": 88208,
            "gross_margin": 6.82,
            "gross_margin_4q_avg": 6.15,
            "net_income": -19127,
            "net_income_4q": null,
            "revenue": 1292680,
            "revenue_4q": null,
            "common_shares": 1419346,
            "book_valuer_per_share": 17.67,
            "book_valuer_per_share_4q_avg": 18.07,
            "equity": 2508582,
            "current_ratio": 141.74,
            "debt_ratio": 52.22,
            "inventory_turnover_ratio": 1.02,
            "account_receivable_turnover_ratio": 0.66,
            "reinvestment_rate": -5.48,
            "research_to_sale_ratio": 1.13,
            "price_fair": 40.6,
            "eps_avg_yearly": 1.16,
            "eps_latest_yearly": 0.12,
            "eps_growth_yearly": 87.17
        },
        "20223": {
            "year_quarter": 20223,
            "year": 2022,
            "quarter": 3,
            "eps": 0.54,
            "eps_growth_year": null,
            "eps_4q": 0.7,
            "eps_4q_growth_year": -18.41,
            "roe": 2.99,
            "roe_4q": 3.85,
            "gross_profit": 115579,
            "gross_margin": 9.73,
            "gross_margin_4q_avg": 6.22,
            "net_income": 75780,
            "net_income_4q": null,
            "revenue": 1188327,
            "revenue_4q": null,
            "common_shares": 1419346,
            "book_valuer_per_share": 18.26,
            "book_valuer_per_share_4q_avg": 18.13,
            "equity": 2568589,
            "current_ratio": 142.59,
            "debt_ratio": 48.48,
            "inventory_turnover_ratio": 1.06,
            "account_receivable_turnover_ratio": 0.63,
            "reinvestment_rate": 30.29,
            "research_to_sale_ratio": 1.58,
            "price_fair": 40.6,
            "eps_avg_yearly": 1.16,
            "eps_latest_yearly": 0.12,
            "eps_growth_yearly": 87.17
        },
        "20224": {
            "year_quarter": 20224,
            "year": 2022,
            "quarter": 4,
            "eps": 0.78,
            "eps_growth_year": null,
            "eps_4q": 1.49,
            "eps_4q_growth_year": 79.97,
            "roe": 4.17,
            "roe_4q": 8.06,
            "gross_profit": 156192,
            "gross_margin": 13.6,
            "gross_margin_4q_avg": 8.54,
            "net_income": 109432,
            "net_income_4q": null,
            "revenue": 1148619,
            "revenue_4q": null,
            "common_shares": 1419346,
            "book_valuer_per_share": 18.94,
            "book_valuer_per_share_4q_avg": 18.33,
            "equity": 2683959,
            "current_ratio": 146.89,
            "debt_ratio": 45.5,
            "inventory_turnover_ratio": 1.2,
            "account_receivable_turnover_ratio": 0.65,
            "reinvestment_rate": 52.35,
            "research_to_sale_ratio": 1.28,
            "price_fair": 42.6,
            "eps_avg_yearly": 1.22,
            "eps_latest_yearly": 3.12,
            "eps_growth_yearly": 25.8
        },
        "20231": {
            "year_quarter": 20231,
            "year": 2023,
            "quarter": 1,
            "eps": 0.33,
            "eps_growth_year": 10,
            "eps_4q": 1.51,
            "eps_4q_growth_year": 5.55,
            "roe": 1.71,
            "roe_4q": 8.120000000000001,
            "gross_profit": 135572,
            "gross_margin": 14.82,
            "gross_margin_4q_avg": 11.24,
            "net_income": 45935,
            "net_income_4q": null,
            "revenue": 914730,
            "revenue_4q": null,
            "common_shares": 1419346,
            "book_valuer_per_share": 18.98,
            "book_valuer_per_share_4q_avg": 18.46,
            "equity": 2688757,
            "current_ratio": 153.43,
            "debt_ratio": 44.71,
            "inventory_turnover_ratio": 1.1,
            "account_receivable_turnover_ratio": 0.58,
            "reinvestment_rate": 53.34,
            "research_to_sale_ratio": 2.09,
            "price_fair": 47.6,
            "eps_avg_yearly": 1.36,
            "eps_latest_yearly": 1.32,
            "eps_growth_yearly": 43.25
        },
        "20232": {
            "year_quarter": 20232,
            "year": 2023,
            "quarter": 2,
            "eps": 0.26,
            "eps_growth_year": null,
            "eps_4q": 1.86,
            "eps_4q_growth_year": 1089.8,
            "roe": 1.39,
            "roe_4q": 10.26,
            "gross_profit": 119680,
            "gross_margin": 13.62,
            "gross_margin_4q_avg": 12.94,
            "net_income": 37407,
            "net_income_4q": null,
            "revenue": 878990,
            "revenue_4q": null,
            "common_shares": 1419346,
            "book_valuer_per_share": 19.04,
            "book_valuer_per_share_4q_avg": 18.81,
            "equity": 2696947,
            "current_ratio": 152.94,
            "debt_ratio": 44.04,
            "inventory_turnover_ratio": 1.21,
            "account_receivable_turnover_ratio": 0.61,
            "reinvestment_rate": 53.6,
            "research_to_sale_ratio": 2.36,
            "price_fair": 4.22,
            "eps_avg_yearly": 1.41,
            "eps_latest_yearly": 1.04,
            "eps_growth_yearly": -40.3
        },
        "20233": {
            "year_quarter": 20233,
            "year": 2023,
            "quarter": 3,
            "eps": 1.18,
            "eps_growth_year": 118.52,
            "eps_4q": 2.52,
            "eps_4q_growth_year": 258.66,
            "roe": 6.06,
            "roe_4q": 13.33,
            "gross_profit": 212041,
            "gross_margin": 19.63,
            "gross_margin_4q_avg": 15.42,
            "net_income": 171194,
            "net_income_4q": null,
            "revenue": 1079976,
            "revenue_4q": null,
            "common_shares": 1461521,
            "book_valuer_per_share": 20.25,
            "book_valuer_per_share_4q_avg": 19.3,
            "equity": 2953578,
            "current_ratio": 181.49,
            "debt_ratio": 45.79,
            "inventory_turnover_ratio": 1.36,
            "account_receivable_turnover_ratio": 0.71,
            "reinvestment_rate": 74.96,
            "research_to_sale_ratio": 1.85,
            "price_fair": 63.8,
            "eps_avg_yearly": 1.82,
            "eps_latest_yearly": 4.72,
            "eps_growth_yearly": 76.18
        }
    },
    "months": {
        "2001-09": {
            "month": "2001-09",
            "price": "15.34",
            "revenue": 80233
        },
        "2001-10": {
            "month": "2001-10",
            "price": "15.88",
            "revenue": 79534
        },
        "2001-11": {
            "month": "2001-11",
            "price": "16.90",
            "revenue": 82117
        },
        "2001-12": {
            "month": "2001-12",
            "price": "17.73",
            "revenue": 79215
        },
        "2002-01": {
            "month": "2002-01",
            "price": "22.95",
            "revenue": 88201
        },
        "2002-02": {
            "month": "2002-02",
            "price": "22.99",
            "revenue": 75320
        },
        "2002-03": {
            "month": "2002-03",
            "price": "32.38",
            "revenue": 108272
        },
        "2002-04": {
            "month": "2002-04",
            "price": "31.17",
            "revenue": 101746
        },
        "2002-05": {
            "month": "2002-05",
            "price": "24.88",
            "revenue": 121043
        },
        "2002-06": {
            "month": "2002-06",
            "price": "24.02",
            "revenue": 110845
        },
        "2002-07": {
            "month": "2002-07",
            "price": "20.66",
            "revenue": 111741
        },
        "2002-08": {
            "month": "2002-08",
            "price": "19.84",
            "revenue": 119718
        },
        "2002-09": {
            "month": "2002-09",
            "price": "18.08",
            "revenue": 99855
        },
        "2002-10": {
            "month": "2002-10",
            "price": "20.85",
            "revenue": 106200
        },
        "2002-11": {
            "month": "2002-11",
            "price": "20.83",
            "revenue": 106846
        },
        "2002-12": {
            "month": "2002-12",
            "price": "22.82",
            "revenue": 97599
        },
        "2003-01": {
            "month": "2003-01",
            "price": "23.32",
            "revenue": 82844
        },
        "2003-02": {
            "month": "2003-02",
            "price": "22.56",
            "revenue": 97530
        },
        "2003-03": {
            "month": "2003-03",
            "price": "19.92",
            "revenue": 109452
        },
        "2003-04": {
            "month": "2003-04",
            "price": "18.67",
            "revenue": 105804
        },
        "2003-05": {
            "month": "2003-05",
            "price": "17.70",
            "revenue": 108746
        },
        "2003-06": {
            "month": "2003-06",
            "price": "20.49",
            "revenue": 84221
        },
        "2003-07": {
            "month": "2003-07",
            "price": "21.43",
            "revenue": 107811
        },
        "2003-08": {
            "month": "2003-08",
            "price": "18.39",
            "revenue": 106727
        },
        "2003-09": {
            "month": "2003-09",
            "price": "15.67",
            "revenue": 125391
        },
        "2003-10": {
            "month": "2003-10",
            "price": "15.45",
            "revenue": 154175
        },
        "2003-11": {
            "month": "2003-11",
            "price": "16.78",
            "revenue": 131798
        },
        "2003-12": {
            "month": "2003-12",
            "price": "17.03",
            "revenue": 141985
        },
        "2004-01": {
            "month": "2004-01",
            "price": "17.28",
            "revenue": 95928
        },
        "2004-02": {
            "month": "2004-02",
            "price": "19.83",
            "revenue": 114427
        },
        "2004-03": {
            "month": "2004-03",
            "price": "18.79",
            "revenue": 121340
        },
        "2004-04": {
            "month": "2004-04",
            "price": "18.36",
            "revenue": 118157
        },
        "2004-05": {
            "month": "2004-05",
            "price": "16.21",
            "revenue": 94939
        },
        "2004-06": {
            "month": "2004-06",
            "price": "15.62",
            "revenue": 133025
        },
        "2004-07": {
            "month": "2004-07",
            "price": "13.92",
            "revenue": 144808
        },
        "2004-08": {
            "month": "2004-08",
            "price": "13.88",
            "revenue": 146354
        },
        "2004-09": {
            "month": "2004-09",
            "price": "12.16",
            "revenue": 136921
        },
        "2004-10": {
            "month": "2004-10",
            "price": "11.38",
            "revenue": 150340
        },
        "2004-11": {
            "month": "2004-11",
            "price": "11.52",
            "revenue": 159551
        },
        "2004-12": {
            "month": "2004-12",
            "price": "11.28",
            "revenue": 119730
        },
        "2005-01": {
            "month": "2005-01",
            "price": "10.75",
            "revenue": 122757
        },
        "2005-02": {
            "month": "2005-02",
            "price": "11.36",
            "revenue": 102240
        },
        "2005-03": {
            "month": "2005-03",
            "price": "12.48",
            "revenue": 130397
        },
        "2005-04": {
            "month": "2005-04",
            "price": "11.53",
            "revenue": 117869
        },
        "2005-05": {
            "month": "2005-05",
            "price": "11.45",
            "revenue": 116194
        },
        "2005-06": {
            "month": "2005-06",
            "price": "12.65",
            "revenue": 132445
        },
        "2005-07": {
            "month": "2005-07",
            "price": "14.65",
            "revenue": 140354
        },
        "2005-08": {
            "month": "2005-08",
            "price": "13.14",
            "revenue": 159220
        },
        "2005-09": {
            "month": "2005-09",
            "price": "11.77",
            "revenue": 158414
        },
        "2005-10": {
            "month": "2005-10",
            "price": "11.07",
            "revenue": 156609
        },
        "2005-11": {
            "month": "2005-11",
            "price": "11.81",
            "revenue": 155978
        },
        "2005-12": {
            "month": "2005-12",
            "price": "13.65",
            "revenue": 136520
        },
        "2006-01": {
            "month": "2006-01",
            "price": "15.25",
            "revenue": 115069
        },
        "2006-02": {
            "month": "2006-02",
            "price": "14.67",
            "revenue": 119973
        },
        "2006-03": {
            "month": "2006-03",
            "price": "15.25",
            "revenue": 158036
        },
        "2006-04": {
            "month": "2006-04",
            "price": "15.95",
            "revenue": 161768
        },
        "2006-05": {
            "month": "2006-05",
            "price": "15.26",
            "revenue": 145832
        },
        "2006-06": {
            "month": "2006-06",
            "price": "13.99",
            "revenue": 147034
        },
        "2006-07": {
            "month": "2006-07",
            "price": "14.05",
            "revenue": 164089
        },
        "2006-08": {
            "month": "2006-08",
            "price": "14.30",
            "revenue": 194355
        },
        "2006-09": {
            "month": "2006-09",
            "price": "13.84",
            "revenue": 216003
        },
        "2006-10": {
            "month": "2006-10",
            "price": "15.06",
            "revenue": 250142
        },
        "2006-11": {
            "month": "2006-11",
            "price": "16.48",
            "revenue": 230296
        },
        "2006-12": {
            "month": "2006-12",
            "price": "18.99",
            "revenue": 180697
        },
        "2007-01": {
            "month": "2007-01",
            "price": "19.76",
            "revenue": 167553
        },
        "2007-02": {
            "month": "2007-02",
            "price": "19.25",
            "revenue": 125226
        },
        "2007-03": {
            "month": "2007-03",
            "price": "21.68",
            "revenue": 173705
        },
        "2007-04": {
            "month": "2007-04",
            "price": "22.77",
            "revenue": 188409
        },
        "2007-05": {
            "month": "2007-05",
            "price": "22.88",
            "revenue": 186647
        },
        "2007-06": {
            "month": "2007-06",
            "price": "24.98",
            "revenue": 180679
        },
        "2007-07": {
            "month": "2007-07",
            "price": "26.09",
            "revenue": 204263
        },
        "2007-08": {
            "month": "2007-08",
            "price": "23.07",
            "revenue": 238258
        },
        "2007-09": {
            "month": "2007-09",
            "price": "24.21",
            "revenue": 244420
        },
        "2007-10": {
            "month": "2007-10",
            "price": "22.70",
            "revenue": 247994
        },
        "2007-11": {
            "month": "2007-11",
            "price": "19.21",
            "revenue": 229094
        },
        "2007-12": {
            "month": "2007-12",
            "price": "18.04",
            "revenue": 205417
        },
        "2008-01": {
            "month": "2008-01",
            "price": "17.50",
            "revenue": 215600
        },
        "2008-02": {
            "month": "2008-02",
            "price": "17.30",
            "revenue": 149188
        },
        "2008-03": {
            "month": "2008-03",
            "price": "18.15",
            "revenue": 211625
        },
        "2008-04": {
            "month": "2008-04",
            "price": "18.95",
            "revenue": 217791
        },
        "2008-05": {
            "month": "2008-05",
            "price": "17.56",
            "revenue": 193858
        },
        "2008-06": {
            "month": "2008-06",
            "price": "16.19",
            "revenue": 210922
        },
        "2008-07": {
            "month": "2008-07",
            "price": "12.06",
            "revenue": 275506
        },
        "2008-08": {
            "month": "2008-08",
            "price": "13.71",
            "revenue": 301565
        },
        "2008-09": {
            "month": "2008-09",
            "price": "12.74",
            "revenue": 306493
        },
        "2008-10": {
            "month": "2008-10",
            "price": "11.70",
            "revenue": 294816
        },
        "2008-11": {
            "month": "2008-11",
            "price": "11.28",
            "revenue": 259206
        },
        "2008-12": {
            "month": "2008-12",
            "price": "11.55",
            "revenue": 188903
        },
        "2009-01": {
            "month": "2009-01",
            "price": "11.21",
            "revenue": 132308
        },
        "2009-02": {
            "month": "2009-02",
            "price": "11.48",
            "revenue": 171219
        },
        "2009-03": {
            "month": "2009-03",
            "price": "13.51",
            "revenue": 225203
        },
        "2009-04": {
            "month": "2009-04",
            "price": "20.02",
            "revenue": 240758
        },
        "2009-05": {
            "month": "2009-05",
            "price": "27.18",
            "revenue": 266439
        },
        "2009-06": {
            "month": "2009-06",
            "price": "30.25",
            "revenue": 258266
        },
        "2009-07": {
            "month": "2009-07",
            "price": "33.04",
            "revenue": 297032
        },
        "2009-08": {
            "month": "2009-08",
            "price": "42.37",
            "revenue": 303849
        },
        "2009-09": {
            "month": "2009-09",
            "price": "56.03",
            "revenue": 368361
        },
        "2009-10": {
            "month": "2009-10",
            "price": "55.75",
            "revenue": 292670
        },
        "2009-11": {
            "month": "2009-11",
            "price": "49.23",
            "revenue": 352476
        },
        "2009-12": {
            "month": "2009-12",
            "price": "51.40",
            "revenue": 306303
        },
        "2010-01": {
            "month": "2010-01",
            "price": "55.15",
            "revenue": 287788
        },
        "2010-02": {
            "month": "2010-02",
            "price": "53.62",
            "revenue": 209619
        },
        "2010-03": {
            "month": "2010-03",
            "price": "55.72",
            "revenue": 300701
        },
        "2010-04": {
            "month": "2010-04",
            "price": "56.45",
            "revenue": 334886
        },
        "2010-05": {
            "month": "2010-05",
            "price": "49.18",
            "revenue": 319593
        },
        "2010-06": {
            "month": "2010-06",
            "price": "42.71",
            "revenue": 328654
        },
        "2010-07": {
            "month": "2010-07",
            "price": "39.78",
            "revenue": 377843
        },
        "2010-08": {
            "month": "2010-08",
            "price": "38.85",
            "revenue": 341388
        },
        "2010-09": {
            "month": "2010-09",
            "price": "36.74",
            "revenue": 295831
        },
        "2010-10": {
            "month": "2010-10",
            "price": "33.49",
            "revenue": 262306
        },
        "2010-11": {
            "month": "2010-11",
            "price": "30.71",
            "revenue": 271574
        },
        "2010-12": {
            "month": "2010-12",
            "price": "33.13",
            "revenue": 269630
        },
        "2011-01": {
            "month": "2011-01",
            "price": "32.23",
            "revenue": 298100
        },
        "2011-02": {
            "month": "2011-02",
            "price": "32.01",
            "revenue": 186819
        },
        "2011-03": {
            "month": "2011-03",
            "price": "34.38",
            "revenue": 386284
        },
        "2011-04": {
            "month": "2011-04",
            "price": "34.90",
            "revenue": 385516
        },
        "2011-05": {
            "month": "2011-05",
            "price": "31.23",
            "revenue": 397066
        },
        "2011-06": {
            "month": "2011-06",
            "price": "30.75",
            "revenue": 435930
        },
        "2011-07": {
            "month": "2011-07",
            "price": "29.45",
            "revenue": 388448
        },
        "2011-08": {
            "month": "2011-08",
            "price": "23.67",
            "revenue": 436478
        },
        "2011-09": {
            "month": "2011-09",
            "price": "24.34",
            "revenue": 396760
        },
        "2011-10": {
            "month": "2011-10",
            "price": "25.38",
            "revenue": 361692
        },
        "2011-11": {
            "month": "2011-11",
            "price": "25.31",
            "revenue": 413814
        },
        "2011-12": {
            "month": "2011-12",
            "price": "23.42",
            "revenue": 408953
        },
        "2012-01": {
            "month": "2012-01",
            "price": "25.59",
            "revenue": 320762
        },
        "2012-02": {
            "month": "2012-02",
            "price": "29.11",
            "revenue": 377334
        },
        "2012-03": {
            "month": "2012-03",
            "price": "33.37",
            "revenue": 445570
        },
        "2012-04": {
            "month": "2012-04",
            "price": "32.84",
            "revenue": 414755
        },
        "2012-05": {
            "month": "2012-05",
            "price": "33.05",
            "revenue": 385125
        },
        "2012-06": {
            "month": "2012-06",
            "price": "31.91",
            "revenue": 396018
        },
        "2012-07": {
            "month": "2012-07",
            "price": "33.20",
            "revenue": 417868
        },
        "2012-08": {
            "month": "2012-08",
            "price": "32.25",
            "revenue": 418714
        },
        "2012-09": {
            "month": "2012-09",
            "price": "32.41",
            "revenue": 407753
        },
        "2012-10": {
            "month": "2012-10",
            "price": "30.68",
            "revenue": 324446
        },
        "2012-11": {
            "month": "2012-11",
            "price": "29.58",
            "revenue": 395406
        },
        "2012-12": {
            "month": "2012-12",
            "price": "29.77",
            "revenue": 390366
        },
        "2013-01": {
            "month": "2013-01",
            "price": "30.64",
            "revenue": 422188
        },
        "2013-02": {
            "month": "2013-02",
            "price": "31.35",
            "revenue": 235669
        },
        "2013-03": {
            "month": "2013-03",
            "price": "31.45",
            "revenue": 388240
        },
        "2013-04": {
            "month": "2013-04",
            "price": "30.85",
            "revenue": 375426
        },
        "2013-05": {
            "month": "2013-05",
            "price": "30.47",
            "revenue": 365955
        },
        "2013-06": {
            "month": "2013-06",
            "price": "28.94",
            "revenue": 342115
        },
        "2013-07": {
            "month": "2013-07",
            "price": "27.83",
            "revenue": 401207
        },
        "2013-08": {
            "month": "2013-08",
            "price": "24.03",
            "revenue": 403260
        },
        "2013-09": {
            "month": "2013-09",
            "price": "24.82",
            "revenue": 373828
        },
        "2013-10": {
            "month": "2013-10",
            "price": "24.92",
            "revenue": 343877
        },
        "2013-11": {
            "month": "2013-11",
            "price": "24.86",
            "revenue": 431466
        },
        "2013-12": {
            "month": "2013-12",
            "price": "26.02",
            "revenue": 446268
        },
        "2014-01": {
            "month": "2014-01",
            "price": "28.89",
            "revenue": 383912
        },
        "2014-02": {
            "month": "2014-02",
            "price": "34.88",
            "revenue": 226517
        },
        "2014-03": {
            "month": "2014-03",
            "price": "32.19",
            "revenue": 342771
        },
        "2014-04": {
            "month": "2014-04",
            "price": "29.57",
            "revenue": 359780
        },
        "2014-05": {
            "month": "2014-05",
            "price": "29.30",
            "revenue": 374741
        },
        "2014-06": {
            "month": "2014-06",
            "price": "32.85",
            "revenue": 408365
        },
        "2014-07": {
            "month": "2014-07",
            "price": "32.63",
            "revenue": 447296
        },
        "2014-08": {
            "month": "2014-08",
            "price": "30.72",
            "revenue": 408279
        },
        "2014-09": {
            "month": "2014-09",
            "price": "29.56",
            "revenue": 367683
        },
        "2014-10": {
            "month": "2014-10",
            "price": "23.48",
            "revenue": 363532
        },
        "2014-11": {
            "month": "2014-11",
            "price": "22.98",
            "revenue": 418298
        },
        "2014-12": {
            "month": "2014-12",
            "price": "23.93",
            "revenue": 416188
        },
        "2015-01": {
            "month": "2015-01",
            "price": "24.55",
            "revenue": 436584
        },
        "2015-02": {
            "month": "2015-02",
            "price": "24.01",
            "revenue": 239777
        },
        "2015-03": {
            "month": "2015-03",
            "price": "24.25",
            "revenue": 329814
        },
        "2015-04": {
            "month": "2015-04",
            "price": "22.70",
            "revenue": 374722
        },
        "2015-05": {
            "month": "2015-05",
            "price": "21.87",
            "revenue": 339507
        },
        "2015-06": {
            "month": "2015-06",
            "price": "19.77",
            "revenue": 320603
        },
        "2015-07": {
            "month": "2015-07",
            "price": "16.50",
            "revenue": 347670
        },
        "2015-08": {
            "month": "2015-08",
            "price": "14.61",
            "revenue": 343547
        },
        "2015-09": {
            "month": "2015-09",
            "price": "15.00",
            "revenue": 360141
        },
        "2015-10": {
            "month": "2015-10",
            "price": "15.92",
            "revenue": 345261
        },
        "2015-11": {
            "month": "2015-11",
            "price": "15.50",
            "revenue": 371681
        },
        "2015-12": {
            "month": "2015-12",
            "price": "17.21",
            "revenue": 360508
        },
        "2016-01": {
            "month": "2016-01",
            "price": "16.13",
            "revenue": 360490
        },
        "2016-02": {
            "month": "2016-02",
            "price": "17.06",
            "revenue": 166583
        },
        "2016-03": {
            "month": "2016-03",
            "price": "17.69",
            "revenue": 335429
        },
        "2016-04": {
            "month": "2016-04",
            "price": "17.56",
            "revenue": 326815
        },
        "2016-05": {
            "month": "2016-05",
            "price": "17.46",
            "revenue": 338598
        },
        "2016-06": {
            "month": "2016-06",
            "price": "17.43",
            "revenue": 328652
        },
        "2016-07": {
            "month": "2016-07",
            "price": "17.81",
            "revenue": 387304
        },
        "2016-08": {
            "month": "2016-08",
            "price": "17.83",
            "revenue": 393523
        },
        "2016-09": {
            "month": "2016-09",
            "price": "19.01",
            "revenue": 409711
        },
        "2016-10": {
            "month": "2016-10",
            "price": "20.01",
            "revenue": 364076
        },
        "2016-11": {
            "month": "2016-11",
            "price": "19.52",
            "revenue": 394926
        },
        "2016-12": {
            "month": "2016-12",
            "price": "20.51",
            "revenue": 411049
        },
        "2017-01": {
            "month": "2017-01",
            "price": "20.84",
            "revenue": 300217
        },
        "2017-02": {
            "month": "2017-02",
            "price": "21.49",
            "revenue": 241004
        },
        "2017-03": {
            "month": "2017-03",
            "price": "22.17",
            "revenue": 370422
        },
        "2017-04": {
            "month": "2017-04",
            "price": "21.92",
            "revenue": 331378
        },
        "2017-05": {
            "month": "2017-05",
            "price": "22.75",
            "revenue": 356040
        },
        "2017-06": {
            "month": "2017-06",
            "price": "23.52",
            "revenue": 363307
        },
        "2017-07": {
            "month": "2017-07",
            "price": "25.01",
            "revenue": 373858
        },
        "2017-08": {
            "month": "2017-08",
            "price": "26.65",
            "revenue": 432136
        },
        "2017-09": {
            "month": "2017-09",
            "price": "27.20",
            "revenue": 398257
        },
        "2017-10": {
            "month": "2017-10",
            "price": "32.43",
            "revenue": 394626
        },
        "2017-11": {
            "month": "2017-11",
            "price": "33.06",
            "revenue": 451052
        },
        "2017-12": {
            "month": "2017-12",
            "price": "30.58",
            "revenue": 410309
        },
        "2018-01": {
            "month": "2018-01",
            "price": "31.55",
            "revenue": 377099
        },
        "2018-02": {
            "month": "2018-02",
            "price": "29.87",
            "revenue": 189365
        },
        "2018-03": {
            "month": "2018-03",
            "price": "30.18",
            "revenue": 321694
        },
        "2018-04": {
            "month": "2018-04",
            "price": "26.15",
            "revenue": 356471
        },
        "2018-05": {
            "month": "2018-05",
            "price": "26.17",
            "revenue": 364038
        },
        "2018-06": {
            "month": "2018-06",
            "price": "28.72",
            "revenue": 383215
        },
        "2018-07": {
            "month": "2018-07",
            "price": "29.14",
            "revenue": 389273
        },
        "2018-08": {
            "month": "2018-08",
            "price": "28.19",
            "revenue": 453343
        },
        "2018-09": {
            "month": "2018-09",
            "price": "27.47",
            "revenue": 434818
        },
        "2018-10": {
            "month": "2018-10",
            "price": "26.38",
            "revenue": 415879
        },
        "2018-11": {
            "month": "2018-11",
            "price": "26.42",
            "revenue": 397083
        },
        "2018-12": {
            "month": "2018-12",
            "price": "27.62",
            "revenue": 399587
        },
        "2019-01": {
            "month": "2019-01",
            "price": "27.26",
            "revenue": 378798
        },
        "2019-02": {
            "month": "2019-02",
            "price": "27.74",
            "revenue": 208551
        },
        "2019-03": {
            "month": "2019-03",
            "price": "27.64",
            "revenue": 394967
        },
        "2019-04": {
            "month": "2019-04",
            "price": "28.62",
            "revenue": 364284
        },
        "2019-05": {
            "month": "2019-05",
            "price": "28.32",
            "revenue": 427102
        },
        "2019-06": {
            "month": "2019-06",
            "price": "27.87",
            "revenue": 425409
        },
        "2019-07": {
            "month": "2019-07",
            "price": "29.51",
            "revenue": 407545
        },
        "2019-08": {
            "month": "2019-08",
            "price": "31.45",
            "revenue": 441726
        },
        "2019-09": {
            "month": "2019-09",
            "price": "30.96",
            "revenue": 454594
        },
        "2019-10": {
            "month": "2019-10",
            "price": "29.45",
            "revenue": 404022
        },
        "2019-11": {
            "month": "2019-11",
            "price": "29.05",
            "revenue": 428926
        },
        "2019-12": {
            "month": "2019-12",
            "price": "28.70",
            "revenue": 373290
        },
        "2020-01": {
            "month": "2020-01",
            "price": "28.51",
            "revenue": 270066
        },
        "2020-02": {
            "month": "2020-02",
            "price": "25.78",
            "revenue": 123663
        },
        "2020-03": {
            "month": "2020-03",
            "price": "25.30",
            "revenue": 300324
        },
        "2020-04": {
            "month": "2020-04",
            "price": "25.02",
            "revenue": 426940
        },
        "2020-05": {
            "month": "2020-05",
            "price": "26.61",
            "revenue": 461434
        },
        "2020-06": {
            "month": "2020-06",
            "price": "26.38",
            "revenue": 415871
        },
        "2020-07": {
            "month": "2020-07",
            "price": "26.19",
            "revenue": 442993
        },
        "2020-08": {
            "month": "2020-08",
            "price": "25.77",
            "revenue": 404414
        },
        "2020-09": {
            "month": "2020-09",
            "price": "24.97",
            "revenue": 427442
        },
        "2020-10": {
            "month": "2020-10",
            "price": "24.46",
            "revenue": 406609
        },
        "2020-11": {
            "month": "2020-11",
            "price": "26.17",
            "revenue": 410150
        },
        "2020-12": {
            "month": "2020-12",
            "price": "30.87",
            "revenue": 439516
        },
        "2021-01": {
            "month": "2021-01",
            "price": "28.39",
            "revenue": 435608
        },
        "2021-02": {
            "month": "2021-02",
            "price": "28.34",
            "revenue": 282308
        },
        "2021-03": {
            "month": "2021-03",
            "price": "29.11",
            "revenue": 359034
        },
        "2021-04": {
            "month": "2021-04",
            "price": "32.76",
            "revenue": 449291
        },
        "2021-05": {
            "month": "2021-05",
            "price": "30.39",
            "revenue": 419862
        },
        "2021-06": {
            "month": "2021-06",
            "price": "31.56",
            "revenue": 408170
        },
        "2021-07": {
            "month": "2021-07",
            "price": "31.08",
            "revenue": 393545
        },
        "2021-08": {
            "month": "2021-08",
            "price": "28.22",
            "revenue": 416644
        },
        "2021-09": {
            "month": "2021-09",
            "price": "26.96",
            "revenue": 385886
        },
        "2021-10": {
            "month": "2021-10",
            "price": "26.29",
            "revenue": 399286
        },
        "2021-11": {
            "month": "2021-11",
            "price": "30.15",
            "revenue": 477569
        },
        "2021-12": {
            "month": "2021-12",
            "price": "28.74",
            "revenue": 495771
        },
        "2022-01": {
            "month": "2022-01",
            "price": "28.10",
            "revenue": 450104
        },
        "2022-02": {
            "month": "2022-02",
            "price": "34.85",
            "revenue": 289498
        },
        "2022-03": {
            "month": "2022-03",
            "price": "34.33",
            "revenue": 418839
        },
        "2022-04": {
            "month": "2022-04",
            "price": "30.50",
            "revenue": 416328
        },
        "2022-05": {
            "month": "2022-05",
            "price": "27.44",
            "revenue": 409188
        },
        "2022-06": {
            "month": "2022-06",
            "price": "27.15",
            "revenue": 467163
        },
        "2022-07": {
            "month": "2022-07",
            "price": "25.75",
            "revenue": 420166
        },
        "2022-08": {
            "month": "2022-08",
            "price": "28.12",
            "revenue": 386064
        },
        "2022-09": {
            "month": "2022-09",
            "price": "25.95",
            "revenue": 382097
        },
        "2022-10": {
            "month": "2022-10",
            "price": "24.54",
            "revenue": 357001
        },
        "2022-11": {
            "month": "2022-11",
            "price": "25.59",
            "revenue": 391175
        },
        "2022-12": {
            "month": "2022-12",
            "price": "28.31",
            "revenue": 401102
        },
        "2023-01": {
            "month": "2023-01",
            "price": "28.05",
            "revenue": 229405
        },
        "2023-02": {
            "month": "2023-02",
            "price": "31.21",
            "revenue": 316063
        },
        "2023-03": {
            "month": "2023-03",
            "price": "32.09",
            "revenue": 369263
        },
        "2023-04": {
            "month": "2023-04",
            "price": "31.89",
            "revenue": 296451
        },
        "2023-05": {
            "month": "2023-05",
            "price": "31.23",
            "revenue": 303690
        },
        "2023-06": {
            "month": "2023-06",
            "price": "32.88",
            "revenue": 278849
        },
        "2023-07": {
            "month": "2023-07",
            "price": "31.25",
            "revenue": 337401
        },
        "2023-08": {
            "month": "2023-08",
            "price": "36.89",
            "revenue": 363955
        },
        "2023-09": {
            "month": "2023-09",
            "price": "38.96",
            "revenue": 378619
        },
        "2023-10": {
            "month": "2023-10",
            "price": "38.93",
            "revenue": 362130
        },
        "2023-11": {
            "month": "2023-11",
            "price": "39.67",
            "revenue": 380278
        },
        "2023-12": {
            "month": "2023-12",
            "price": "38.78",
            "revenue": 305087
        }
    }
}
