{
    "summary": {
        "stock_name": "盟立",
        "stock_id": "2464",
        "category": "其他電子",
        "main_business": "設計.開發.生產.製造及銷售下列產品:自動化設備系統及其零組件,<br>電腦 控制設備及系統,醫療器材及其自動化生產設備,立體停車設備,<br>前項產品 工程之規劃.安裝, 技術咨詢顧問,維修及租賃",
        "website_url": "http://www.mirle.com.tw",
        "ceo": "孫弘",
        "pe_ratio": 40,
        "report_year_from": 2001,
        "report_year_to": 2023,
        "age": 22,
        "eps_negative_percentage": 0,
        "eps_growth_avg": {
            "last_all": 8.1,
            "last_2y": -8.03,
            "last_4y": 9.51,
            "last_8y": 7.82,
            "last_12y": 9.11,
            "last_16y": 3.88,
            "last_20y": 8.1,
            "at_2006_last_3y": 22.88,
            "at_2007_last_3y": 29.06,
            "at_2008_last_3y": 10.06,
            "at_2009_last_3y": -13.1,
            "at_2010_last_3y": -1.54,
            "at_2011_last_3y": -11.14,
            "at_2012_last_3y": -13.48,
            "at_2013_last_3y": 12,
            "at_2014_last_3y": -0.63,
            "at_2015_last_3y": 19.62,
            "at_2016_last_3y": 27.52,
            "at_2017_last_3y": 5.71,
            "at_2018_last_3y": 28.34,
            "at_2019_last_3y": 10.08,
            "at_2020_last_3y": 7.66,
            "at_2021_last_3y": 12.45,
            "at_2022_last_3y": -13.11,
            "at_2023_last_3y": -13.11,
            "at_2006_last_all": 23.58,
            "at_2007_last_all": 20.01,
            "at_2008_last_all": 11.78,
            "at_2009_last_all": 6.47,
            "at_2010_last_all": 12.42,
            "at_2011_last_all": 7.55,
            "at_2012_last_all": 2.6,
            "at_2013_last_all": 8.31,
            "at_2014_last_all": 8.4,
            "at_2015_last_all": 10.99,
            "at_2016_last_all": 9.24,
            "at_2017_last_all": 7.66,
            "at_2018_last_all": 13.09,
            "at_2019_last_all": 10.79,
            "at_2020_last_all": 8.91,
            "at_2021_last_all": 8.62,
            "at_2022_last_all": 8.1,
            "at_2023_last_all": 8.1
        },
        "latest_eps": 0.97,
        "latest_price": 38.9,
        "latest_roe": 4.78,
        "latest_gross_margin": 18.67,
        "latest_equity": 4011081,
        "latest_revenue": 2000865,
        "latest_gross_profit": 373511,
        "latest_net_income": 15427,
        "latest_debt_ratio": 66.1,
        "latest_current_ratio": 120.46,
        "latest_account_receivable_turnover_ratio": 4.2,
        "latest_inventory_turnover_ratio": 0.97,
        "latest_reinvestment_rate": 39.09,
        "latest_research_to_sale_ratio": 7.25
    },
    "eps_dividends": {
        "1999": {
            "cash": 0.5,
            "stock": 0.5,
            "eps": 0
        },
        "2000": {
            "cash": 0.3,
            "stock": 0.7,
            "eps": 0
        },
        "2001": {
            "cash": 0.4,
            "stock": 1,
            "eps": 1.86
        },
        "2002": {
            "cash": 0.3,
            "stock": 1,
            "eps": 2.35
        },
        "2003": {
            "cash": 0.7,
            "stock": 1,
            "eps": 1.82
        },
        "2004": {
            "cash": 0.4,
            "stock": 1,
            "eps": 2.52
        },
        "2005": {
            "cash": 1.5,
            "stock": 0.5,
            "eps": 4.08
        },
        "2006": {
            "cash": 1.98,
            "stock": 0.69,
            "eps": 4.64
        },
        "2007": {
            "cash": 3,
            "stock": 0.4,
            "eps": 4.74
        },
        "2008": {
            "cash": 3.2,
            "stock": 0.5,
            "eps": 2.96
        },
        "2009": {
            "cash": 2.1,
            "stock": 0,
            "eps": 2.05
        },
        "2010": {
            "cash": 1.6,
            "stock": 0,
            "eps": 3.28
        },
        "2011": {
            "cash": 3.2,
            "stock": 0.8,
            "eps": 2.09
        },
        "2012": {
            "cash": 0,
            "stock": 0,
            "eps": 1.11
        },
        "2013": {
            "cash": 1,
            "stock": 0,
            "eps": 1.9
        },
        "2014": {
            "cash": 1.5,
            "stock": 0,
            "eps": 2.08
        },
        "2015": {
            "cash": 1.1,
            "stock": 0.5,
            "eps": 3.01
        },
        "2016": {
            "cash": 2.3,
            "stock": 0,
            "eps": 2.55
        },
        "2017": {
            "cash": 1.8,
            "stock": 0.2,
            "eps": 2.14
        },
        "2018": {
            "cash": 1.5,
            "stock": 0,
            "eps": 4.87
        },
        "2019": {
            "cash": 3.3,
            "stock": 0,
            "eps": 3.49
        },
        "2020": {
            "cash": 2.5,
            "stock": 0,
            "eps": 2.62
        },
        "2021": {
            "cash": 2,
            "stock": 0,
            "eps": 2.7
        },
        "2022": {
            "cash": 2.2,
            "stock": 0,
            "eps": 2.64
        },
        "2023": {
            "cash": 1.8,
            "stock": 0,
            "eps": 0.12
        }
    },
    "dividends": {
        "1999-06-03": {
            "cash": 0.5,
            "stock": 0.5
        },
        "2000-06-02": {
            "cash": 0.3,
            "stock": 0.7
        },
        "2001-05-23": {
            "cash": 0.4,
            "stock": 1
        },
        "2002-06-14": {
            "cash": 0.3,
            "stock": 1
        },
        "2003-03-27": {
            "cash": 0.7,
            "stock": 1
        },
        "2004-03-22": {
            "cash": 0.4,
            "stock": 1
        },
        "2005-04-01": {
            "cash": 1.5,
            "stock": 0.5
        },
        "2006-03-01": {
            "cash": 1.98,
            "stock": 0.69
        },
        "2007-03-12": {
            "cash": 3,
            "stock": 0.4
        },
        "2008-03-11": {
            "cash": 3.2,
            "stock": 0.5
        },
        "2009-03-17": {
            "cash": 2.1,
            "stock": 0
        },
        "2010-03-18": {
            "cash": 1.6,
            "stock": 0
        },
        "2011-01-01": {
            "cash": 1,
            "stock": 0.3
        },
        "2011-03-28": {
            "cash": 2.2,
            "stock": 0.5
        },
        "2013-03-29": {
            "cash": 1,
            "stock": 0
        },
        "2014-06-19": {
            "cash": 1.5,
            "stock": 0
        },
        "2015-09-02": {
            "cash": 1.1,
            "stock": 0.5
        },
        "2016-08-10": {
            "cash": 2.3,
            "stock": 0
        },
        "2017-08-30": {
            "cash": 1.8,
            "stock": 0.2
        },
        "2018-07-27": {
            "cash": 1.5,
            "stock": 0
        },
        "2019-08-07": {
            "cash": 3.3,
            "stock": 0
        },
        "2020-07-29": {
            "cash": 2.5,
            "stock": 0
        },
        "2021-09-10": {
            "cash": 2,
            "stock": 0
        },
        "2022-07-29": {
            "cash": 2.2,
            "stock": 0
        },
        "2023-07-28": {
            "cash": 1.8,
            "stock": 0
        }
    },
    "prices": {
        "200101": "無",
        "200102": "無",
        "200103": "無",
        "200104": "無",
        "200105": "無",
        "200106": "無",
        "200107": "無",
        "200108": "無",
        "200109": "14.28",
        "200110": "16.22",
        "200111": "18.05",
        "200112": "22.41",
        "200201": "24.39",
        "200202": "25.41",
        "200203": "27.99",
        "200204": "28.56",
        "200205": "25.54",
        "200206": "25.38",
        "200207": "23.48",
        "200208": "24.01",
        "200209": "29.55",
        "200210": "29.99",
        "200211": "30.86",
        "200212": "28.81",
        "200301": "28.04",
        "200302": "26.12",
        "200303": "24.30",
        "200304": "24.14",
        "200305": "23.16",
        "200306": "24.42",
        "200307": "24.89",
        "200308": "23.10",
        "200309": "22.81",
        "200310": "22.73",
        "200311": "23.38",
        "200312": "23.96",
        "200401": "25.65",
        "200402": "27.02",
        "200403": "25.49",
        "200404": "26.06",
        "200405": "23.82",
        "200406": "23.04",
        "200407": "20.66",
        "200408": "20.95",
        "200409": "20.48",
        "200410": "19.80",
        "200411": "19.52",
        "200412": "19.36",
        "200501": "19.20",
        "200502": "21.18",
        "200503": "22.72",
        "200504": "22.54",
        "200505": "23.26",
        "200506": "23.70",
        "200507": "25.22",
        "200508": "26.66",
        "200509": "26.13",
        "200510": "25.72",
        "200511": "25.25",
        "200512": "29.08",
        "200601": "32.19",
        "200602": "33.07",
        "200603": "34.89",
        "200604": "36.35",
        "200605": "36.62",
        "200606": "33.26",
        "200607": "31.82",
        "200608": "29.53",
        "200609": "29.55",
        "200610": "29.99",
        "200611": "31.71",
        "200612": "33.12",
        "200701": "33.90",
        "200702": "33.30",
        "200703": "34.59",
        "200704": "37.34",
        "200705": "37.82",
        "200706": "35.34",
        "200707": "38.04",
        "200708": "38.12",
        "200709": "39.46",
        "200710": "40.75",
        "200711": "39.75",
        "200712": "38.21",
        "200801": "38.48",
        "200802": "37.35",
        "200803": "39.06",
        "200804": "40.64",
        "200805": "40.50",
        "200806": "38.03",
        "200807": "32.35",
        "200808": "30.94",
        "200809": "26.03",
        "200810": "20.89",
        "200811": "16.40",
        "200812": "15.70",
        "200901": "16.11",
        "200902": "15.80",
        "200903": "18.58",
        "200904": "22.08",
        "200905": "22.61",
        "200906": "22.08",
        "200907": "20.73",
        "200908": "22.08",
        "200909": "22.85",
        "200910": "26.96",
        "200911": "27.95",
        "200912": "30.07",
        "201001": "30.66",
        "201002": "29.10",
        "201003": "30.32",
        "201004": "31.96",
        "201005": "29.01",
        "201006": "30.38",
        "201007": "30.72",
        "201008": "30.75",
        "201009": "30.78",
        "201010": "31.02",
        "201011": "30.79",
        "201012": "32.77",
        "201101": "33.68",
        "201102": "32.59",
        "201103": "32.65",
        "201104": "33.68",
        "201105": "34.84",
        "201106": "34.17",
        "201107": "33.11",
        "201108": "27.29",
        "201109": "26.76",
        "201110": "23.81",
        "201111": "22.45",
        "201112": "21.15",
        "201201": "22.50",
        "201202": "24.26",
        "201203": "25.11",
        "201204": "22.92",
        "201205": "21.80",
        "201206": "20.64",
        "201207": "21.56",
        "201208": "19.70",
        "201209": "20.20",
        "201210": "19.70",
        "201211": "17.86",
        "201212": "18.30",
        "201301": "20.37",
        "201302": "20.29",
        "201303": "20.57",
        "201304": "20.52",
        "201305": "21.64",
        "201306": "22.19",
        "201307": "22.47",
        "201308": "22.53",
        "201309": "24.85",
        "201310": "24.77",
        "201311": "23.61",
        "201312": "24.59",
        "201401": "26.32",
        "201402": "29.23",
        "201403": "31.80",
        "201404": "29.86",
        "201405": "28.04",
        "201406": "30.69",
        "201407": "29.91",
        "201408": "28.96",
        "201409": "29.11",
        "201410": "26.27",
        "201411": "26.38",
        "201412": "27.40",
        "201501": "28.27",
        "201502": "29.02",
        "201503": "29.52",
        "201504": "29.77",
        "201505": "29.00",
        "201506": "28.42",
        "201507": "28.47",
        "201508": "25.34",
        "201509": "25.35",
        "201510": "27.61",
        "201511": "29.85",
        "201512": "33.13",
        "201601": "32.95",
        "201602": "36.08",
        "201603": "39.94",
        "201604": "36.15",
        "201605": "34.42",
        "201606": "38.29",
        "201607": "43.90",
        "201608": "42.89",
        "201609": "45.14",
        "201610": "40.59",
        "201611": "36.62",
        "201612": "37.27",
        "201701": "38.78",
        "201702": "39.09",
        "201703": "40.99",
        "201704": "40.94",
        "201705": "38.76",
        "201706": "39.96",
        "201707": "40.46",
        "201708": "41.25",
        "201709": "43.21",
        "201710": "44.40",
        "201711": "42.57",
        "201712": "43.75",
        "201801": "52.00",
        "201802": "50.53",
        "201803": "47.12",
        "201804": "44.52",
        "201805": "45.43",
        "201806": "44.81",
        "201807": "41.83",
        "201808": "44.01",
        "201809": "43.67",
        "201810": "39.54",
        "201811": "41.01",
        "201812": "42.95",
        "201901": "40.68",
        "201902": "41.57",
        "201903": "43.94",
        "201904": "49.39",
        "201905": "48.48",
        "201906": "46.96",
        "201907": "45.86",
        "201908": "41.97",
        "201909": "40.44",
        "201910": "38.35",
        "201911": "39.32",
        "201912": "39.55",
        "202001": "38.58",
        "202002": "35.69",
        "202003": "30.87",
        "202004": "32.40",
        "202005": "36.49",
        "202006": "38.19",
        "202007": "46.73",
        "202008": "44.27",
        "202009": "42.91",
        "202010": "40.89",
        "202011": "41.50",
        "202012": "43.24",
        "202101": "43.98",
        "202102": "43.09",
        "202103": "46.24",
        "202104": "50.17",
        "202105": "43.65",
        "202106": "44.46",
        "202107": "44.14",
        "202108": "41.94",
        "202109": "41.38",
        "202110": "41.04",
        "202111": "42.94",
        "202112": "42.20",
        "202201": "43.08",
        "202202": "42.74",
        "202203": "41.23",
        "202204": "40.51",
        "202205": "39.98",
        "202206": "40.00",
        "202207": "37.39",
        "202208": "39.36",
        "202209": "39.37",
        "202210": "36.64",
        "202211": "37.26",
        "202212": "38.43",
        "202301": "38.34",
        "202302": "39.12",
        "202303": "38.42",
        "202304": "37.92",
        "202305": "37.51",
        "202306": "37.88",
        "202307": "37.37",
        "202308": "38.96",
        "202309": "40.40"
    },
    "quarters": {
        "20011": {
            "year_quarter": 20011,
            "year": 2001,
            "quarter": 1,
            "eps": 0.58,
            "eps_growth_year": 75.76,
            "eps_4q": 2.28,
            "eps_4q_growth_year": 87.76,
            "roe": 4.5,
            "roe_4q": 4.5,
            "gross_profit": 104402,
            "gross_margin": 20.67,
            "gross_margin_4q_avg": 20.67,
            "net_income": 35798,
            "revenue": 505052,
            "common_shares": 620725,
            "book_valuer_per_share": 13.09,
            "book_valuer_per_share_4q_avg": 13.09,
            "equity": 812440,
            "current_ratio": 216.4,
            "debt_ratio": 42.07,
            "inventory_turnover_ratio": 0.72,
            "account_receivable_turnover_ratio": null,
            "reinvestment_rate": null,
            "research_to_sale_ratio": null,
            "price_fair": 0,
            "eps_avg_yearly": 0,
            "eps_latest_yearly": 0,
            "eps_growth_yearly": 0
        },
        "20012": {
            "year_quarter": 20012,
            "year": 2001,
            "quarter": 2,
            "eps": 0.25,
            "eps_growth_year": -50,
            "eps_4q": 1.8,
            "eps_4q_growth_year": 29.46,
            "roe": 2.19,
            "roe_4q": 6.6899999999999995,
            "gross_profit": 87660,
            "gross_margin": 16.69,
            "gross_margin_4q_avg": 18.68,
            "net_income": 17687,
            "revenue": 525323,
            "common_shares": 620725,
            "book_valuer_per_share": 12.98,
            "book_valuer_per_share_4q_avg": 13.04,
            "equity": 805928,
            "current_ratio": 230.35,
            "debt_ratio": 40.39,
            "inventory_turnover_ratio": 0.94,
            "account_receivable_turnover_ratio": null,
            "reinvestment_rate": null,
            "research_to_sale_ratio": null,
            "price_fair": 0,
            "eps_avg_yearly": 0,
            "eps_latest_yearly": 0,
            "eps_growth_yearly": 0
        },
        "20013": {
            "year_quarter": 20013,
            "year": 2001,
            "quarter": 3,
            "eps": 0.42,
            "eps_growth_year": 2.44,
            "eps_4q": 1.89,
            "eps_4q_growth_year": 23.54,
            "roe": 3.55,
            "roe_4q": 10.24,
            "gross_profit": 90228,
            "gross_margin": 18.19,
            "gross_margin_4q_avg": 18.52,
            "net_income": 29095,
            "revenue": 495987,
            "common_shares": 699540,
            "book_valuer_per_share": 11.94,
            "book_valuer_per_share_4q_avg": 12.67,
            "equity": 835350,
            "current_ratio": 249.7,
            "debt_ratio": 37.89,
            "inventory_turnover_ratio": 1.04,
            "account_receivable_turnover_ratio": null,
            "reinvestment_rate": null,
            "research_to_sale_ratio": null,
            "price_fair": 0,
            "eps_avg_yearly": 0,
            "eps_latest_yearly": 0,
            "eps_growth_yearly": 0
        },
        "20014": {
            "year_quarter": 20014,
            "year": 2001,
            "quarter": 4,
            "eps": 0.61,
            "eps_growth_year": -21.79,
            "eps_4q": 1.8,
            "eps_4q_growth_year": -10.15,
            "roe": 4.93,
            "roe_4q": 15.17,
            "gross_profit": 88794,
            "gross_margin": 19.07,
            "gross_margin_4q_avg": 18.66,
            "net_income": 42277,
            "revenue": 465687,
            "common_shares": 699540,
            "book_valuer_per_share": 12.56,
            "book_valuer_per_share_4q_avg": 12.64,
            "equity": 878370,
            "current_ratio": 207.61,
            "debt_ratio": 44.67,
            "inventory_turnover_ratio": 0.8,
            "account_receivable_turnover_ratio": null,
            "reinvestment_rate": null,
            "research_to_sale_ratio": null,
            "price_fair": 0,
            "eps_avg_yearly": 0,
            "eps_latest_yearly": 0,
            "eps_growth_yearly": 0
        },
        "20021": {
            "year_quarter": 20021,
            "year": 2002,
            "quarter": 1,
            "eps": 0.32,
            "eps_growth_year": -44.83,
            "eps_4q": 1.58,
            "eps_4q_growth_year": -30.46,
            "roe": 2.53,
            "roe_4q": 13.199999999999998,
            "gross_profit": 80943,
            "gross_margin": 18.06,
            "gross_margin_4q_avg": 18,
            "net_income": 22564,
            "revenue": 448104,
            "common_shares": 699540,
            "book_valuer_per_share": 12.89,
            "book_valuer_per_share_4q_avg": 12.59,
            "equity": 901887,
            "current_ratio": 208.26,
            "debt_ratio": 43.98,
            "inventory_turnover_ratio": 0.64,
            "account_receivable_turnover_ratio": null,
            "reinvestment_rate": null,
            "research_to_sale_ratio": null,
            "price_fair": 3.84,
            "eps_avg_yearly": 1.28,
            "eps_latest_yearly": 1.28,
            "eps_growth_yearly": -190.16
        },
        "20022": {
            "year_quarter": 20022,
            "year": 2002,
            "quarter": 2,
            "eps": 0.44,
            "eps_growth_year": 76,
            "eps_4q": 1.79,
            "eps_4q_growth_year": -0.18,
            "roe": 3.38,
            "roe_4q": 14.39,
            "gross_profit": 115019,
            "gross_margin": 23.37,
            "gross_margin_4q_avg": 19.67,
            "net_income": 30556,
            "revenue": 492170,
            "common_shares": 699540,
            "book_valuer_per_share": 12.96,
            "book_valuer_per_share_4q_avg": 12.59,
            "equity": 906804,
            "current_ratio": 181.72,
            "debt_ratio": 49.3,
            "inventory_turnover_ratio": 0.63,
            "account_receivable_turnover_ratio": null,
            "reinvestment_rate": null,
            "research_to_sale_ratio": null,
            "price_fair": 4.56,
            "eps_avg_yearly": 1.52,
            "eps_latest_yearly": 1.76,
            "eps_growth_yearly": -20.08
        },
        "20023": {
            "year_quarter": 20023,
            "year": 2002,
            "quarter": 3,
            "eps": 0.84,
            "eps_growth_year": 100,
            "eps_4q": 2.06,
            "eps_4q_growth_year": 9.06,
            "roe": 6.98,
            "roe_4q": 17.82,
            "gross_profit": 133660,
            "gross_margin": 22.87,
            "gross_margin_4q_avg": 20.84,
            "net_income": 65694,
            "revenue": 584343,
            "common_shares": 786350,
            "book_valuer_per_share": 12.39,
            "book_valuer_per_share_4q_avg": 12.7,
            "equity": 974663,
            "current_ratio": 175.56,
            "debt_ratio": 48.86,
            "inventory_turnover_ratio": 0.71,
            "account_receivable_turnover_ratio": null,
            "reinvestment_rate": null,
            "research_to_sale_ratio": null,
            "price_fair": 74.67,
            "eps_avg_yearly": 2.13,
            "eps_latest_yearly": 3.36,
            "eps_growth_yearly": 107.82
        },
        "20024": {
            "year_quarter": 20024,
            "year": 2002,
            "quarter": 4,
            "eps": 0.75,
            "eps_growth_year": 22.95,
            "eps_4q": 2.27,
            "eps_4q_growth_year": 25.77,
            "roe": 5.85,
            "roe_4q": 18.740000000000002,
            "gross_profit": 121085,
            "gross_margin": 21.43,
            "gross_margin_4q_avg": 21.43,
            "net_income": 58789,
            "revenue": 565066,
            "common_shares": 786350,
            "book_valuer_per_share": 13.15,
            "book_valuer_per_share_4q_avg": 12.85,
            "equity": 1033706,
            "current_ratio": 180.07,
            "debt_ratio": 47.39,
            "inventory_turnover_ratio": 0.64,
            "account_receivable_turnover_ratio": null,
            "reinvestment_rate": 4.69,
            "research_to_sale_ratio": null,
            "price_fair": 82.25,
            "eps_avg_yearly": 2.35,
            "eps_latest_yearly": 3,
            "eps_growth_yearly": 70.15
        },
        "20031": {
            "year_quarter": 20031,
            "year": 2003,
            "quarter": 1,
            "eps": 0.36,
            "eps_growth_year": 12.5,
            "eps_4q": 2.35,
            "eps_4q_growth_year": 48.35,
            "roe": 2.68,
            "roe_4q": 18.89,
            "gross_profit": 89537,
            "gross_margin": 17.31,
            "gross_margin_4q_avg": 21.25,
            "net_income": 28070,
            "revenue": 517385,
            "common_shares": 786350,
            "book_valuer_per_share": 13.5,
            "book_valuer_per_share_4q_avg": 13,
            "equity": 1061798,
            "current_ratio": 191.06,
            "debt_ratio": 44.7,
            "inventory_turnover_ratio": 0.6,
            "account_receivable_turnover_ratio": null,
            "reinvestment_rate": 3.17,
            "research_to_sale_ratio": null,
            "price_fair": 53.17,
            "eps_avg_yearly": 2.17,
            "eps_latest_yearly": 1.44,
            "eps_growth_yearly": 14.52
        },
        "20032": {
            "year_quarter": 20032,
            "year": 2003,
            "quarter": 2,
            "eps": 0.46,
            "eps_growth_year": 4.55,
            "eps_4q": 2.38,
            "eps_4q_growth_year": 32.94,
            "roe": 3.47,
            "roe_4q": 18.98,
            "gross_profit": 111191,
            "gross_margin": 19.45,
            "gross_margin_4q_avg": 20.27,
            "net_income": 36490,
            "revenue": 571698,
            "common_shares": 786350,
            "book_valuer_per_share": 13.24,
            "book_valuer_per_share_4q_avg": 13.07,
            "equity": 1041314,
            "current_ratio": 163.56,
            "debt_ratio": 51.25,
            "inventory_turnover_ratio": 0.59,
            "account_receivable_turnover_ratio": null,
            "reinvestment_rate": 3.73,
            "research_to_sale_ratio": null,
            "price_fair": 73.97,
            "eps_avg_yearly": 2.11,
            "eps_latest_yearly": 1.84,
            "eps_growth_yearly": 30.62
        },
        "20033": {
            "year_quarter": 20033,
            "year": 2003,
            "quarter": 3,
            "eps": 0.55,
            "eps_growth_year": -34.52,
            "eps_4q": 1.94,
            "eps_4q_growth_year": -5.97,
            "roe": 4.59,
            "roe_4q": 16.59,
            "gross_profit": 125330,
            "gross_margin": 20.55,
            "gross_margin_4q_avg": 19.69,
            "net_income": 48917,
            "revenue": 609777,
            "common_shares": 885765,
            "book_valuer_per_share": 12.29,
            "book_valuer_per_share_4q_avg": 13.05,
            "equity": 1088225,
            "current_ratio": 155.32,
            "debt_ratio": 53.78,
            "inventory_turnover_ratio": 0.52,
            "account_receivable_turnover_ratio": null,
            "reinvestment_rate": 4.24,
            "research_to_sale_ratio": null,
            "price_fair": 74.4,
            "eps_avg_yearly": 2.13,
            "eps_latest_yearly": 2.2,
            "eps_growth_yearly": 37.43
        },
        "20034": {
            "year_quarter": 20034,
            "year": 2003,
            "quarter": 4,
            "eps": 0.45,
            "eps_growth_year": -40,
            "eps_4q": 1.74,
            "eps_4q_growth_year": -23.38,
            "roe": 3.58,
            "roe_4q": 14.32,
            "gross_profit": 117117,
            "gross_margin": 15.49,
            "gross_margin_4q_avg": 18.2,
            "net_income": 39705,
            "revenue": 756204,
            "common_shares": 885765,
            "book_valuer_per_share": 12.73,
            "book_valuer_per_share_4q_avg": 12.94,
            "equity": 1127770,
            "current_ratio": 147.9,
            "debt_ratio": 57.62,
            "inventory_turnover_ratio": 0.57,
            "account_receivable_turnover_ratio": null,
            "reinvestment_rate": 4.96,
            "research_to_sale_ratio": null,
            "price_fair": 70.18,
            "eps_avg_yearly": 2.09,
            "eps_latest_yearly": 1.8,
            "eps_growth_yearly": 23.66
        },
        "20041": {
            "year_quarter": 20041,
            "year": 2004,
            "quarter": 1,
            "eps": 0.61,
            "eps_growth_year": 69.44,
            "eps_4q": 2.02,
            "eps_4q_growth_year": -13.81,
            "roe": 4.68,
            "roe_4q": 16.32,
            "gross_profit": 137041,
            "gross_margin": 17.44,
            "gross_margin_4q_avg": 18.23,
            "net_income": 53968,
            "revenue": 785690,
            "common_shares": 885765,
            "book_valuer_per_share": 13.31,
            "book_valuer_per_share_4q_avg": 12.89,
            "equity": 1178598,
            "current_ratio": 153.93,
            "debt_ratio": 55.6,
            "inventory_turnover_ratio": 0.55,
            "account_receivable_turnover_ratio": null,
            "reinvestment_rate": 4.7,
            "research_to_sale_ratio": null,
            "price_fair": 74.36,
            "eps_avg_yearly": 2.12,
            "eps_latest_yearly": 2.44,
            "eps_growth_yearly": 36.83
        },
        "20042": {
            "year_quarter": 20042,
            "year": 2004,
            "quarter": 2,
            "eps": 0.75,
            "eps_growth_year": 63.04,
            "eps_4q": 2.19,
            "eps_4q_growth_year": -8.22,
            "roe": 6.21,
            "roe_4q": 19.060000000000002,
            "gross_profit": 176468,
            "gross_margin": 19.08,
            "gross_margin_4q_avg": 18.14,
            "net_income": 74405,
            "revenue": 924972,
            "common_shares": 885765,
            "book_valuer_per_share": 13.76,
            "book_valuer_per_share_4q_avg": 13.02,
            "equity": 1218779,
            "current_ratio": 188.37,
            "debt_ratio": 62.6,
            "inventory_turnover_ratio": 0.64,
            "account_receivable_turnover_ratio": null,
            "reinvestment_rate": 4.12,
            "research_to_sale_ratio": null,
            "price_fair": 77.42,
            "eps_avg_yearly": 2.21,
            "eps_latest_yearly": 3,
            "eps_growth_yearly": 42.33
        },
        "20043": {
            "year_quarter": 20043,
            "year": 2004,
            "quarter": 3,
            "eps": 0.71,
            "eps_growth_year": 29.09,
            "eps_4q": 2.41,
            "eps_4q_growth_year": 24.21,
            "roe": 5.68,
            "roe_4q": 20.15,
            "gross_profit": 140012,
            "gross_margin": 14.31,
            "gross_margin_4q_avg": 16.58,
            "net_income": 70371,
            "revenue": 978241,
            "common_shares": 994763,
            "book_valuer_per_share": 12.64,
            "book_valuer_per_share_4q_avg": 13.11,
            "equity": 1257455,
            "current_ratio": 200.48,
            "debt_ratio": 60.01,
            "inventory_turnover_ratio": 0.73,
            "account_receivable_turnover_ratio": null,
            "reinvestment_rate": 3.32,
            "research_to_sale_ratio": null,
            "price_fair": 79.42,
            "eps_avg_yearly": 2.27,
            "eps_latest_yearly": 2.84,
            "eps_growth_yearly": 36.54
        },
        "20044": {
            "year_quarter": 20044,
            "year": 2004,
            "quarter": 4,
            "eps": 0.45,
            "eps_growth_year": 0,
            "eps_4q": 2.46,
            "eps_4q_growth_year": 41.74,
            "roe": 3.49,
            "roe_4q": 20.06,
            "gross_profit": 176391,
            "gross_margin": 19.2,
            "gross_margin_4q_avg": 17.51,
            "net_income": 44480,
            "revenue": 918798,
            "common_shares": 994763,
            "book_valuer_per_share": 12.96,
            "book_valuer_per_share_4q_avg": 13.17,
            "equity": 1289177,
            "current_ratio": 199.52,
            "debt_ratio": 59.94,
            "inventory_turnover_ratio": 0.64,
            "account_receivable_turnover_ratio": null,
            "reinvestment_rate": 6.91,
            "research_to_sale_ratio": null,
            "price_fair": 69.78,
            "eps_avg_yearly": 2.23,
            "eps_latest_yearly": 1.8,
            "eps_growth_yearly": 21.29
        },
        "20051": {
            "year_quarter": 20051,
            "year": 2005,
            "quarter": 1,
            "eps": 0.76,
            "eps_growth_year": 24.59,
            "eps_4q": 2.67,
            "eps_4q_growth_year": 31.89,
            "roe": 5.26,
            "roe_4q": 20.64,
            "gross_profit": 176434,
            "gross_margin": 17.56,
            "gross_margin_4q_avg": 17.54,
            "net_income": 75318,
            "revenue": 1004770,
            "common_shares": 1104247,
            "book_valuer_per_share": 14.26,
            "book_valuer_per_share_4q_avg": 13.41,
            "equity": 1574388,
            "current_ratio": 241.7,
            "debt_ratio": 46.7,
            "inventory_turnover_ratio": 0.75,
            "account_receivable_turnover_ratio": null,
            "reinvestment_rate": 7.16,
            "research_to_sale_ratio": null,
            "price_fair": 80.23,
            "eps_avg_yearly": 2.29,
            "eps_latest_yearly": 3.04,
            "eps_growth_yearly": 40.85
        },
        "20052": {
            "year_quarter": 20052,
            "year": 2005,
            "quarter": 2,
            "eps": 1.15,
            "eps_growth_year": 53.33,
            "eps_4q": 2.99,
            "eps_4q_growth_year": 36.59,
            "roe": 7.51,
            "roe_4q": 21.939999999999998,
            "gross_profit": 209733,
            "gross_margin": 20.64,
            "gross_margin_4q_avg": 17.93,
            "net_income": 119006,
            "revenue": 1016194,
            "common_shares": 1132185,
            "book_valuer_per_share": 14.08,
            "book_valuer_per_share_4q_avg": 13.49,
            "equity": 1593921,
            "current_ratio": 186.61,
            "debt_ratio": 46.66,
            "inventory_turnover_ratio": 0.78,
            "account_receivable_turnover_ratio": null,
            "reinvestment_rate": 7.43,
            "research_to_sale_ratio": null,
            "price_fair": 86,
            "eps_avg_yearly": 2.46,
            "eps_latest_yearly": 4.6,
            "eps_growth_yearly": 52.59
        },
        "20053": {
            "year_quarter": 20053,
            "year": 2005,
            "quarter": 3,
            "eps": 0.93,
            "eps_growth_year": 30.99,
            "eps_4q": 3.01,
            "eps_4q_growth_year": 25.23,
            "roe": 6.27,
            "roe_4q": 22.53,
            "gross_profit": 221400,
            "gross_margin": 21.06,
            "gross_margin_4q_avg": 19.62,
            "net_income": 106630,
            "revenue": 1051084,
            "common_shares": 1254848,
            "book_valuer_per_share": 14.4,
            "book_valuer_per_share_4q_avg": 13.93,
            "equity": 1806660,
            "current_ratio": 198.62,
            "debt_ratio": 43.06,
            "inventory_turnover_ratio": 0.76,
            "account_receivable_turnover_ratio": null,
            "reinvestment_rate": 7.38,
            "research_to_sale_ratio": null,
            "price_fair": 88.95,
            "eps_avg_yearly": 2.54,
            "eps_latest_yearly": 3.72,
            "eps_growth_yearly": 43.98
        },
        "20054": {
            "year_quarter": 20054,
            "year": 2005,
            "quarter": 4,
            "eps": 1.24,
            "eps_growth_year": 175.56,
            "eps_4q": 3.82,
            "eps_4q_growth_year": 55.42,
            "roe": 7.57,
            "roe_4q": 26.61,
            "gross_profit": 299767,
            "gross_margin": 26.98,
            "gross_margin_4q_avg": 21.56,
            "net_income": 144403,
            "revenue": 1111199,
            "common_shares": 1285068,
            "book_valuer_per_share": 15.6,
            "book_valuer_per_share_4q_avg": 14.59,
            "equity": 2008502,
            "current_ratio": 216.69,
            "debt_ratio": 42.82,
            "inventory_turnover_ratio": 0.65,
            "account_receivable_turnover_ratio": null,
            "reinvestment_rate": 13.31,
            "research_to_sale_ratio": null,
            "price_fair": 94.24,
            "eps_avg_yearly": 2.69,
            "eps_latest_yearly": 4.96,
            "eps_growth_yearly": 49.57
        },
        "20061": {
            "year_quarter": 20061,
            "year": 2006,
            "quarter": 1,
            "eps": 0.96,
            "eps_growth_year": 26.32,
            "eps_4q": 3.87,
            "eps_4q_growth_year": 44.88,
            "roe": 5.83,
            "roe_4q": 27.18,
            "gross_profit": 253074,
            "gross_margin": 24.03,
            "gross_margin_4q_avg": 23.18,
            "net_income": 122163,
            "revenue": 1052943,
            "common_shares": 1317760,
            "book_valuer_per_share": 16.58,
            "book_valuer_per_share_4q_avg": 15.17,
            "equity": 2185134,
            "current_ratio": 207,
            "debt_ratio": 41.72,
            "inventory_turnover_ratio": 0.55,
            "account_receivable_turnover_ratio": null,
            "reinvestment_rate": 11.66,
            "research_to_sale_ratio": null,
            "price_fair": 99.84,
            "eps_avg_yearly": 2.85,
            "eps_latest_yearly": 3.84,
            "eps_growth_yearly": 55.81
        },
        "20062": {
            "year_quarter": 20062,
            "year": 2006,
            "quarter": 2,
            "eps": 1.19,
            "eps_growth_year": 3.48,
            "eps_4q": 4.11,
            "eps_4q_growth_year": 37.54,
            "roe": 7.12,
            "roe_4q": 26.79,
            "gross_profit": 259191,
            "gross_margin": 23.51,
            "gross_margin_4q_avg": 23.9,
            "net_income": 152128,
            "revenue": 1102386,
            "common_shares": 1328694,
            "book_valuer_per_share": 15.73,
            "book_valuer_per_share_4q_avg": 15.58,
            "equity": 2089907,
            "current_ratio": 174.97,
            "debt_ratio": 49.1,
            "inventory_turnover_ratio": 0.48,
            "account_receivable_turnover_ratio": null,
            "reinvestment_rate": 11.95,
            "research_to_sale_ratio": null,
            "price_fair": 106.4,
            "eps_avg_yearly": 3.04,
            "eps_latest_yearly": 4.76,
            "eps_growth_yearly": 52.42
        },
        "20063": {
            "year_quarter": 20063,
            "year": 2006,
            "quarter": 3,
            "eps": 1.15,
            "eps_growth_year": 23.66,
            "eps_4q": 4.1,
            "eps_4q_growth_year": 36.25,
            "roe": 7.48,
            "roe_4q": 28,
            "gross_profit": 270281,
            "gross_margin": 22.12,
            "gross_margin_4q_avg": 24.16,
            "net_income": 162951,
            "revenue": 1221673,
            "common_shares": 1456720,
            "book_valuer_per_share": 15.55,
            "book_valuer_per_share_4q_avg": 15.87,
            "equity": 2264596,
            "current_ratio": 192.53,
            "debt_ratio": 44.64,
            "inventory_turnover_ratio": 0.47,
            "account_receivable_turnover_ratio": null,
            "reinvestment_rate": 9.65,
            "research_to_sale_ratio": null,
            "price_fair": 109.11,
            "eps_avg_yearly": 3.12,
            "eps_latest_yearly": 4.6,
            "eps_growth_yearly": 28.86
        },
        "20064": {
            "year_quarter": 20064,
            "year": 2006,
            "quarter": 4,
            "eps": 1.34,
            "eps_growth_year": 8.06,
            "eps_4q": 4.41,
            "eps_4q_growth_year": 15.2,
            "roe": 8.09,
            "roe_4q": 28.520000000000003,
            "gross_profit": 341904,
            "gross_margin": 27.71,
            "gross_margin_4q_avg": 24.34,
            "net_income": 191123,
            "revenue": 1233697,
            "common_shares": 1456720,
            "book_valuer_per_share": 16.86,
            "book_valuer_per_share_4q_avg": 16.18,
            "equity": 2460311,
            "current_ratio": 215.79,
            "debt_ratio": 43.06,
            "inventory_turnover_ratio": 0.42,
            "account_receivable_turnover_ratio": null,
            "reinvestment_rate": 7.26,
            "research_to_sale_ratio": null,
            "price_fair": 114.28,
            "eps_avg_yearly": 3.27,
            "eps_latest_yearly": 5.36,
            "eps_growth_yearly": 35.67
        },
        "20071": {
            "year_quarter": 20071,
            "year": 2007,
            "quarter": 1,
            "eps": 1.15,
            "eps_growth_year": 19.79,
            "eps_4q": 4.67,
            "eps_4q_growth_year": 20.65,
            "roe": 6.51,
            "roe_4q": 29.2,
            "gross_profit": 312739,
            "gross_margin": 28.16,
            "gross_margin_4q_avg": 25.38,
            "net_income": 165535,
            "revenue": 1110395,
            "common_shares": 1456720,
            "book_valuer_per_share": 18.05,
            "book_valuer_per_share_4q_avg": 16.55,
            "equity": 2629079,
            "current_ratio": 221.05,
            "debt_ratio": 39.45,
            "inventory_turnover_ratio": 0.37,
            "account_receivable_turnover_ratio": null,
            "reinvestment_rate": 5.69,
            "research_to_sale_ratio": null,
            "price_fair": 121.19,
            "eps_avg_yearly": 3.46,
            "eps_latest_yearly": 4.6,
            "eps_growth_yearly": 45.12
        },
        "20072": {
            "year_quarter": 20072,
            "year": 2007,
            "quarter": 2,
            "eps": 1.21,
            "eps_growth_year": 1.68,
            "eps_4q": 4.59,
            "eps_4q_growth_year": 11.67,
            "roe": 7.43,
            "roe_4q": 29.51,
            "gross_profit": 302344,
            "gross_margin": 28.26,
            "gross_margin_4q_avg": 26.56,
            "net_income": 186086,
            "revenue": 1069922,
            "common_shares": 1559431,
            "book_valuer_per_share": 15.26,
            "book_valuer_per_share_4q_avg": 16.43,
            "equity": 2379055,
            "current_ratio": 203.88,
            "debt_ratio": 41.22,
            "inventory_turnover_ratio": 0.37,
            "account_receivable_turnover_ratio": null,
            "reinvestment_rate": 4.35,
            "research_to_sale_ratio": null,
            "price_fair": 127.75,
            "eps_avg_yearly": 3.65,
            "eps_latest_yearly": 4.84,
            "eps_growth_yearly": 39.48
        },
        "20073": {
            "year_quarter": 20073,
            "year": 2007,
            "quarter": 3,
            "eps": 1.12,
            "eps_growth_year": -2.61,
            "eps_4q": 4.65,
            "eps_4q_growth_year": 13.17,
            "roe": 6.93,
            "roe_4q": 28.959999999999997,
            "gross_profit": 322653,
            "gross_margin": 28.86,
            "gross_margin_4q_avg": 28.25,
            "net_income": 172422,
            "revenue": 1118075,
            "common_shares": 1559431,
            "book_valuer_per_share": 16.67,
            "book_valuer_per_share_4q_avg": 16.71,
            "equity": 2600230,
            "current_ratio": 217.51,
            "debt_ratio": 39.17,
            "inventory_turnover_ratio": 0.36,
            "account_receivable_turnover_ratio": null,
            "reinvestment_rate": 3.6,
            "research_to_sale_ratio": null,
            "price_fair": 132.74,
            "eps_avg_yearly": 3.79,
            "eps_latest_yearly": 4.48,
            "eps_growth_yearly": 32.73
        },
        "20074": {
            "year_quarter": 20074,
            "year": 2007,
            "quarter": 4,
            "eps": 1.26,
            "eps_growth_year": -5.97,
            "eps_4q": 4.67,
            "eps_4q_growth_year": 6.08,
            "roe": 7.15,
            "roe_4q": 28.019999999999996,
            "gross_profit": 346073,
            "gross_margin": 28.45,
            "gross_margin_4q_avg": 28.43,
            "net_income": 193431,
            "revenue": 1216501,
            "common_shares": 1559431,
            "book_valuer_per_share": 17.97,
            "book_valuer_per_share_4q_avg": 16.99,
            "equity": 2809062,
            "current_ratio": 228.2,
            "debt_ratio": 40.86,
            "inventory_turnover_ratio": 0.37,
            "account_receivable_turnover_ratio": null,
            "reinvestment_rate": 6.91,
            "research_to_sale_ratio": null,
            "price_fair": 139.83,
            "eps_avg_yearly": 4,
            "eps_latest_yearly": 5.04,
            "eps_growth_yearly": 40.4
        },
        "20081": {
            "year_quarter": 20081,
            "year": 2008,
            "quarter": 1,
            "eps": 0.87,
            "eps_growth_year": -24.35,
            "eps_4q": 4.41,
            "eps_4q_growth_year": -5.58,
            "roe": 4.73,
            "roe_4q": 26.240000000000002,
            "gross_profit": 319378,
            "gross_margin": 26.86,
            "gross_margin_4q_avg": 28.11,
            "net_income": 135758,
            "revenue": 1189064,
            "common_shares": 1559431,
            "book_valuer_per_share": 18.77,
            "book_valuer_per_share_4q_avg": 17.17,
            "equity": 2934202,
            "current_ratio": 272.93,
            "debt_ratio": 34.52,
            "inventory_turnover_ratio": 0.39,
            "account_receivable_turnover_ratio": null,
            "reinvestment_rate": 9.41,
            "research_to_sale_ratio": null,
            "price_fair": 137.12,
            "eps_avg_yearly": 4.06,
            "eps_latest_yearly": 3.48,
            "eps_growth_yearly": 23.77
        },
        "20082": {
            "year_quarter": 20082,
            "year": 2008,
            "quarter": 2,
            "eps": 1.04,
            "eps_growth_year": -14.05,
            "eps_4q": 4.02,
            "eps_4q_growth_year": -12.41,
            "roe": 6.32,
            "roe_4q": 25.130000000000003,
            "gross_profit": 298657,
            "gross_margin": 23.37,
            "gross_margin_4q_avg": 26.89,
            "net_income": 175061,
            "revenue": 1277798,
            "common_shares": 1559431,
            "book_valuer_per_share": 16.7,
            "book_valuer_per_share_4q_avg": 17.53,
            "equity": 2610098,
            "current_ratio": 206.72,
            "debt_ratio": 44.58,
            "inventory_turnover_ratio": 0.44,
            "account_receivable_turnover_ratio": null,
            "reinvestment_rate": 8.08,
            "research_to_sale_ratio": null,
            "price_fair": 136.04,
            "eps_avg_yearly": 4.13,
            "eps_latest_yearly": 4.16,
            "eps_growth_yearly": 22.92
        },
        "20083": {
            "year_quarter": 20083,
            "year": 2008,
            "quarter": 3,
            "eps": 0.71,
            "eps_growth_year": -36.61,
            "eps_4q": 3.65,
            "eps_4q_growth_year": -21.36,
            "roe": 4.53,
            "roe_4q": 22.730000000000004,
            "gross_profit": 287742,
            "gross_margin": 22.16,
            "gross_margin_4q_avg": 25.21,
            "net_income": 121222,
            "revenue": 1298477,
            "common_shares": 1689060,
            "book_valuer_per_share": 16.21,
            "book_valuer_per_share_4q_avg": 17.41,
            "equity": 2746496,
            "current_ratio": 227.48,
            "debt_ratio": 40.43,
            "inventory_turnover_ratio": 0.39,
            "account_receivable_turnover_ratio": null,
            "reinvestment_rate": 9.93,
            "research_to_sale_ratio": null,
            "price_fair": 108.77,
            "eps_avg_yearly": 4.13,
            "eps_latest_yearly": 2.84,
            "eps_growth_yearly": 16.32
        },
        "20084": {
            "year_quarter": 20084,
            "year": 2008,
            "quarter": 4,
            "eps": 0.34,
            "eps_growth_year": -73.02,
            "eps_4q": 2.88,
            "eps_4q_growth_year": -38.3,
            "roe": 2.08,
            "roe_4q": 17.66,
            "gross_profit": 189230,
            "gross_margin": 17.65,
            "gross_margin_4q_avg": 22.51,
            "net_income": 57521,
            "revenue": 1072254,
            "common_shares": 1689060,
            "book_valuer_per_share": 16.46,
            "book_valuer_per_share_4q_avg": 17.04,
            "equity": 2788939,
            "current_ratio": 224.08,
            "debt_ratio": 40.83,
            "inventory_turnover_ratio": 0.3,
            "account_receivable_turnover_ratio": 3.95,
            "reinvestment_rate": 10.69,
            "research_to_sale_ratio": null,
            "price_fair": 92.15,
            "eps_avg_yearly": 4.11,
            "eps_latest_yearly": 1.36,
            "eps_growth_yearly": 12.45
        },
        "20091": {
            "year_quarter": 20091,
            "year": 2009,
            "quarter": 1,
            "eps": 0.44,
            "eps_growth_year": -49.43,
            "eps_4q": 2.55,
            "eps_4q_growth_year": -42.15,
            "roe": 2.59,
            "roe_4q": 15.52,
            "gross_profit": 186099,
            "gross_margin": 21.59,
            "gross_margin_4q_avg": 21.19,
            "net_income": 73457,
            "revenue": 861981,
            "common_shares": 1689060,
            "book_valuer_per_share": 17.02,
            "book_valuer_per_share_4q_avg": 16.6,
            "equity": 2882817,
            "current_ratio": 252.05,
            "debt_ratio": 35.68,
            "inventory_turnover_ratio": 0.23,
            "account_receivable_turnover_ratio": 1.68,
            "reinvestment_rate": 13.64,
            "research_to_sale_ratio": null,
            "price_fair": 50.63,
            "eps_avg_yearly": 4.03,
            "eps_latest_yearly": 1.76,
            "eps_growth_yearly": 2.58
        },
        "20092": {
            "year_quarter": 20092,
            "year": 2009,
            "quarter": 2,
            "eps": 0.34,
            "eps_growth_year": -67.31,
            "eps_4q": 1.83,
            "eps_4q_growth_year": -54.49,
            "roe": 2.1,
            "roe_4q": 11.3,
            "gross_profit": 192180,
            "gross_margin": 23.49,
            "gross_margin_4q_avg": 21.22,
            "net_income": 57236,
            "revenue": 818228,
            "common_shares": 1689060,
            "book_valuer_per_share": 15.16,
            "book_valuer_per_share_4q_avg": 16.21,
            "equity": 2561350,
            "current_ratio": 214.6,
            "debt_ratio": 40.76,
            "inventory_turnover_ratio": 0.24,
            "account_receivable_turnover_ratio": 1.55,
            "reinvestment_rate": 15.92,
            "research_to_sale_ratio": null,
            "price_fair": 11.47,
            "eps_avg_yearly": 3.82,
            "eps_latest_yearly": 1.36,
            "eps_growth_yearly": -15.93
        },
        "20093": {
            "year_quarter": 20093,
            "year": 2009,
            "quarter": 3,
            "eps": 0.67,
            "eps_growth_year": -5.63,
            "eps_4q": 1.8,
            "eps_4q_growth_year": -50.84,
            "roe": 4.29,
            "roe_4q": 11.06,
            "gross_profit": 263774,
            "gross_margin": 29.55,
            "gross_margin_4q_avg": 23.07,
            "net_income": 112052,
            "revenue": 892537,
            "common_shares": 1689060,
            "book_valuer_per_share": 15.74,
            "book_valuer_per_share_4q_avg": 16.1,
            "equity": 2658340,
            "current_ratio": 218.78,
            "debt_ratio": 39.66,
            "inventory_turnover_ratio": 0.26,
            "account_receivable_turnover_ratio": 1.47,
            "reinvestment_rate": 17.05,
            "research_to_sale_ratio": null,
            "price_fair": 86.85,
            "eps_avg_yearly": 3.76,
            "eps_latest_yearly": 2.68,
            "eps_growth_yearly": 13.11
        },
        "20094": {
            "year_quarter": 20094,
            "year": 2009,
            "quarter": 4,
            "eps": 0.6,
            "eps_growth_year": 76.47,
            "eps_4q": 2.06,
            "eps_4q_growth_year": -28.71,
            "roe": 3.77,
            "roe_4q": 12.75,
            "gross_profit": 264983,
            "gross_margin": 25.02,
            "gross_margin_4q_avg": 24.91,
            "net_income": 104327,
            "revenue": 1058941,
            "common_shares": 1689060,
            "book_valuer_per_share": 16.53,
            "book_valuer_per_share_4q_avg": 16.11,
            "equity": 2881666,
            "current_ratio": 208.29,
            "debt_ratio": 41.96,
            "inventory_turnover_ratio": 0.4,
            "account_receivable_turnover_ratio": 3.2,
            "reinvestment_rate": 44.22,
            "research_to_sale_ratio": null,
            "price_fair": 43.78,
            "eps_avg_yearly": 3.6,
            "eps_latest_yearly": 2.4,
            "eps_growth_yearly": 2.17
        },
        "20101": {
            "year_quarter": 20101,
            "year": 2010,
            "quarter": 1,
            "eps": 0.5,
            "eps_growth_year": 13.64,
            "eps_4q": 2.12,
            "eps_4q_growth_year": -16.67,
            "roe": 2.96,
            "roe_4q": 13.12,
            "gross_profit": 224980,
            "gross_margin": 18.18,
            "gross_margin_4q_avg": 24.06,
            "net_income": 86653,
            "revenue": 1237854,
            "common_shares": 1689060,
            "book_valuer_per_share": 17.02,
            "book_valuer_per_share_4q_avg": 16.11,
            "equity": 2969911,
            "current_ratio": 220.27,
            "debt_ratio": 39.84,
            "inventory_turnover_ratio": 0.7,
            "account_receivable_turnover_ratio": 1.87,
            "reinvestment_rate": 45.37,
            "research_to_sale_ratio": 2.21,
            "price_fair": 47.53,
            "eps_avg_yearly": 3.48,
            "eps_latest_yearly": 2,
            "eps_growth_yearly": 3.65
        },
        "20102": {
            "year_quarter": 20102,
            "year": 2010,
            "quarter": 2,
            "eps": 1.01,
            "eps_growth_year": 198.16,
            "eps_4q": 2.79,
            "eps_4q_growth_year": 52.75,
            "roe": 5.92,
            "roe_4q": 16.939999999999998,
            "gross_profit": 348240,
            "gross_margin": 24.92,
            "gross_margin_4q_avg": 24.42,
            "net_income": 173392,
            "revenue": 1397345,
            "common_shares": 1689060,
            "book_valuer_per_share": 16.49,
            "book_valuer_per_share_4q_avg": 16.45,
            "equity": 2883242,
            "current_ratio": 188.29,
            "debt_ratio": 46.41,
            "inventory_turnover_ratio": 0.71,
            "account_receivable_turnover_ratio": 1.99,
            "reinvestment_rate": 47.79,
            "research_to_sale_ratio": 2.17,
            "price_fair": 113.98,
            "eps_avg_yearly": 3.44,
            "eps_latest_yearly": 4.04,
            "eps_growth_yearly": 23.16
        },
        "20103": {
            "year_quarter": 20103,
            "year": 2010,
            "quarter": 3,
            "eps": 1.03,
            "eps_growth_year": 54.23,
            "eps_4q": 3.16,
            "eps_4q_growth_year": 75.74,
            "roe": 5.91,
            "roe_4q": 18.56,
            "gross_profit": 383734,
            "gross_margin": 23.46,
            "gross_margin_4q_avg": 22.9,
            "net_income": 175590,
            "revenue": 1635770,
            "common_shares": 1689060,
            "book_valuer_per_share": 17.49,
            "book_valuer_per_share_4q_avg": 16.88,
            "equity": 3056638,
            "current_ratio": 198.92,
            "debt_ratio": 44.71,
            "inventory_turnover_ratio": 0.72,
            "account_receivable_turnover_ratio": 2.07,
            "reinvestment_rate": 16.93,
            "research_to_sale_ratio": 2.25,
            "price_fair": 117.54,
            "eps_avg_yearly": 3.41,
            "eps_latest_yearly": 4.12,
            "eps_growth_yearly": 24.49
        },
        "20104": {
            "year_quarter": 20104,
            "year": 2010,
            "quarter": 4,
            "eps": 0.74,
            "eps_growth_year": 22.57,
            "eps_4q": 3.29,
            "eps_4q_growth_year": 60.08,
            "roe": 3.95,
            "roe_4q": 18.74,
            "gross_profit": 340046,
            "gross_margin": 17.19,
            "gross_margin_4q_avg": 20.94,
            "net_income": 122075,
            "revenue": 1977921,
            "common_shares": 1689060,
            "book_valuer_per_share": 18.02,
            "book_valuer_per_share_4q_avg": 17.26,
            "equity": 3130902,
            "current_ratio": 190.36,
            "debt_ratio": 46.41,
            "inventory_turnover_ratio": 0.85,
            "account_receivable_turnover_ratio": 2.27,
            "reinvestment_rate": 46.44,
            "research_to_sale_ratio": 2.24,
            "price_fair": 75.98,
            "eps_avg_yearly": 3.26,
            "eps_latest_yearly": 2.96,
            "eps_growth_yearly": 13.32
        },
        "20111": {
            "year_quarter": 20111,
            "year": 2011,
            "quarter": 1,
            "eps": 0.82,
            "eps_growth_year": 64,
            "eps_4q": 3.61,
            "eps_4q_growth_year": 69.73,
            "roe": 4.32,
            "roe_4q": 20.1,
            "gross_profit": 305049,
            "gross_margin": 16.92,
            "gross_margin_4q_avg": 20.62,
            "net_income": 138673,
            "revenue": 1803055,
            "common_shares": 1689060,
            "book_valuer_per_share": 18.95,
            "book_valuer_per_share_4q_avg": 17.74,
            "equity": 3291566,
            "current_ratio": 190.25,
            "debt_ratio": 46.08,
            "inventory_turnover_ratio": 0.76,
            "account_receivable_turnover_ratio": 2.05,
            "reinvestment_rate": 51.39,
            "research_to_sale_ratio": 2,
            "price_fair": 93.89,
            "eps_avg_yearly": 3.18,
            "eps_latest_yearly": 3.28,
            "eps_growth_yearly": 19.57
        },
        "20112": {
            "year_quarter": 20112,
            "year": 2011,
            "quarter": 2,
            "eps": 0.51,
            "eps_growth_year": -49.75,
            "eps_4q": 2.98,
            "eps_4q_growth_year": 6.58,
            "roe": 2.88,
            "roe_4q": 17.060000000000002,
            "gross_profit": 313751,
            "gross_margin": 17.55,
            "gross_margin_4q_avg": 18.78,
            "net_income": 90575,
            "revenue": 1787910,
            "common_shares": 1689060,
            "book_valuer_per_share": 17.19,
            "book_valuer_per_share_4q_avg": 17.91,
            "equity": 2995959,
            "current_ratio": 176.25,
            "debt_ratio": 49.12,
            "inventory_turnover_ratio": 0.77,
            "account_receivable_turnover_ratio": 2.01,
            "reinvestment_rate": 55.07,
            "research_to_sale_ratio": 2.03,
            "price_fair": 56.45,
            "eps_avg_yearly": 3,
            "eps_latest_yearly": 2.04,
            "eps_growth_yearly": 8.82
        },
        "20113": {
            "year_quarter": 20113,
            "year": 2011,
            "quarter": 3,
            "eps": 0.63,
            "eps_growth_year": -38.68,
            "eps_4q": 2.6,
            "eps_4q_growth_year": -17.47,
            "roe": 3.68,
            "roe_4q": 14.830000000000002,
            "gross_profit": 272534,
            "gross_margin": 16.77,
            "gross_margin_4q_avg": 17.11,
            "net_income": 114362,
            "revenue": 1625074,
            "common_shares": 1772513,
            "book_valuer_per_share": 17.41,
            "book_valuer_per_share_4q_avg": 17.89,
            "equity": 3224598,
            "current_ratio": 186.87,
            "debt_ratio": 46.39,
            "inventory_turnover_ratio": 0.69,
            "account_receivable_turnover_ratio": 1.88,
            "reinvestment_rate": 29.38,
            "research_to_sale_ratio": 2.22,
            "price_fair": 76.42,
            "eps_avg_yearly": 2.88,
            "eps_latest_yearly": 2.52,
            "eps_growth_yearly": 16.56
        },
        "20114": {
            "year_quarter": 20114,
            "year": 2011,
            "quarter": 4,
            "eps": 0.13,
            "eps_growth_year": -82.89,
            "eps_4q": 2.04,
            "eps_4q_growth_year": -38.07,
            "roe": 0.65,
            "roe_4q": 11.530000000000001,
            "gross_profit": 207610,
            "gross_margin": 14.23,
            "gross_margin_4q_avg": 16.37,
            "net_income": 20558,
            "revenue": 1459379,
            "common_shares": 1772513,
            "book_valuer_per_share": 17.55,
            "book_valuer_per_share_4q_avg": 17.78,
            "equity": 3111713,
            "current_ratio": 173.95,
            "debt_ratio": 48.97,
            "inventory_turnover_ratio": 0.61,
            "account_receivable_turnover_ratio": 1.8,
            "reinvestment_rate": 69.48,
            "research_to_sale_ratio": 2.78,
            "price_fair": 7.79,
            "eps_avg_yearly": 2.6,
            "eps_latest_yearly": 0.52,
            "eps_growth_yearly": -6.41
        },
        "20121": {
            "year_quarter": 20121,
            "year": 2012,
            "quarter": 1,
            "eps": 0.21,
            "eps_growth_year": -74.39,
            "eps_4q": 1.48,
            "eps_4q_growth_year": -59.01,
            "roe": 1.22,
            "roe_4q": 8.43,
            "gross_profit": 197063,
            "gross_margin": 13.69,
            "gross_margin_4q_avg": 15.56,
            "net_income": 38091,
            "revenue": 1439748,
            "common_shares": 1772513,
            "book_valuer_per_share": 17.68,
            "book_valuer_per_share_4q_avg": 17.46,
            "equity": 3133717,
            "current_ratio": 170.78,
            "debt_ratio": 49.93,
            "inventory_turnover_ratio": 0.61,
            "account_receivable_turnover_ratio": 1.75,
            "reinvestment_rate": 77.54,
            "research_to_sale_ratio": 2.44,
            "price_fair": 64.92,
            "eps_avg_yearly": 2.43,
            "eps_latest_yearly": 0.84,
            "eps_growth_yearly": 16.71
        },
        "20122": {
            "year_quarter": 20122,
            "year": 2012,
            "quarter": 2,
            "eps": 0.37,
            "eps_growth_year": -27.55,
            "eps_4q": 1.32,
            "eps_4q_growth_year": -55.84,
            "roe": 2.19,
            "roe_4q": 7.74,
            "gross_profit": 237555,
            "gross_margin": 17.76,
            "gross_margin_4q_avg": 15.61,
            "net_income": 67370,
            "revenue": 1337493,
            "common_shares": 1772513,
            "book_valuer_per_share": 17.09,
            "book_valuer_per_share_4q_avg": 17.43,
            "equity": 3029616,
            "current_ratio": 163.17,
            "debt_ratio": 52.21,
            "inventory_turnover_ratio": 0.56,
            "account_receivable_turnover_ratio": 1.55,
            "reinvestment_rate": 91.04,
            "research_to_sale_ratio": 3.17,
            "price_fair": 79.19,
            "eps_avg_yearly": 2.26,
            "eps_latest_yearly": 1.48,
            "eps_growth_yearly": 30.88
        },
        "20123": {
            "year_quarter": 20123,
            "year": 2012,
            "quarter": 3,
            "eps": 0.12,
            "eps_growth_year": -81.35,
            "eps_4q": 0.82,
            "eps_4q_growth_year": -68.59,
            "roe": 0.71,
            "roe_4q": 4.7700000000000005,
            "gross_profit": 192351,
            "gross_margin": 14.57,
            "gross_margin_4q_avg": 15.06,
            "net_income": 21596,
            "revenue": 1320097,
            "common_shares": 1825688,
            "book_valuer_per_share": 16.62,
            "book_valuer_per_share_4q_avg": 17.24,
            "equity": 3034099,
            "current_ratio": 169.72,
            "debt_ratio": 55.25,
            "inventory_turnover_ratio": 0.54,
            "account_receivable_turnover_ratio": 1.58,
            "reinvestment_rate": 47.77,
            "research_to_sale_ratio": 4.25,
            "price_fair": 67.51,
            "eps_avg_yearly": 2.12,
            "eps_latest_yearly": 0.48,
            "eps_growth_yearly": 21.92
        },
        "20124": {
            "year_quarter": 20124,
            "year": 2012,
            "quarter": 4,
            "eps": 0.41,
            "eps_growth_year": 226.11,
            "eps_4q": 1.11,
            "eps_4q_growth_year": -45.72,
            "roe": 2.44,
            "roe_4q": 6.56,
            "gross_profit": 245690,
            "gross_margin": 14.22,
            "gross_margin_4q_avg": 15.06,
            "net_income": 74925,
            "revenue": 1727207,
            "common_shares": 1825688,
            "book_valuer_per_share": 17.03,
            "book_valuer_per_share_4q_avg": 17.11,
            "equity": 3108995,
            "current_ratio": 182.12,
            "debt_ratio": 49.92,
            "inventory_turnover_ratio": 0.71,
            "account_receivable_turnover_ratio": 2.24,
            "reinvestment_rate": 101.41,
            "research_to_sale_ratio": 2.48,
            "price_fair": 74.64,
            "eps_avg_yearly": 2.13,
            "eps_latest_yearly": 1.64,
            "eps_growth_yearly": 95.36
        },
        "20131": {
            "year_quarter": 20131,
            "year": 2013,
            "quarter": 1,
            "eps": 0.63,
            "eps_growth_year": 200,
            "eps_4q": 1.53,
            "eps_4q_growth_year": 3.51,
            "roe": 3.7,
            "roe_4q": 9.040000000000001,
            "gross_profit": 281774,
            "gross_margin": 18.23,
            "gross_margin_4q_avg": 16.2,
            "net_income": 115426,
            "revenue": 1545833,
            "common_shares": 1825688,
            "book_valuer_per_share": 17.1,
            "book_valuer_per_share_4q_avg": 16.96,
            "equity": 3122823,
            "current_ratio": 225.85,
            "debt_ratio": 42.83,
            "inventory_turnover_ratio": 0.71,
            "account_receivable_turnover_ratio": 2.12,
            "reinvestment_rate": 39.99,
            "research_to_sale_ratio": 2.67,
            "price_fair": 76.3,
            "eps_avg_yearly": 2.18,
            "eps_latest_yearly": 2.52,
            "eps_growth_yearly": 101.42
        },
        "20132": {
            "year_quarter": 20132,
            "year": 2013,
            "quarter": 2,
            "eps": 0.52,
            "eps_growth_year": 40.9,
            "eps_4q": 1.68,
            "eps_4q_growth_year": 27.96,
            "roe": 3.09,
            "roe_4q": 9.940000000000001,
            "gross_profit": 274073,
            "gross_margin": 16.57,
            "gross_margin_4q_avg": 15.9,
            "net_income": 95282,
            "revenue": 1654345,
            "common_shares": 1825688,
            "book_valuer_per_share": 16.72,
            "book_valuer_per_share_4q_avg": 16.87,
            "equity": 3052677,
            "current_ratio": 203.01,
            "debt_ratio": 45.62,
            "inventory_turnover_ratio": 0.88,
            "account_receivable_turnover_ratio": 2.33,
            "reinvestment_rate": 35.89,
            "research_to_sale_ratio": 3.13,
            "price_fair": 77.88,
            "eps_avg_yearly": 2.23,
            "eps_latest_yearly": 2.08,
            "eps_growth_yearly": 102.74
        },
        "20133": {
            "year_quarter": 20133,
            "year": 2013,
            "quarter": 3,
            "eps": 0.42,
            "eps_growth_year": 255.39,
            "eps_4q": 1.98,
            "eps_4q_growth_year": 142.26,
            "roe": 2.47,
            "roe_4q": 11.700000000000001,
            "gross_profit": 265246,
            "gross_margin": 15.61,
            "gross_margin_4q_avg": 16.16,
            "net_income": 76211,
            "revenue": 1699151,
            "common_shares": 1825688,
            "book_valuer_per_share": 17.09,
            "book_valuer_per_share_4q_avg": 16.99,
            "equity": 3120656,
            "current_ratio": 193.25,
            "debt_ratio": 45.33,
            "inventory_turnover_ratio": 0.9,
            "account_receivable_turnover_ratio": 2.44,
            "reinvestment_rate": 33.97,
            "research_to_sale_ratio": 2.89,
            "price_fair": 75.69,
            "eps_avg_yearly": 2.16,
            "eps_latest_yearly": 1.68,
            "eps_growth_yearly": 73.67
        },
        "20134": {
            "year_quarter": 20134,
            "year": 2013,
            "quarter": 4,
            "eps": 0.33,
            "eps_growth_year": -19,
            "eps_4q": 1.9,
            "eps_4q_growth_year": 72.1,
            "roe": 1.92,
            "roe_4q": 11.18,
            "gross_profit": 248825,
            "gross_margin": 14.7,
            "gross_margin_4q_avg": 16.28,
            "net_income": 60695,
            "revenue": 1692540,
            "common_shares": 1825688,
            "book_valuer_per_share": 17.51,
            "book_valuer_per_share_4q_avg": 17.11,
            "equity": 3197671,
            "current_ratio": 189.31,
            "debt_ratio": 44.77,
            "inventory_turnover_ratio": 0.82,
            "account_receivable_turnover_ratio": 2.42,
            "reinvestment_rate": -9.79,
            "research_to_sale_ratio": 2.77,
            "price_fair": 73.33,
            "eps_avg_yearly": 2.1,
            "eps_latest_yearly": 1.32,
            "eps_growth_yearly": 70.92
        },
        "20141": {
            "year_quarter": 20141,
            "year": 2014,
            "quarter": 1,
            "eps": 0.46,
            "eps_growth_year": -26.98,
            "eps_4q": 1.73,
            "eps_4q_growth_year": 13.01,
            "roe": 2.57,
            "roe_4q": 10.05,
            "gross_profit": 241524,
            "gross_margin": 15.81,
            "gross_margin_4q_avg": 15.67,
            "net_income": 83466,
            "revenue": 1527961,
            "common_shares": 1825688,
            "book_valuer_per_share": 18.04,
            "book_valuer_per_share_4q_avg": 17.34,
            "equity": 3292952,
            "current_ratio": 194.66,
            "debt_ratio": 43.26,
            "inventory_turnover_ratio": 0.73,
            "account_receivable_turnover_ratio": 2.29,
            "reinvestment_rate": -9.02,
            "research_to_sale_ratio": 3.09,
            "price_fair": 72.98,
            "eps_avg_yearly": 2.09,
            "eps_latest_yearly": 1.84,
            "eps_growth_yearly": 84.94
        },
        "20142": {
            "year_quarter": 20142,
            "year": 2014,
            "quarter": 2,
            "eps": 0.49,
            "eps_growth_year": -5.77,
            "eps_4q": 1.7,
            "eps_4q_growth_year": 0.88,
            "roe": 2.81,
            "roe_4q": 9.77,
            "gross_profit": 309641,
            "gross_margin": 17.62,
            "gross_margin_4q_avg": 15.94,
            "net_income": 89531,
            "revenue": 1757039,
            "common_shares": 1825688,
            "book_valuer_per_share": 16.92,
            "book_valuer_per_share_4q_avg": 17.39,
            "equity": 3089989,
            "current_ratio": 176.26,
            "debt_ratio": 47.58,
            "inventory_turnover_ratio": 0.84,
            "account_receivable_turnover_ratio": 2.3,
            "reinvestment_rate": -16.62,
            "research_to_sale_ratio": 3.42,
            "price_fair": 68.43,
            "eps_avg_yearly": 1.96,
            "eps_latest_yearly": 1.96,
            "eps_growth_yearly": 61.07
        },
        "20143": {
            "year_quarter": 20143,
            "year": 2014,
            "quarter": 3,
            "eps": 0.61,
            "eps_growth_year": 45.24,
            "eps_4q": 1.89,
            "eps_4q_growth_year": -4.43,
            "roe": 3.55,
            "roe_4q": 10.85,
            "gross_profit": 336192,
            "gross_margin": 19.25,
            "gross_margin_4q_avg": 16.85,
            "net_income": 112078,
            "revenue": 1746369,
            "common_shares": 1825688,
            "book_valuer_per_share": 17.63,
            "book_valuer_per_share_4q_avg": 17.53,
            "equity": 3219542,
            "current_ratio": 177.68,
            "debt_ratio": 47.01,
            "inventory_turnover_ratio": 0.81,
            "account_receivable_turnover_ratio": 2,
            "reinvestment_rate": 34.11,
            "research_to_sale_ratio": 4.82,
            "price_fair": 64.75,
            "eps_avg_yearly": 1.85,
            "eps_latest_yearly": 2.44,
            "eps_growth_yearly": 66.7
        },
        "20144": {
            "year_quarter": 20144,
            "year": 2014,
            "quarter": 4,
            "eps": 0.52,
            "eps_growth_year": 57.9,
            "eps_4q": 2.09,
            "eps_4q_growth_year": 9.59,
            "roe": 2.93,
            "roe_4q": 11.860000000000001,
            "gross_profit": 326159,
            "gross_margin": 17.8,
            "gross_margin_4q_avg": 17.62,
            "net_income": 95856,
            "revenue": 1832567,
            "common_shares": 1825688,
            "book_valuer_per_share": 18.22,
            "book_valuer_per_share_4q_avg": 17.7,
            "equity": 3327074,
            "current_ratio": 173.73,
            "debt_ratio": 48.24,
            "inventory_turnover_ratio": 0.88,
            "account_receivable_turnover_ratio": 2.38,
            "reinvestment_rate": -8.86,
            "research_to_sale_ratio": 5.48,
            "price_fair": 62.83,
            "eps_avg_yearly": 1.8,
            "eps_latest_yearly": 2.08,
            "eps_growth_yearly": 70.05
        },
        "20151": {
            "year_quarter": 20151,
            "year": 2015,
            "quarter": 1,
            "eps": 0.63,
            "eps_growth_year": 36.96,
            "eps_4q": 2.26,
            "eps_4q_growth_year": 30.6,
            "roe": 3.4,
            "roe_4q": 12.69,
            "gross_profit": 329908,
            "gross_margin": 18.65,
            "gross_margin_4q_avg": 18.33,
            "net_income": 114764,
            "revenue": 1769392,
            "common_shares": 1825688,
            "book_valuer_per_share": 18.73,
            "book_valuer_per_share_4q_avg": 17.88,
            "equity": 3419438,
            "current_ratio": 180.27,
            "debt_ratio": 47.24,
            "inventory_turnover_ratio": 0.82,
            "account_receivable_turnover_ratio": 2.41,
            "reinvestment_rate": -17.29,
            "research_to_sale_ratio": 4.13,
            "price_fair": 61.16,
            "eps_avg_yearly": 1.75,
            "eps_latest_yearly": 2.52,
            "eps_growth_yearly": 72.63
        },
        "20152": {
            "year_quarter": 20152,
            "year": 2015,
            "quarter": 2,
            "eps": 0.62,
            "eps_growth_year": 26.53,
            "eps_4q": 2.3,
            "eps_4q_growth_year": 35.65,
            "roe": 3.52,
            "roe_4q": 13.399999999999999,
            "gross_profit": 361414,
            "gross_margin": 18.96,
            "gross_margin_4q_avg": 18.67,
            "net_income": 118697,
            "revenue": 1906625,
            "common_shares": 1825688,
            "book_valuer_per_share": 18.26,
            "book_valuer_per_share_4q_avg": 18.21,
            "equity": 3334177,
            "current_ratio": 150.33,
            "debt_ratio": 54.43,
            "inventory_turnover_ratio": 0.85,
            "account_receivable_turnover_ratio": 2.55,
            "reinvestment_rate": 7.39,
            "research_to_sale_ratio": 3.83,
            "price_fair": 62.13,
            "eps_avg_yearly": 1.78,
            "eps_latest_yearly": 2.48,
            "eps_growth_yearly": 81.69
        },
        "20153": {
            "year_quarter": 20153,
            "year": 2015,
            "quarter": 3,
            "eps": 0.93,
            "eps_growth_year": 52.46,
            "eps_4q": 2.65,
            "eps_4q_growth_year": 39.78,
            "roe": 5.19,
            "roe_4q": 15.040000000000001,
            "gross_profit": 407538,
            "gross_margin": 19.31,
            "gross_margin_4q_avg": 18.68,
            "net_income": 178224,
            "revenue": 2111001,
            "common_shares": 1916972,
            "book_valuer_per_share": 18.45,
            "book_valuer_per_share_4q_avg": 18.42,
            "equity": 3536853,
            "current_ratio": 157.11,
            "debt_ratio": 51.73,
            "inventory_turnover_ratio": 0.94,
            "account_receivable_turnover_ratio": 2.49,
            "reinvestment_rate": 48.95,
            "research_to_sale_ratio": 3.56,
            "price_fair": 64.75,
            "eps_avg_yearly": 1.85,
            "eps_latest_yearly": 3.72,
            "eps_growth_yearly": 88.3
        },
        "20154": {
            "year_quarter": 20154,
            "year": 2015,
            "quarter": 4,
            "eps": 0.83,
            "eps_growth_year": 57.89,
            "eps_4q": 2.98,
            "eps_4q_growth_year": 42.64,
            "roe": 4.46,
            "roe_4q": 16.57,
            "gross_profit": 448047,
            "gross_margin": 17.7,
            "gross_margin_4q_avg": 18.66,
            "net_income": 158883,
            "revenue": 2531971,
            "common_shares": 1916972,
            "book_valuer_per_share": 18.75,
            "book_valuer_per_share_4q_avg": 18.55,
            "equity": 3594202,
            "current_ratio": 152.33,
            "debt_ratio": 54.57,
            "inventory_turnover_ratio": 1.13,
            "account_receivable_turnover_ratio": 3.05,
            "reinvestment_rate": -2.11,
            "research_to_sale_ratio": 3.55,
            "price_fair": 70.88,
            "eps_avg_yearly": 2.03,
            "eps_latest_yearly": 3.32,
            "eps_growth_yearly": 105.46
        },
        "20161": {
            "year_quarter": 20161,
            "year": 2016,
            "quarter": 1,
            "eps": 0.58,
            "eps_growth_year": -7.94,
            "eps_4q": 2.96,
            "eps_4q_growth_year": 31.07,
            "roe": 3.06,
            "roe_4q": 16.23,
            "gross_profit": 393090,
            "gross_margin": 17.57,
            "gross_margin_4q_avg": 18.39,
            "net_income": 111536,
            "revenue": 2237809,
            "common_shares": 1916972,
            "book_valuer_per_share": 19.25,
            "book_valuer_per_share_4q_avg": 18.68,
            "equity": 3690171,
            "current_ratio": 158.24,
            "debt_ratio": 50.15,
            "inventory_turnover_ratio": 1.16,
            "account_receivable_turnover_ratio": 3.32,
            "reinvestment_rate": -10.16,
            "research_to_sale_ratio": 3.06,
            "price_fair": 74.11,
            "eps_avg_yearly": 2.12,
            "eps_latest_yearly": 2.32,
            "eps_growth_yearly": 82.54
        },
        "20162": {
            "year_quarter": 20162,
            "year": 2016,
            "quarter": 2,
            "eps": 0.69,
            "eps_growth_year": 11.29,
            "eps_4q": 3.03,
            "eps_4q_growth_year": 31.8,
            "roe": 3.78,
            "roe_4q": 16.490000000000002,
            "gross_profit": 371392,
            "gross_margin": 16.94,
            "gross_margin_4q_avg": 17.88,
            "net_income": 133137,
            "revenue": 2192404,
            "common_shares": 1916972,
            "book_valuer_per_share": 17.51,
            "book_valuer_per_share_4q_avg": 18.49,
            "equity": 3357411,
            "current_ratio": 137.97,
            "debt_ratio": 58.73,
            "inventory_turnover_ratio": 1.38,
            "account_receivable_turnover_ratio": 3.13,
            "reinvestment_rate": -18.4,
            "research_to_sale_ratio": 4.68,
            "price_fair": 76.91,
            "eps_avg_yearly": 2.2,
            "eps_latest_yearly": 2.76,
            "eps_growth_yearly": 68.24
        },
        "20163": {
            "year_quarter": 20163,
            "year": 2016,
            "quarter": 3,
            "eps": 0.42,
            "eps_growth_year": -54.84,
            "eps_4q": 2.52,
            "eps_4q_growth_year": -4.67,
            "roe": 2.38,
            "roe_4q": 13.68,
            "gross_profit": 341696,
            "gross_margin": 16.88,
            "gross_margin_4q_avg": 17.27,
            "net_income": 80274,
            "revenue": 2024428,
            "common_shares": 1916972,
            "book_valuer_per_share": 17.73,
            "book_valuer_per_share_4q_avg": 18.31,
            "equity": 3397980,
            "current_ratio": 135.06,
            "debt_ratio": 61.09,
            "inventory_turnover_ratio": 0.99,
            "account_receivable_turnover_ratio": 2.92,
            "reinvestment_rate": 22.11,
            "research_to_sale_ratio": 4.78,
            "price_fair": 79.54,
            "eps_avg_yearly": 2.27,
            "eps_latest_yearly": 1.68,
            "eps_growth_yearly": 75.35
        },
        "20164": {
            "year_quarter": 20164,
            "year": 2016,
            "quarter": 4,
            "eps": 0.86,
            "eps_growth_year": 3.52,
            "eps_4q": 2.55,
            "eps_4q_growth_year": -14.22,
            "roe": 4.76,
            "roe_4q": 13.98,
            "gross_profit": 383466,
            "gross_margin": 15.9,
            "gross_margin_4q_avg": 16.82,
            "net_income": 164480,
            "revenue": 2411530,
            "common_shares": 1916972,
            "book_valuer_per_share": 18.33,
            "book_valuer_per_share_4q_avg": 18.21,
            "equity": 3514461,
            "current_ratio": 145.31,
            "debt_ratio": 63.3,
            "inventory_turnover_ratio": 0.89,
            "account_receivable_turnover_ratio": 4.04,
            "reinvestment_rate": -19.79,
            "research_to_sale_ratio": 4.81,
            "price_fair": 83.48,
            "eps_avg_yearly": 2.39,
            "eps_latest_yearly": 3.44,
            "eps_growth_yearly": 41.12
        },
        "20171": {
            "year_quarter": 20171,
            "year": 2017,
            "quarter": 1,
            "eps": -0.25,
            "eps_growth_year": -143.1,
            "eps_4q": 1.73,
            "eps_4q_growth_year": -41.68,
            "roe": -1.36,
            "roe_4q": 9.559999999999999,
            "gross_profit": 388268,
            "gross_margin": 15.18,
            "gross_margin_4q_avg": 16.23,
            "net_income": -46987,
            "revenue": 2558397,
            "common_shares": 1916972,
            "book_valuer_per_share": 17.68,
            "book_valuer_per_share_4q_avg": 17.81,
            "equity": 3387733,
            "current_ratio": 149.14,
            "debt_ratio": 65.39,
            "inventory_turnover_ratio": 0.85,
            "account_receivable_turnover_ratio": 4.4,
            "reinvestment_rate": 29.29,
            "research_to_sale_ratio": 4.35,
            "price_fair": 83.16,
            "eps_avg_yearly": 2.38,
            "eps_latest_yearly": 3.44,
            "eps_growth_yearly": 29.55
        },
        "20172": {
            "year_quarter": 20172,
            "year": 2017,
            "quarter": 2,
            "eps": 0.86,
            "eps_growth_year": 24.64,
            "eps_4q": 1.87,
            "eps_4q_growth_year": -38.29,
            "roe": 5.09,
            "roe_4q": 10.869999999999997,
            "gross_profit": 470524,
            "gross_margin": 16.76,
            "gross_margin_4q_avg": 16.18,
            "net_income": 168442,
            "revenue": 2807394,
            "common_shares": 1916972,
            "book_valuer_per_share": 16.86,
            "book_valuer_per_share_4q_avg": 17.65,
            "equity": 3232288,
            "current_ratio": 135.02,
            "debt_ratio": 70.38,
            "inventory_turnover_ratio": 0.87,
            "account_receivable_turnover_ratio": 4.6,
            "reinvestment_rate": 36.38,
            "research_to_sale_ratio": 4.96,
            "price_fair": 83.9,
            "eps_avg_yearly": 2.4,
            "eps_latest_yearly": 3.44,
            "eps_growth_yearly": 36.65
        },
        "20173": {
            "year_quarter": 20173,
            "year": 2017,
            "quarter": 3,
            "eps": 0.56,
            "eps_growth_year": 33.33,
            "eps_4q": 2.02,
            "eps_4q_growth_year": -19.91,
            "roe": 3.31,
            "roe_4q": 11.8,
            "gross_profit": 477475,
            "gross_margin": 14.38,
            "gross_margin_4q_avg": 15.56,
            "net_income": 109319,
            "revenue": 3320983,
            "common_shares": 1955312,
            "book_valuer_per_share": 17.21,
            "book_valuer_per_share_4q_avg": 17.52,
            "equity": 3364606,
            "current_ratio": 137.59,
            "debt_ratio": 68.19,
            "inventory_turnover_ratio": 1.01,
            "account_receivable_turnover_ratio": 5.35,
            "reinvestment_rate": 42.72,
            "research_to_sale_ratio": 4.97,
            "price_fair": 85.3,
            "eps_avg_yearly": 2.44,
            "eps_latest_yearly": 2.24,
            "eps_growth_yearly": 32.18
        },
        "20174": {
            "year_quarter": 20174,
            "year": 2017,
            "quarter": 4,
            "eps": 0.97,
            "eps_growth_year": 13.37,
            "eps_4q": 2.15,
            "eps_4q_growth_year": -15.67,
            "roe": 5.53,
            "roe_4q": 12.57,
            "gross_profit": 622585,
            "gross_margin": 16.87,
            "gross_margin_4q_avg": 15.8,
            "net_income": 190214,
            "revenue": 3689581,
            "common_shares": 1955312,
            "book_valuer_per_share": 17.99,
            "book_valuer_per_share_4q_avg": 17.44,
            "equity": 3518455,
            "current_ratio": 130.75,
            "debt_ratio": 68.36,
            "inventory_turnover_ratio": 1.13,
            "account_receivable_turnover_ratio": 5.36,
            "reinvestment_rate": 47.36,
            "research_to_sale_ratio": 3.38,
            "price_fair": 91.7,
            "eps_avg_yearly": 2.62,
            "eps_latest_yearly": 3.88,
            "eps_growth_yearly": 59.22
        },
        "20181": {
            "year_quarter": 20181,
            "year": 2018,
            "quarter": 1,
            "eps": 0.84,
            "eps_growth_year": null,
            "eps_4q": 3.24,
            "eps_4q_growth_year": 87.44,
            "roe": 4.56,
            "roe_4q": 18.490000000000002,
            "gross_profit": 566484,
            "gross_margin": 16.57,
            "gross_margin_4q_avg": 16.15,
            "net_income": 164680,
            "revenue": 3417868,
            "common_shares": 1955312,
            "book_valuer_per_share": 18.95,
            "book_valuer_per_share_4q_avg": 17.75,
            "equity": 3704749,
            "current_ratio": 135.42,
            "debt_ratio": 64.85,
            "inventory_turnover_ratio": 1.26,
            "account_receivable_turnover_ratio": 4.8,
            "reinvestment_rate": 47.13,
            "research_to_sale_ratio": 3.36,
            "price_fair": 95.5,
            "eps_avg_yearly": 2.73,
            "eps_latest_yearly": 3.36,
            "eps_growth_yearly": 44.14
        },
        "20182": {
            "year_quarter": 20182,
            "year": 2018,
            "quarter": 2,
            "eps": 1.6,
            "eps_growth_year": 86.05,
            "eps_4q": 3.97,
            "eps_4q_growth_year": 112.07,
            "roe": 8.42,
            "roe_4q": 21.82,
            "gross_profit": 648545,
            "gross_margin": 18.3,
            "gross_margin_4q_avg": 16.53,
            "net_income": 312388,
            "revenue": 3542993,
            "common_shares": 1955312,
            "book_valuer_per_share": 19,
            "book_valuer_per_share_4q_avg": 18.29,
            "equity": 3714618,
            "current_ratio": 123.39,
            "debt_ratio": 67.05,
            "inventory_turnover_ratio": 1.59,
            "account_receivable_turnover_ratio": 4.63,
            "reinvestment_rate": 47.59,
            "research_to_sale_ratio": 3.44,
            "price_fair": 106.6,
            "eps_avg_yearly": 3.05,
            "eps_latest_yearly": 6.4,
            "eps_growth_yearly": 68.12
        },
        "20183": {
            "year_quarter": 20183,
            "year": 2018,
            "quarter": 3,
            "eps": 1.18,
            "eps_growth_year": 110.71,
            "eps_4q": 4.6,
            "eps_4q_growth_year": 127.4,
            "roe": 6.09,
            "roe_4q": 24.6,
            "gross_profit": 659941,
            "gross_margin": 18.26,
            "gross_margin_4q_avg": 17.5,
            "net_income": 231539,
            "revenue": 3613861,
            "common_shares": 1955312,
            "book_valuer_per_share": 19.88,
            "book_valuer_per_share_4q_avg": 18.96,
            "equity": 3887623,
            "current_ratio": 124.04,
            "debt_ratio": 64.76,
            "inventory_turnover_ratio": 1.71,
            "account_receivable_turnover_ratio": 3.44,
            "reinvestment_rate": 45.01,
            "research_to_sale_ratio": 4.64,
            "price_fair": 112.3,
            "eps_avg_yearly": 3.21,
            "eps_latest_yearly": 4.72,
            "eps_growth_yearly": 53.63
        },
        "20184": {
            "year_quarter": 20184,
            "year": 2018,
            "quarter": 4,
            "eps": 1.25,
            "eps_growth_year": 28.92,
            "eps_4q": 4.88,
            "eps_4q_growth_year": 126.57,
            "roe": 6.13,
            "roe_4q": 25.2,
            "gross_profit": 784965,
            "gross_margin": 20.49,
            "gross_margin_4q_avg": 18.41,
            "net_income": 245206,
            "revenue": 3831718,
            "common_shares": 1955312,
            "book_valuer_per_share": 21.04,
            "book_valuer_per_share_4q_avg": 19.72,
            "equity": 4114501,
            "current_ratio": 123.38,
            "debt_ratio": 66.87,
            "inventory_turnover_ratio": 1.58,
            "account_receivable_turnover_ratio": 3.17,
            "reinvestment_rate": 43.05,
            "research_to_sale_ratio": 5.14,
            "price_fair": 119.6,
            "eps_avg_yearly": 3.42,
            "eps_latest_yearly": 5,
            "eps_growth_yearly": 59.54
        },
        "20191": {
            "year_quarter": 20191,
            "year": 2019,
            "quarter": 1,
            "eps": 1.09,
            "eps_growth_year": 29.76,
            "eps_4q": 5.12,
            "eps_4q_growth_year": 58.34,
            "roe": 5.02,
            "roe_4q": 25.659999999999997,
            "gross_profit": 600897,
            "gross_margin": 17.71,
            "gross_margin_4q_avg": 18.69,
            "net_income": 212623,
            "revenue": 3392595,
            "common_shares": 1955312,
            "book_valuer_per_share": 22.32,
            "book_valuer_per_share_4q_avg": 20.56,
            "equity": 4364038,
            "current_ratio": 122.77,
            "debt_ratio": 67.89,
            "inventory_turnover_ratio": 1.23,
            "account_receivable_turnover_ratio": 2.71,
            "reinvestment_rate": 42.52,
            "research_to_sale_ratio": 3.9,
            "price_fair": 124.2,
            "eps_avg_yearly": 3.55,
            "eps_latest_yearly": 4.36,
            "eps_growth_yearly": 49.84
        },
        "20192": {
            "year_quarter": 20192,
            "year": 2019,
            "quarter": 2,
            "eps": 1.28,
            "eps_growth_year": -20,
            "eps_4q": 4.8,
            "eps_4q_growth_year": 20.96,
            "roe": 6.02,
            "roe_4q": 23.259999999999998,
            "gross_profit": 652402,
            "gross_margin": 19.21,
            "gross_margin_4q_avg": 18.92,
            "net_income": 250023,
            "revenue": 3396184,
            "common_shares": 1955312,
            "book_valuer_per_share": 20.19,
            "book_valuer_per_share_4q_avg": 20.86,
            "equity": 3948006,
            "current_ratio": 120.26,
            "debt_ratio": 67.73,
            "inventory_turnover_ratio": 1.14,
            "account_receivable_turnover_ratio": 3.53,
            "reinvestment_rate": 27.48,
            "research_to_sale_ratio": 3.55,
            "price_fair": 130.8,
            "eps_avg_yearly": 3.74,
            "eps_latest_yearly": 5.12,
            "eps_growth_yearly": 55.27
        },
        "20193": {
            "year_quarter": 20193,
            "year": 2019,
            "quarter": 3,
            "eps": 0.75,
            "eps_growth_year": -36.44,
            "eps_4q": 4.37,
            "eps_4q_growth_year": -5,
            "roe": 3.65,
            "roe_4q": 20.82,
            "gross_profit": 545721,
            "gross_margin": 18.64,
            "gross_margin_4q_avg": 19.01,
            "net_income": 145989,
            "revenue": 2927918,
            "common_shares": 1955312,
            "book_valuer_per_share": 20.69,
            "book_valuer_per_share_4q_avg": 21.06,
            "equity": 4046859,
            "current_ratio": 128.01,
            "debt_ratio": 62.56,
            "inventory_turnover_ratio": 1.05,
            "account_receivable_turnover_ratio": 4.14,
            "reinvestment_rate": 24.63,
            "research_to_sale_ratio": 5.03,
            "price_fair": 129,
            "eps_avg_yearly": 3.69,
            "eps_latest_yearly": 3,
            "eps_growth_yearly": 29.15
        },
        "20194": {
            "year_quarter": 20194,
            "year": 2019,
            "quarter": 4,
            "eps": 0.37,
            "eps_growth_year": -70.22,
            "eps_4q": 3.49,
            "eps_4q_growth_year": -28.53,
            "roe": 1.8,
            "roe_4q": 16.49,
            "gross_profit": 526594,
            "gross_margin": 18.87,
            "gross_margin_4q_avg": 18.61,
            "net_income": 73033,
            "revenue": 2790636,
            "common_shares": 1955312,
            "book_valuer_per_share": 20.81,
            "book_valuer_per_share_4q_avg": 21,
            "equity": 4070133,
            "current_ratio": 125.04,
            "debt_ratio": 64.49,
            "inventory_turnover_ratio": 1.05,
            "account_receivable_turnover_ratio": 3.07,
            "reinvestment_rate": 25.46,
            "research_to_sale_ratio": 4.63,
            "price_fair": 98.63,
            "eps_avg_yearly": 3.55,
            "eps_latest_yearly": 1.48,
            "eps_growth_yearly": 17.75
        },
        "20201": {
            "year_quarter": 20201,
            "year": 2020,
            "quarter": 1,
            "eps": 0.72,
            "eps_growth_year": -33.94,
            "eps_4q": 3.12,
            "eps_4q_growth_year": -39.16,
            "roe": 3.4,
            "roe_4q": 14.87,
            "gross_profit": 411543,
            "gross_margin": 19.62,
            "gross_margin_4q_avg": 19.09,
            "net_income": 140376,
            "revenue": 2097421,
            "common_shares": 1955312,
            "book_valuer_per_share": 21.43,
            "book_valuer_per_share_4q_avg": 20.78,
            "equity": 4190858,
            "current_ratio": 139.22,
            "debt_ratio": 62.19,
            "inventory_turnover_ratio": 0.78,
            "account_receivable_turnover_ratio": 2.71,
            "reinvestment_rate": 25.67,
            "research_to_sale_ratio": 4.38,
            "price_fair": 125.8,
            "eps_avg_yearly": 3.59,
            "eps_latest_yearly": 2.88,
            "eps_growth_yearly": 53.38
        },
        "20202": {
            "year_quarter": 20202,
            "year": 2020,
            "quarter": 2,
            "eps": 0.71,
            "eps_growth_year": -44.53,
            "eps_4q": 2.55,
            "eps_4q_growth_year": -46.9,
            "roe": 3.49,
            "roe_4q": 12.340000000000002,
            "gross_profit": 490026,
            "gross_margin": 23.62,
            "gross_margin_4q_avg": 20.19,
            "net_income": 139397,
            "revenue": 2074233,
            "common_shares": 1955312,
            "book_valuer_per_share": 19.48,
            "book_valuer_per_share_4q_avg": 20.6,
            "equity": 3808273,
            "current_ratio": 139.76,
            "debt_ratio": 65.92,
            "inventory_turnover_ratio": 0.72,
            "account_receivable_turnover_ratio": 3.94,
            "reinvestment_rate": 29.97,
            "research_to_sale_ratio": 5.15,
            "price_fair": 126,
            "eps_avg_yearly": 3.6,
            "eps_latest_yearly": 2.84,
            "eps_growth_yearly": 47.57
        },
        "20203": {
            "year_quarter": 20203,
            "year": 2020,
            "quarter": 3,
            "eps": 0.66,
            "eps_growth_year": -12,
            "eps_4q": 2.47,
            "eps_4q_growth_year": -43.54,
            "roe": 3.33,
            "roe_4q": 12.020000000000001,
            "gross_profit": 459692,
            "gross_margin": 20.46,
            "gross_margin_4q_avg": 20.64,
            "net_income": 129303,
            "revenue": 2246992,
            "common_shares": 1955312,
            "book_valuer_per_share": 20.29,
            "book_valuer_per_share_4q_avg": 20.5,
            "equity": 3967465,
            "current_ratio": 148.13,
            "debt_ratio": 63.22,
            "inventory_turnover_ratio": 0.86,
            "account_receivable_turnover_ratio": 3.99,
            "reinvestment_rate": 33.01,
            "research_to_sale_ratio": 4.57,
            "price_fair": 128.4,
            "eps_avg_yearly": 3.67,
            "eps_latest_yearly": 2.64,
            "eps_growth_yearly": 56.73
        },
        "20204": {
            "year_quarter": 20204,
            "year": 2020,
            "quarter": 4,
            "eps": 0.53,
            "eps_growth_year": 42.81,
            "eps_4q": 2.63,
            "eps_4q_growth_year": -24.69,
            "roe": 2.58,
            "roe_4q": 12.8,
            "gross_profit": 522045,
            "gross_margin": 20.97,
            "gross_margin_4q_avg": 21.17,
            "net_income": 104308,
            "revenue": 2490019,
            "common_shares": 1955312,
            "book_valuer_per_share": 20.96,
            "book_valuer_per_share_4q_avg": 20.54,
            "equity": 4109162,
            "current_ratio": 147.13,
            "debt_ratio": 63.34,
            "inventory_turnover_ratio": 1.17,
            "account_receivable_turnover_ratio": 3.38,
            "reinvestment_rate": 30.49,
            "research_to_sale_ratio": 4.88,
            "price_fair": 111.43,
            "eps_avg_yearly": 3.57,
            "eps_latest_yearly": 2.12,
            "eps_growth_yearly": 21.17
        },
        "20211": {
            "year_quarter": 20211,
            "year": 2021,
            "quarter": 1,
            "eps": 0.72,
            "eps_growth_year": 0,
            "eps_4q": 2.62,
            "eps_4q_growth_year": -15.82,
            "roe": 3.35,
            "roe_4q": 12.75,
            "gross_profit": 501742,
            "gross_margin": 21.96,
            "gross_margin_4q_avg": 21.75,
            "net_income": 139960,
            "revenue": 2285312,
            "common_shares": 1955312,
            "book_valuer_per_share": 21.62,
            "book_valuer_per_share_4q_avg": 20.59,
            "equity": 4236652,
            "current_ratio": 157.05,
            "debt_ratio": 59.36,
            "inventory_turnover_ratio": 1.24,
            "account_receivable_turnover_ratio": 2.64,
            "reinvestment_rate": 30.21,
            "research_to_sale_ratio": 4.42,
            "price_fair": 123.48,
            "eps_avg_yearly": 3.53,
            "eps_latest_yearly": 2.88,
            "eps_growth_yearly": 29.32
        },
        "20212": {
            "year_quarter": 20212,
            "year": 2021,
            "quarter": 2,
            "eps": 0.61,
            "eps_growth_year": -14.08,
            "eps_4q": 2.53,
            "eps_4q_growth_year": -1.01,
            "roe": 2.79,
            "roe_4q": 12.05,
            "gross_profit": 539559,
            "gross_margin": 23.18,
            "gross_margin_4q_avg": 21.64,
            "net_income": 119743,
            "revenue": 2327938,
            "common_shares": 1955312,
            "book_valuer_per_share": 22.17,
            "book_valuer_per_share_4q_avg": 21.26,
            "equity": 4343558,
            "current_ratio": 163.51,
            "debt_ratio": 57.38,
            "inventory_turnover_ratio": 1.26,
            "account_receivable_turnover_ratio": 2.54,
            "reinvestment_rate": 27.19,
            "research_to_sale_ratio": 4.74,
            "price_fair": 116.5,
            "eps_avg_yearly": 3.46,
            "eps_latest_yearly": 2.44,
            "eps_growth_yearly": 23.67
        },
        "20213": {
            "year_quarter": 20213,
            "year": 2021,
            "quarter": 3,
            "eps": 0.82,
            "eps_growth_year": 24.24,
            "eps_4q": 2.69,
            "eps_4q_growth_year": 8.9,
            "roe": 3.85,
            "roe_4q": 12.57,
            "gross_profit": 524224,
            "gross_margin": 20.66,
            "gross_margin_4q_avg": 21.69,
            "net_income": 162813,
            "revenue": 2537420,
            "common_shares": 1955312,
            "book_valuer_per_share": 20.93,
            "book_valuer_per_share_4q_avg": 21.42,
            "equity": 4103865,
            "current_ratio": 148.21,
            "debt_ratio": 61.78,
            "inventory_turnover_ratio": 1.32,
            "account_receivable_turnover_ratio": 2.89,
            "reinvestment_rate": 24.54,
            "research_to_sale_ratio": 3.57,
            "price_fair": 123.38,
            "eps_avg_yearly": 3.53,
            "eps_latest_yearly": 3.28,
            "eps_growth_yearly": 41
        },
        "20214": {
            "year_quarter": 20214,
            "year": 2021,
            "quarter": 4,
            "eps": 0.55,
            "eps_growth_year": 2.77,
            "eps_4q": 2.7,
            "eps_4q_growth_year": 2.83,
            "roe": 2.62,
            "roe_4q": 12.610000000000001,
            "gross_profit": 479506,
            "gross_margin": 17.69,
            "gross_margin_4q_avg": 20.87,
            "net_income": 108886,
            "revenue": 2710733,
            "common_shares": 1955312,
            "book_valuer_per_share": 21.48,
            "book_valuer_per_share_4q_avg": 21.55,
            "equity": 4213746,
            "current_ratio": 145.42,
            "debt_ratio": 64.23,
            "inventory_turnover_ratio": 1.47,
            "account_receivable_turnover_ratio": 4.04,
            "reinvestment_rate": 20.84,
            "research_to_sale_ratio": 3.47,
            "price_fair": 83.66,
            "eps_avg_yearly": 3.42,
            "eps_latest_yearly": 2.2,
            "eps_growth_yearly": 14.46
        },
        "20221": {
            "year_quarter": 20221,
            "year": 2022,
            "quarter": 1,
            "eps": 0.85,
            "eps_growth_year": 18.06,
            "eps_4q": 2.84,
            "eps_4q_growth_year": 8.09,
            "roe": 4.07,
            "roe_4q": 13.330000000000002,
            "gross_profit": 460535,
            "gross_margin": 18.02,
            "gross_margin_4q_avg": 19.89,
            "net_income": 167882,
            "revenue": 2556376,
            "common_shares": 1955312,
            "book_valuer_per_share": 20.56,
            "book_valuer_per_share_4q_avg": 21.29,
            "equity": 4035116,
            "current_ratio": 139.22,
            "debt_ratio": 64.97,
            "inventory_turnover_ratio": 1.43,
            "account_receivable_turnover_ratio": 4.49,
            "reinvestment_rate": 22,
            "research_to_sale_ratio": 3.98,
            "price_fair": 119.79,
            "eps_avg_yearly": 3.42,
            "eps_latest_yearly": 3.4,
            "eps_growth_yearly": 31.45
        },
        "20222": {
            "year_quarter": 20222,
            "year": 2022,
            "quarter": 2,
            "eps": 0.94,
            "eps_growth_year": 54.1,
            "eps_4q": 3.16,
            "eps_4q_growth_year": 25.01,
            "roe": 4.52,
            "roe_4q": 15.06,
            "gross_profit": 485840,
            "gross_margin": 18.17,
            "gross_margin_4q_avg": 18.64,
            "net_income": 185873,
            "revenue": 2674194,
            "common_shares": 1955312,
            "book_valuer_per_share": 21.33,
            "book_valuer_per_share_4q_avg": 21.08,
            "equity": 4187413,
            "current_ratio": 136.79,
            "debt_ratio": 65.02,
            "inventory_turnover_ratio": 1.57,
            "account_receivable_turnover_ratio": 4.6,
            "reinvestment_rate": 29.79,
            "research_to_sale_ratio": 2.84,
            "price_fair": 69.96,
            "eps_avg_yearly": 3.26,
            "eps_latest_yearly": 3.76,
            "eps_growth_yearly": 11.48
        },
        "20223": {
            "year_quarter": 20223,
            "year": 2022,
            "quarter": 3,
            "eps": 0.71,
            "eps_growth_year": -13.41,
            "eps_4q": 3.04,
            "eps_4q_growth_year": 13.3,
            "roe": 3.28,
            "roe_4q": 14.489999999999998,
            "gross_profit": 496617,
            "gross_margin": 17.66,
            "gross_margin_4q_avg": 17.89,
            "net_income": 140025,
            "revenue": 2812361,
            "common_shares": 1955312,
            "book_valuer_per_share": 22.13,
            "book_valuer_per_share_4q_avg": 21.38,
            "equity": 4346337,
            "current_ratio": 131.21,
            "debt_ratio": 65.32,
            "inventory_turnover_ratio": 1.74,
            "account_receivable_turnover_ratio": 5.22,
            "reinvestment_rate": 32.44,
            "research_to_sale_ratio": 6.43,
            "price_fair": 68.84,
            "eps_avg_yearly": 3.14,
            "eps_latest_yearly": 2.84,
            "eps_growth_yearly": 11.92
        },
        "20224": {
            "year_quarter": 20224,
            "year": 2022,
            "quarter": 4,
            "eps": 0.14,
            "eps_growth_year": -74.72,
            "eps_4q": 2.63,
            "eps_4q_growth_year": -2.5,
            "roe": 0.65,
            "roe_4q": 12.52,
            "gross_profit": 433936,
            "gross_margin": 15.92,
            "gross_margin_4q_avg": 17.44,
            "net_income": 28293,
            "revenue": 2726085,
            "common_shares": 1955312,
            "book_valuer_per_share": 22.11,
            "book_valuer_per_share_4q_avg": 21.53,
            "equity": 4344215,
            "current_ratio": 127.21,
            "debt_ratio": 66.87,
            "inventory_turnover_ratio": 1.53,
            "account_receivable_turnover_ratio": 6.02,
            "reinvestment_rate": 30.66,
            "research_to_sale_ratio": 5.16,
            "price_fair": 8.59,
            "eps_avg_yearly": 2.86,
            "eps_latest_yearly": 0.56,
            "eps_growth_yearly": -9.63
        },
        "20231": {
            "year_quarter": 20231,
            "year": 2023,
            "quarter": 1,
            "eps": 0.05,
            "eps_growth_year": -94.12,
            "eps_4q": 1.83,
            "eps_4q_growth_year": -35.3,
            "roe": 0.3,
            "roe_4q": 8.75,
            "gross_profit": 374320,
            "gross_margin": 15.97,
            "gross_margin_4q_avg": 16.93,
            "net_income": 12376,
            "revenue": 2343354,
            "common_shares": 1955312,
            "book_valuer_per_share": 20.45,
            "book_valuer_per_share_4q_avg": 21.51,
            "equity": 4021097,
            "current_ratio": 119.52,
            "debt_ratio": 68.01,
            "inventory_turnover_ratio": 1.19,
            "account_receivable_turnover_ratio": 5.04,
            "reinvestment_rate": 33.7,
            "research_to_sale_ratio": 5.16,
            "price_fair": 7.81,
            "eps_avg_yearly": 2.6,
            "eps_latest_yearly": 0.2,
            "eps_growth_yearly": -22.5
        },
        "20232": {
            "year_quarter": 20232,
            "year": 2023,
            "quarter": 2,
            "eps": 0.07,
            "eps_growth_year": -92.55,
            "eps_4q": 0.97,
            "eps_4q_growth_year": -69.22,
            "roe": 0.38,
            "roe_4q": 4.609999999999999,
            "gross_profit": 373511,
            "gross_margin": 18.67,
            "gross_margin_4q_avg": 17.06,
            "net_income": 15427,
            "revenue": 2000865,
            "common_shares": 1955312,
            "book_valuer_per_share": 20.39,
            "book_valuer_per_share_4q_avg": 21.27,
            "equity": 4011081,
            "current_ratio": 120.46,
            "debt_ratio": 66.1,
            "inventory_turnover_ratio": 0.97,
            "account_receivable_turnover_ratio": 4.2,
            "reinvestment_rate": 39.09,
            "research_to_sale_ratio": 7.25,
            "price_fair": 6.9,
            "eps_avg_yearly": 2.3,
            "eps_latest_yearly": 0.28,
            "eps_growth_yearly": -16.86
        }
    },
    "months": {
        "2001-09": {
            "month": "2001-09",
            "price": "14.28",
            "revenue": 163736
        },
        "2001-10": {
            "month": "2001-10",
            "price": "16.22",
            "revenue": 161632
        },
        "2001-11": {
            "month": "2001-11",
            "price": "18.05",
            "revenue": 151588
        },
        "2001-12": {
            "month": "2001-12",
            "price": "22.41",
            "revenue": 151628
        },
        "2002-01": {
            "month": "2002-01",
            "price": "24.39",
            "revenue": 158221
        },
        "2002-02": {
            "month": "2002-02",
            "price": "25.41",
            "revenue": 130473
        },
        "2002-03": {
            "month": "2002-03",
            "price": "27.99",
            "revenue": 160242
        },
        "2002-04": {
            "month": "2002-04",
            "price": "28.56",
            "revenue": 160486
        },
        "2002-05": {
            "month": "2002-05",
            "price": "25.54",
            "revenue": 165598
        },
        "2002-06": {
            "month": "2002-06",
            "price": "25.38",
            "revenue": 165253
        },
        "2002-07": {
            "month": "2002-07",
            "price": "23.48",
            "revenue": 184251
        },
        "2002-08": {
            "month": "2002-08",
            "price": "24.01",
            "revenue": 192151
        },
        "2002-09": {
            "month": "2002-09",
            "price": "29.55",
            "revenue": 207941
        },
        "2002-10": {
            "month": "2002-10",
            "price": "29.99",
            "revenue": 203629
        },
        "2002-11": {
            "month": "2002-11",
            "price": "30.86",
            "revenue": 190278
        },
        "2002-12": {
            "month": "2002-12",
            "price": "28.81",
            "revenue": 171160
        },
        "2003-01": {
            "month": "2003-01",
            "price": "28.04",
            "revenue": 172026
        },
        "2003-02": {
            "month": "2003-02",
            "price": "26.12",
            "revenue": 172344
        },
        "2003-03": {
            "month": "2003-03",
            "price": "24.30",
            "revenue": 173015
        },
        "2003-04": {
            "month": "2003-04",
            "price": "24.14",
            "revenue": 190199
        },
        "2003-05": {
            "month": "2003-05",
            "price": "23.16",
            "revenue": 190182
        },
        "2003-06": {
            "month": "2003-06",
            "price": "24.42",
            "revenue": 191315
        },
        "2003-07": {
            "month": "2003-07",
            "price": "24.89",
            "revenue": 202809
        },
        "2003-08": {
            "month": "2003-08",
            "price": "23.10",
            "revenue": 202778
        },
        "2003-09": {
            "month": "2003-09",
            "price": "22.81",
            "revenue": 204193
        },
        "2003-10": {
            "month": "2003-10",
            "price": "22.73",
            "revenue": 218971
        },
        "2003-11": {
            "month": "2003-11",
            "price": "23.38",
            "revenue": 243976
        },
        "2003-12": {
            "month": "2003-12",
            "price": "23.96",
            "revenue": 291994
        },
        "2004-01": {
            "month": "2004-01",
            "price": "25.65",
            "revenue": 251640
        },
        "2004-02": {
            "month": "2004-02",
            "price": "27.02",
            "revenue": 262295
        },
        "2004-03": {
            "month": "2004-03",
            "price": "25.49",
            "revenue": 271755
        },
        "2004-04": {
            "month": "2004-04",
            "price": "26.06",
            "revenue": 265438
        },
        "2004-05": {
            "month": "2004-05",
            "price": "23.82",
            "revenue": 310595
        },
        "2004-06": {
            "month": "2004-06",
            "price": "23.04",
            "revenue": 348939
        },
        "2004-07": {
            "month": "2004-07",
            "price": "20.66",
            "revenue": 330118
        },
        "2004-08": {
            "month": "2004-08",
            "price": "20.95",
            "revenue": 324501
        },
        "2004-09": {
            "month": "2004-09",
            "price": "20.48",
            "revenue": 323622
        },
        "2004-10": {
            "month": "2004-10",
            "price": "19.80",
            "revenue": 302009
        },
        "2004-11": {
            "month": "2004-11",
            "price": "19.52",
            "revenue": 302090
        },
        "2004-12": {
            "month": "2004-12",
            "price": "19.36",
            "revenue": 315949
        },
        "2005-01": {
            "month": "2005-01",
            "price": "19.20",
            "revenue": 311054
        },
        "2005-02": {
            "month": "2005-02",
            "price": "21.18",
            "revenue": 326707
        },
        "2005-03": {
            "month": "2005-03",
            "price": "22.72",
            "revenue": 367009
        },
        "2005-04": {
            "month": "2005-04",
            "price": "22.54",
            "revenue": 326556
        },
        "2005-05": {
            "month": "2005-05",
            "price": "23.26",
            "revenue": 334884
        },
        "2005-06": {
            "month": "2005-06",
            "price": "23.70",
            "revenue": 354754
        },
        "2005-07": {
            "month": "2005-07",
            "price": "25.22",
            "revenue": 340000
        },
        "2005-08": {
            "month": "2005-08",
            "price": "26.66",
            "revenue": 354939
        },
        "2005-09": {
            "month": "2005-09",
            "price": "26.13",
            "revenue": 356081
        },
        "2005-10": {
            "month": "2005-10",
            "price": "25.72",
            "revenue": 353901
        },
        "2005-11": {
            "month": "2005-11",
            "price": "25.25",
            "revenue": 370136
        },
        "2005-12": {
            "month": "2005-12",
            "price": "29.08",
            "revenue": 387225
        },
        "2006-01": {
            "month": "2006-01",
            "price": "32.19",
            "revenue": 350485
        },
        "2006-02": {
            "month": "2006-02",
            "price": "33.07",
            "revenue": 330326
        },
        "2006-03": {
            "month": "2006-03",
            "price": "34.89",
            "revenue": 372132
        },
        "2006-04": {
            "month": "2006-04",
            "price": "36.35",
            "revenue": 374177
        },
        "2006-05": {
            "month": "2006-05",
            "price": "36.62",
            "revenue": 382988
        },
        "2006-06": {
            "month": "2006-06",
            "price": "33.26",
            "revenue": 410220
        },
        "2006-07": {
            "month": "2006-07",
            "price": "31.82",
            "revenue": 384860
        },
        "2006-08": {
            "month": "2006-08",
            "price": "29.53",
            "revenue": 391737
        },
        "2006-09": {
            "month": "2006-09",
            "price": "29.55",
            "revenue": 380076
        },
        "2006-10": {
            "month": "2006-10",
            "price": "29.99",
            "revenue": 402389
        },
        "2006-11": {
            "month": "2006-11",
            "price": "31.71",
            "revenue": 419637
        },
        "2006-12": {
            "month": "2006-12",
            "price": "33.12",
            "revenue": 411671
        },
        "2007-01": {
            "month": "2007-01",
            "price": "33.90",
            "revenue": 401765
        },
        "2007-02": {
            "month": "2007-02",
            "price": "33.30",
            "revenue": 340188
        },
        "2007-03": {
            "month": "2007-03",
            "price": "34.59",
            "revenue": 368442
        },
        "2007-04": {
            "month": "2007-04",
            "price": "37.34",
            "revenue": 380623
        },
        "2007-05": {
            "month": "2007-05",
            "price": "37.82",
            "revenue": 333458
        },
        "2007-06": {
            "month": "2007-06",
            "price": "35.34",
            "revenue": 355840
        },
        "2007-07": {
            "month": "2007-07",
            "price": "38.04",
            "revenue": 365861
        },
        "2007-08": {
            "month": "2007-08",
            "price": "38.12",
            "revenue": 370333
        },
        "2007-09": {
            "month": "2007-09",
            "price": "39.46",
            "revenue": 381880
        },
        "2007-10": {
            "month": "2007-10",
            "price": "40.75",
            "revenue": 402551
        },
        "2007-11": {
            "month": "2007-11",
            "price": "39.75",
            "revenue": 390771
        },
        "2007-12": {
            "month": "2007-12",
            "price": "38.21",
            "revenue": 423179
        },
        "2008-01": {
            "month": "2008-01",
            "price": "38.48",
            "revenue": 384944
        },
        "2008-02": {
            "month": "2008-02",
            "price": "37.35",
            "revenue": 342068
        },
        "2008-03": {
            "month": "2008-03",
            "price": "39.06",
            "revenue": 377933
        },
        "2008-04": {
            "month": "2008-04",
            "price": "40.64",
            "revenue": 379123
        },
        "2008-05": {
            "month": "2008-05",
            "price": "40.50",
            "revenue": 370184
        },
        "2008-06": {
            "month": "2008-06",
            "price": "38.03",
            "revenue": 419120
        },
        "2008-07": {
            "month": "2008-07",
            "price": "32.35",
            "revenue": 446828
        },
        "2008-08": {
            "month": "2008-08",
            "price": "30.94",
            "revenue": 435743
        },
        "2008-09": {
            "month": "2008-09",
            "price": "26.03",
            "revenue": 429533
        },
        "2008-10": {
            "month": "2008-10",
            "price": "20.89",
            "revenue": 398301
        },
        "2008-11": {
            "month": "2008-11",
            "price": "16.40",
            "revenue": 368891
        },
        "2008-12": {
            "month": "2008-12",
            "price": "15.70",
            "revenue": 302794
        },
        "2009-01": {
            "month": "2009-01",
            "price": "16.11",
            "revenue": 290147
        },
        "2009-02": {
            "month": "2009-02",
            "price": "15.80",
            "revenue": 288830
        },
        "2009-03": {
            "month": "2009-03",
            "price": "18.58",
            "revenue": 290434
        },
        "2009-04": {
            "month": "2009-04",
            "price": "22.08",
            "revenue": 277609
        },
        "2009-05": {
            "month": "2009-05",
            "price": "22.61",
            "revenue": 274355
        },
        "2009-06": {
            "month": "2009-06",
            "price": "22.08",
            "revenue": 273607
        },
        "2009-07": {
            "month": "2009-07",
            "price": "20.73",
            "revenue": 259832
        },
        "2009-08": {
            "month": "2009-08",
            "price": "22.08",
            "revenue": 267938
        },
        "2009-09": {
            "month": "2009-09",
            "price": "22.85",
            "revenue": 364656
        },
        "2009-10": {
            "month": "2009-10",
            "price": "26.96",
            "revenue": 325600
        },
        "2009-11": {
            "month": "2009-11",
            "price": "27.95",
            "revenue": 342674
        },
        "2009-12": {
            "month": "2009-12",
            "price": "30.07",
            "revenue": 398924
        },
        "2010-01": {
            "month": "2010-01",
            "price": "30.66",
            "revenue": 462459
        },
        "2010-02": {
            "month": "2010-02",
            "price": "29.10",
            "revenue": 338147
        },
        "2010-03": {
            "month": "2010-03",
            "price": "30.32",
            "revenue": 438065
        },
        "2010-04": {
            "month": "2010-04",
            "price": "31.96",
            "revenue": 469083
        },
        "2010-05": {
            "month": "2010-05",
            "price": "29.01",
            "revenue": 449192
        },
        "2010-06": {
            "month": "2010-06",
            "price": "30.38",
            "revenue": 504218
        },
        "2010-07": {
            "month": "2010-07",
            "price": "30.72",
            "revenue": 559231
        },
        "2010-08": {
            "month": "2010-08",
            "price": "30.75",
            "revenue": 517439
        },
        "2010-09": {
            "month": "2010-09",
            "price": "30.78",
            "revenue": 561267
        },
        "2010-10": {
            "month": "2010-10",
            "price": "31.02",
            "revenue": 603710
        },
        "2010-11": {
            "month": "2010-11",
            "price": "30.79",
            "revenue": 620780
        },
        "2010-12": {
            "month": "2010-12",
            "price": "32.77",
            "revenue": 761167
        },
        "2011-01": {
            "month": "2011-01",
            "price": "33.68",
            "revenue": 581442
        },
        "2011-02": {
            "month": "2011-02",
            "price": "32.59",
            "revenue": 573779
        },
        "2011-03": {
            "month": "2011-03",
            "price": "32.65",
            "revenue": 658360
        },
        "2011-04": {
            "month": "2011-04",
            "price": "33.68",
            "revenue": 639506
        },
        "2011-05": {
            "month": "2011-05",
            "price": "34.84",
            "revenue": 599215
        },
        "2011-06": {
            "month": "2011-06",
            "price": "34.17",
            "revenue": 555403
        },
        "2011-07": {
            "month": "2011-07",
            "price": "33.11",
            "revenue": 583980
        },
        "2011-08": {
            "month": "2011-08",
            "price": "27.29",
            "revenue": 526876
        },
        "2011-09": {
            "month": "2011-09",
            "price": "26.76",
            "revenue": 507157
        },
        "2011-10": {
            "month": "2011-10",
            "price": "23.81",
            "revenue": 456679
        },
        "2011-11": {
            "month": "2011-11",
            "price": "22.45",
            "revenue": 456640
        },
        "2011-12": {
            "month": "2011-12",
            "price": "21.15",
            "revenue": 552041
        },
        "2012-01": {
            "month": "2012-01",
            "price": "22.50",
            "revenue": 426145
        },
        "2012-02": {
            "month": "2012-02",
            "price": "24.26",
            "revenue": 511889
        },
        "2012-03": {
            "month": "2012-03",
            "price": "25.11",
            "revenue": 504435
        },
        "2012-04": {
            "month": "2012-04",
            "price": "22.92",
            "revenue": 452398
        },
        "2012-05": {
            "month": "2012-05",
            "price": "21.80",
            "revenue": 425752
        },
        "2012-06": {
            "month": "2012-06",
            "price": "20.64",
            "revenue": 460928
        },
        "2012-07": {
            "month": "2012-07",
            "price": "21.56",
            "revenue": 433109
        },
        "2012-08": {
            "month": "2012-08",
            "price": "19.70",
            "revenue": 441847
        },
        "2012-09": {
            "month": "2012-09",
            "price": "20.20",
            "revenue": 449260
        },
        "2012-10": {
            "month": "2012-10",
            "price": "19.70",
            "revenue": 453973
        },
        "2012-11": {
            "month": "2012-11",
            "price": "17.86",
            "revenue": 518780
        },
        "2012-12": {
            "month": "2012-12",
            "price": "18.30",
            "revenue": 758566
        },
        "2013-01": {
            "month": "2013-01",
            "price": "20.37",
            "revenue": 482901
        },
        "2013-02": {
            "month": "2013-02",
            "price": "20.29",
            "revenue": 465215
        },
        "2013-03": {
            "month": "2013-03",
            "price": "20.57",
            "revenue": 593639
        },
        "2013-04": {
            "month": "2013-04",
            "price": "20.52",
            "revenue": 533256
        },
        "2013-05": {
            "month": "2013-05",
            "price": "21.64",
            "revenue": 562804
        },
        "2013-06": {
            "month": "2013-06",
            "price": "22.19",
            "revenue": 557482
        },
        "2013-07": {
            "month": "2013-07",
            "price": "22.47",
            "revenue": 563957
        },
        "2013-08": {
            "month": "2013-08",
            "price": "22.53",
            "revenue": 577449
        },
        "2013-09": {
            "month": "2013-09",
            "price": "24.85",
            "revenue": 555875
        },
        "2013-10": {
            "month": "2013-10",
            "price": "24.77",
            "revenue": 518844
        },
        "2013-11": {
            "month": "2013-11",
            "price": "23.61",
            "revenue": 540356
        },
        "2013-12": {
            "month": "2013-12",
            "price": "24.59",
            "revenue": 632757
        },
        "2014-01": {
            "month": "2014-01",
            "price": "26.32",
            "revenue": 500047
        },
        "2014-02": {
            "month": "2014-02",
            "price": "29.23",
            "revenue": 499840
        },
        "2014-03": {
            "month": "2014-03",
            "price": "31.80",
            "revenue": 525935
        },
        "2014-04": {
            "month": "2014-04",
            "price": "29.86",
            "revenue": 571363
        },
        "2014-05": {
            "month": "2014-05",
            "price": "28.04",
            "revenue": 595242
        },
        "2014-06": {
            "month": "2014-06",
            "price": "30.69",
            "revenue": 589737
        },
        "2014-07": {
            "month": "2014-07",
            "price": "29.91",
            "revenue": 602949
        },
        "2014-08": {
            "month": "2014-08",
            "price": "28.96",
            "revenue": 585764
        },
        "2014-09": {
            "month": "2014-09",
            "price": "29.11",
            "revenue": 556534
        },
        "2014-10": {
            "month": "2014-10",
            "price": "26.27",
            "revenue": 577191
        },
        "2014-11": {
            "month": "2014-11",
            "price": "26.38",
            "revenue": 589260
        },
        "2014-12": {
            "month": "2014-12",
            "price": "27.40",
            "revenue": 663268
        },
        "2015-01": {
            "month": "2015-01",
            "price": "28.27",
            "revenue": 623362
        },
        "2015-02": {
            "month": "2015-02",
            "price": "29.02",
            "revenue": 560438
        },
        "2015-03": {
            "month": "2015-03",
            "price": "29.52",
            "revenue": 582310
        },
        "2015-04": {
            "month": "2015-04",
            "price": "29.77",
            "revenue": 592272
        },
        "2015-05": {
            "month": "2015-05",
            "price": "29.00",
            "revenue": 639577
        },
        "2015-06": {
            "month": "2015-06",
            "price": "28.42",
            "revenue": 671773
        },
        "2015-07": {
            "month": "2015-07",
            "price": "28.47",
            "revenue": 677523
        },
        "2015-08": {
            "month": "2015-08",
            "price": "25.34",
            "revenue": 694815
        },
        "2015-09": {
            "month": "2015-09",
            "price": "25.35",
            "revenue": 745729
        },
        "2015-10": {
            "month": "2015-10",
            "price": "27.61",
            "revenue": 788720
        },
        "2015-11": {
            "month": "2015-11",
            "price": "29.85",
            "revenue": 823506
        },
        "2015-12": {
            "month": "2015-12",
            "price": "33.13",
            "revenue": 931715
        },
        "2016-01": {
            "month": "2016-01",
            "price": "32.95",
            "revenue": 854720
        },
        "2016-02": {
            "month": "2016-02",
            "price": "36.08",
            "revenue": 676425
        },
        "2016-03": {
            "month": "2016-03",
            "price": "39.94",
            "revenue": 706705
        },
        "2016-04": {
            "month": "2016-04",
            "price": "36.15",
            "revenue": 744628
        },
        "2016-05": {
            "month": "2016-05",
            "price": "34.42",
            "revenue": 730233
        },
        "2016-06": {
            "month": "2016-06",
            "price": "38.29",
            "revenue": 716959
        },
        "2016-07": {
            "month": "2016-07",
            "price": "43.90",
            "revenue": 660275
        },
        "2016-08": {
            "month": "2016-08",
            "price": "42.89",
            "revenue": 686170
        },
        "2016-09": {
            "month": "2016-09",
            "price": "45.14",
            "revenue": 686995
        },
        "2016-10": {
            "month": "2016-10",
            "price": "40.59",
            "revenue": 705070
        },
        "2016-11": {
            "month": "2016-11",
            "price": "36.62",
            "revenue": 811909
        },
        "2016-12": {
            "month": "2016-12",
            "price": "37.27",
            "revenue": 881138
        },
        "2017-01": {
            "month": "2017-01",
            "price": "38.78",
            "revenue": 845734
        },
        "2017-02": {
            "month": "2017-02",
            "price": "39.09",
            "revenue": 833373
        },
        "2017-03": {
            "month": "2017-03",
            "price": "40.99",
            "revenue": 876049
        },
        "2017-04": {
            "month": "2017-04",
            "price": "40.94",
            "revenue": 880864
        },
        "2017-05": {
            "month": "2017-05",
            "price": "38.76",
            "revenue": 968165
        },
        "2017-06": {
            "month": "2017-06",
            "price": "39.96",
            "revenue": 958379
        },
        "2017-07": {
            "month": "2017-07",
            "price": "40.46",
            "revenue": 1075260
        },
        "2017-08": {
            "month": "2017-08",
            "price": "41.25",
            "revenue": 1098508
        },
        "2017-09": {
            "month": "2017-09",
            "price": "43.21",
            "revenue": 1154487
        },
        "2017-10": {
            "month": "2017-10",
            "price": "44.40",
            "revenue": 1105947
        },
        "2017-11": {
            "month": "2017-11",
            "price": "42.57",
            "revenue": 1200139
        },
        "2017-12": {
            "month": "2017-12",
            "price": "43.75",
            "revenue": 1386811
        },
        "2018-01": {
            "month": "2018-01",
            "price": "52.00",
            "revenue": 1257588
        },
        "2018-02": {
            "month": "2018-02",
            "price": "50.53",
            "revenue": 1051889
        },
        "2018-03": {
            "month": "2018-03",
            "price": "47.12",
            "revenue": 1108391
        },
        "2018-04": {
            "month": "2018-04",
            "price": "44.52",
            "revenue": 1182469
        },
        "2018-05": {
            "month": "2018-05",
            "price": "45.43",
            "revenue": 1196356
        },
        "2018-06": {
            "month": "2018-06",
            "price": "44.81",
            "revenue": 1164168
        },
        "2018-07": {
            "month": "2018-07",
            "price": "41.83",
            "revenue": 1206937
        },
        "2018-08": {
            "month": "2018-08",
            "price": "44.01",
            "revenue": 1211689
        },
        "2018-09": {
            "month": "2018-09",
            "price": "43.67",
            "revenue": 1212386
        },
        "2018-10": {
            "month": "2018-10",
            "price": "39.54",
            "revenue": 1201624
        },
        "2018-11": {
            "month": "2018-11",
            "price": "41.01",
            "revenue": 1263514
        },
        "2018-12": {
            "month": "2018-12",
            "price": "42.95",
            "revenue": 1366646
        },
        "2019-01": {
            "month": "2019-01",
            "price": "40.68",
            "revenue": 1179892
        },
        "2019-02": {
            "month": "2019-02",
            "price": "41.57",
            "revenue": 1073343
        },
        "2019-03": {
            "month": "2019-03",
            "price": "43.94",
            "revenue": 1139360
        },
        "2019-04": {
            "month": "2019-04",
            "price": "49.39",
            "revenue": 1155860
        },
        "2019-05": {
            "month": "2019-05",
            "price": "48.48",
            "revenue": 1113419
        },
        "2019-06": {
            "month": "2019-06",
            "price": "46.96",
            "revenue": 1126905
        },
        "2019-07": {
            "month": "2019-07",
            "price": "45.86",
            "revenue": 1035605
        },
        "2019-08": {
            "month": "2019-08",
            "price": "41.97",
            "revenue": 966930
        },
        "2019-09": {
            "month": "2019-09",
            "price": "40.44",
            "revenue": 925383
        },
        "2019-10": {
            "month": "2019-10",
            "price": "38.35",
            "revenue": 911337
        },
        "2019-11": {
            "month": "2019-11",
            "price": "39.32",
            "revenue": 913881
        },
        "2019-12": {
            "month": "2019-12",
            "price": "39.55",
            "revenue": 965418
        },
        "2020-01": {
            "month": "2020-01",
            "price": "38.58",
            "revenue": 737885
        },
        "2020-02": {
            "month": "2020-02",
            "price": "35.69",
            "revenue": 672658
        },
        "2020-03": {
            "month": "2020-03",
            "price": "30.87",
            "revenue": 686878
        },
        "2020-04": {
            "month": "2020-04",
            "price": "32.40",
            "revenue": 682953
        },
        "2020-05": {
            "month": "2020-05",
            "price": "36.49",
            "revenue": 691736
        },
        "2020-06": {
            "month": "2020-06",
            "price": "38.19",
            "revenue": 699544
        },
        "2020-07": {
            "month": "2020-07",
            "price": "46.73",
            "revenue": 724335
        },
        "2020-08": {
            "month": "2020-08",
            "price": "44.27",
            "revenue": 747973
        },
        "2020-09": {
            "month": "2020-09",
            "price": "42.91",
            "revenue": 769531
        },
        "2020-10": {
            "month": "2020-10",
            "price": "40.89",
            "revenue": 781217
        },
        "2020-11": {
            "month": "2020-11",
            "price": "41.50",
            "revenue": 795173
        },
        "2020-12": {
            "month": "2020-12",
            "price": "43.24",
            "revenue": 860412
        },
        "2021-01": {
            "month": "2021-01",
            "price": "43.98",
            "revenue": 801463
        },
        "2021-02": {
            "month": "2021-02",
            "price": "43.09",
            "revenue": 728763
        },
        "2021-03": {
            "month": "2021-03",
            "price": "46.24",
            "revenue": 755086
        },
        "2021-04": {
            "month": "2021-04",
            "price": "50.17",
            "revenue": 768132
        },
        "2021-05": {
            "month": "2021-05",
            "price": "43.65",
            "revenue": 764535
        },
        "2021-06": {
            "month": "2021-06",
            "price": "44.46",
            "revenue": 795271
        },
        "2021-07": {
            "month": "2021-07",
            "price": "44.14",
            "revenue": 820165
        },
        "2021-08": {
            "month": "2021-08",
            "price": "41.94",
            "revenue": 840176
        },
        "2021-09": {
            "month": "2021-09",
            "price": "41.38",
            "revenue": 877079
        },
        "2021-10": {
            "month": "2021-10",
            "price": "41.04",
            "revenue": 877726
        },
        "2021-11": {
            "month": "2021-11",
            "price": "42.94",
            "revenue": 882933
        },
        "2021-12": {
            "month": "2021-12",
            "price": "42.20",
            "revenue": 950074
        },
        "2022-01": {
            "month": "2022-01",
            "price": "43.08",
            "revenue": 849347
        },
        "2022-02": {
            "month": "2022-02",
            "price": "42.74",
            "revenue": 823507
        },
        "2022-03": {
            "month": "2022-03",
            "price": "41.23",
            "revenue": 883522
        },
        "2022-04": {
            "month": "2022-04",
            "price": "40.51",
            "revenue": 855138
        },
        "2022-05": {
            "month": "2022-05",
            "price": "39.98",
            "revenue": 882664
        },
        "2022-06": {
            "month": "2022-06",
            "price": "40.00",
            "revenue": 936392
        },
        "2022-07": {
            "month": "2022-07",
            "price": "37.39",
            "revenue": 951112
        },
        "2022-08": {
            "month": "2022-08",
            "price": "39.36",
            "revenue": 951871
        },
        "2022-09": {
            "month": "2022-09",
            "price": "39.37",
            "revenue": 909378
        },
        "2022-10": {
            "month": "2022-10",
            "price": "36.64",
            "revenue": 901764
        },
        "2022-11": {
            "month": "2022-11",
            "price": "37.26",
            "revenue": 890710
        },
        "2022-12": {
            "month": "2022-12",
            "price": "38.43",
            "revenue": 933611
        },
        "2023-01": {
            "month": "2023-01",
            "price": "38.34",
            "revenue": 731558
        },
        "2023-02": {
            "month": "2023-02",
            "price": "39.12",
            "revenue": 749463
        },
        "2023-03": {
            "month": "2023-03",
            "price": "38.42",
            "revenue": 862333
        },
        "2023-04": {
            "month": "2023-04",
            "price": "37.92",
            "revenue": 710714
        },
        "2023-05": {
            "month": "2023-05",
            "price": "37.51",
            "revenue": 603668
        },
        "2023-06": {
            "month": "2023-06",
            "price": "37.88",
            "revenue": 686483
        },
        "2023-07": {
            "month": "2023-07",
            "price": "37.37",
            "revenue": 775165
        },
        "2023-08": {
            "month": "2023-08",
            "price": "38.96",
            "revenue": 757990
        }
    }
}
