{
    "summary": {
        "stock_name": "麗臺",
        "stock_id": "2465",
        "category": "電腦及週邊設備",
        "main_business": "電腦產品<br>智慧醫療產品<br>其他",
        "website_url": "http://www.leadtek.com.tw",
        "ceo": "盧崑山",
        "pe_ratio": -7,
        "report_year_from": 2001,
        "report_year_to": 2023,
        "age": 22,
        "eps_negative_percentage": 73,
        "eps_growth_avg": {
            "last_all": -71.25,
            "last_2y": 0,
            "last_4y": 0,
            "last_8y": -33.33,
            "last_12y": -50,
            "last_16y": -60,
            "last_20y": -71.25,
            "at_2006_last_3y": -100,
            "at_2007_last_3y": -100,
            "at_2008_last_3y": -100,
            "at_2009_last_3y": -100,
            "at_2010_last_3y": -100,
            "at_2011_last_3y": -100,
            "at_2012_last_3y": -100,
            "at_2013_last_3y": -100,
            "at_2014_last_3y": -100,
            "at_2015_last_3y": null,
            "at_2016_last_3y": -100,
            "at_2017_last_3y": -100,
            "at_2018_last_3y": -100,
            "at_2019_last_3y": -100,
            "at_2020_last_3y": null,
            "at_2021_last_3y": 100,
            "at_2022_last_3y": 0,
            "at_2023_last_3y": 0,
            "at_2006_last_all": -90,
            "at_2007_last_all": -90,
            "at_2008_last_all": -92.5,
            "at_2009_last_all": -92.5,
            "at_2010_last_all": -92.5,
            "at_2011_last_all": -94,
            "at_2012_last_all": -94,
            "at_2013_last_all": -94,
            "at_2014_last_all": -94,
            "at_2015_last_all": -94,
            "at_2016_last_all": -95,
            "at_2017_last_all": -95,
            "at_2018_last_all": -95,
            "at_2019_last_all": -95,
            "at_2020_last_all": -95,
            "at_2021_last_all": -67.14,
            "at_2022_last_all": -71.25,
            "at_2023_last_all": -71.25
        },
        "latest_eps": -4.92,
        "latest_price": 34.1,
        "latest_roe": -47.05,
        "latest_gross_margin": 9.23,
        "latest_equity": 441455,
        "latest_revenue": 774098,
        "latest_gross_profit": 71487,
        "latest_net_income": -69155,
        "latest_debt_ratio": 76.21,
        "latest_current_ratio": 116,
        "latest_account_receivable_turnover_ratio": 2.46,
        "latest_inventory_turnover_ratio": 0.87,
        "latest_reinvestment_rate": 14.28,
        "latest_research_to_sale_ratio": 5.93
    },
    "eps_dividends": {
        "1998": {
            "cash": 0,
            "stock": 1,
            "eps": 0
        },
        "1999": {
            "cash": 0,
            "stock": 2,
            "eps": 0
        },
        "2000": {
            "cash": 0,
            "stock": 2,
            "eps": 0
        },
        "2001": {
            "cash": 0,
            "stock": 2,
            "eps": 3.4
        },
        "2002": {
            "cash": 0,
            "stock": 3,
            "eps": 1.02
        },
        "2003": {
            "cash": 0,
            "stock": 1,
            "eps": -2.51
        },
        "2004": {
            "cash": 0,
            "stock": 0,
            "eps": 1.49
        },
        "2005": {
            "cash": 0,
            "stock": 1,
            "eps": -2.37
        },
        "2006": {
            "cash": 0,
            "stock": 0,
            "eps": -3.75
        },
        "2007": {
            "cash": 0,
            "stock": 0,
            "eps": 0.35
        },
        "2008": {
            "cash": 0,
            "stock": 0,
            "eps": -2.08
        },
        "2009": {
            "cash": 0,
            "stock": 0,
            "eps": -2.42
        },
        "2010": {
            "cash": 0,
            "stock": 0,
            "eps": 0.52
        },
        "2011": {
            "cash": 0,
            "stock": 0,
            "eps": -0.29
        },
        "2012": {
            "cash": 0,
            "stock": 0,
            "eps": -1.16
        },
        "2013": {
            "cash": 0,
            "stock": 0,
            "eps": -0.93
        },
        "2014": {
            "cash": 0,
            "stock": 0,
            "eps": -1.26
        },
        "2015": {
            "cash": 0,
            "stock": 0,
            "eps": 0.48
        },
        "2016": {
            "cash": 0,
            "stock": 0,
            "eps": -1.95
        },
        "2017": {
            "cash": 0,
            "stock": 0,
            "eps": -1.81
        },
        "2018": {
            "cash": 0,
            "stock": 0,
            "eps": -1.12
        },
        "2019": {
            "cash": 0,
            "stock": 0,
            "eps": -0.36
        },
        "2020": {
            "cash": 0,
            "stock": 0,
            "eps": 0.5
        },
        "2021": {
            "cash": 0,
            "stock": 0,
            "eps": 8.13
        },
        "2022": {
            "cash": 1,
            "stock": 1,
            "eps": -3.4
        },
        "2023": {
            "cash": 0,
            "stock": 0,
            "eps": -1.17
        }
    },
    "dividends": {
        "1998-06-06": {
            "cash": 0,
            "stock": 0.8
        },
        "1999-05-14": {
            "cash": 0,
            "stock": 1.5
        },
        "2000-04-21": {
            "cash": 0,
            "stock": 1.5
        },
        "2001-05-25": {
            "cash": 0,
            "stock": 2
        },
        "2002-05-21": {
            "cash": 0.2,
            "stock": 2.5
        },
        "2003-02-13": {
            "cash": 0,
            "stock": 1
        },
        "2005-02-23": {
            "cash": 0,
            "stock": 1.2
        },
        "2008-03-25": {
            "cash": 0,
            "stock": 0.3
        },
        "2022-10-20": {
            "cash": 1,
            "stock": 1
        }
    },
    "prices": {
        "200101": "無",
        "200102": "無",
        "200103": "無",
        "200104": "無",
        "200105": "無",
        "200106": "無",
        "200107": "無",
        "200108": "無",
        "200109": "26.36",
        "200110": "28.57",
        "200111": "36.65",
        "200112": "45.69",
        "200201": "45.51",
        "200202": "44.92",
        "200203": "45.99",
        "200204": "43.33",
        "200205": "36.71",
        "200206": "34.78",
        "200207": "28.77",
        "200208": "25.53",
        "200209": "20.86",
        "200210": "16.79",
        "200211": "18.61",
        "200212": "16.67",
        "200301": "16.09",
        "200302": "16.42",
        "200303": "17.59",
        "200304": "16.30",
        "200305": "14.39",
        "200306": "16.88",
        "200307": "16.07",
        "200308": "14.70",
        "200309": "14.29",
        "200310": "13.34",
        "200311": "12.85",
        "200312": "13.13",
        "200401": "13.23",
        "200402": "16.97",
        "200403": "20.57",
        "200404": "20.31",
        "200405": "16.02",
        "200406": "14.85",
        "200407": "13.73",
        "200408": "13.31",
        "200409": "16.46",
        "200410": "17.06",
        "200411": "17.60",
        "200412": "17.74",
        "200501": "16.00",
        "200502": "15.49",
        "200503": "17.13",
        "200504": "16.37",
        "200505": "14.96",
        "200506": "16.52",
        "200507": "18.21",
        "200508": "16.25",
        "200509": "12.25",
        "200510": "11.13",
        "200511": "8.74",
        "200512": "10.61",
        "200601": "10.97",
        "200602": "10.25",
        "200603": "10.82",
        "200604": "10.71",
        "200605": "9.87",
        "200606": "8.46",
        "200607": "7.58",
        "200608": "6.52",
        "200609": "5.22",
        "200610": "5.95",
        "200611": "6.62",
        "200612": "9.09",
        "200701": "10.05",
        "200702": "9.62",
        "200703": "9.57",
        "200704": "16.48",
        "200705": "16.36",
        "200706": "20.36",
        "200707": "23.54",
        "200708": "21.50",
        "200709": "19.30",
        "200710": "15.00",
        "200711": "13.42",
        "200712": "14.16",
        "200801": "12.32",
        "200802": "11.27",
        "200803": "11.89",
        "200804": "13.31",
        "200805": "13.02",
        "200806": "11.30",
        "200807": "8.58",
        "200808": "7.97",
        "200809": "5.26",
        "200810": "4.92",
        "200811": "3.40",
        "200812": "3.23",
        "200901": "3.23",
        "200902": "3.32",
        "200903": "5.00",
        "200904": "6.45",
        "200905": "6.11",
        "200906": "5.38",
        "200907": "5.27",
        "200908": "6.47",
        "200909": "6.59",
        "200910": "6.98",
        "200911": "7.04",
        "200912": "9.47",
        "201001": "14.46",
        "201002": "14.64",
        "201003": "15.51",
        "201004": "14.70",
        "201005": "12.88",
        "201006": "14.62",
        "201007": "14.21",
        "201008": "13.15",
        "201009": "11.97",
        "201010": "11.36",
        "201011": "11.37",
        "201012": "11.85",
        "201101": "11.24",
        "201102": "10.63",
        "201103": "9.78",
        "201104": "8.94",
        "201105": "7.85",
        "201106": "7.83",
        "201107": "7.09",
        "201108": "5.59",
        "201109": "4.71",
        "201110": "5.14",
        "201111": "6.25",
        "201112": "5.74",
        "201201": "5.81",
        "201202": "6.94",
        "201203": "6.91",
        "201204": "5.95",
        "201205": "5.29",
        "201206": "4.97",
        "201207": "4.71",
        "201208": "4.76",
        "201209": "5.03",
        "201210": "4.61",
        "201211": "4.14",
        "201212": "4.57",
        "201301": "4.68",
        "201302": "4.50",
        "201303": "4.41",
        "201304": "5.20",
        "201305": "5.49",
        "201306": "5.65",
        "201307": "5.19",
        "201308": "5.24",
        "201309": "5.46",
        "201310": "5.33",
        "201311": "5.20",
        "201312": "7.14",
        "201401": "10.36",
        "201402": "11.07",
        "201403": "14.17",
        "201404": "13.83",
        "201405": "12.52",
        "201406": "12.43",
        "201407": "11.28",
        "201408": "10.77",
        "201409": "10.36",
        "201410": "13.27",
        "201411": "11.78",
        "201412": "11.60",
        "201501": "11.84",
        "201502": "11.68",
        "201503": "11.15",
        "201504": "10.98",
        "201505": "11.70",
        "201506": "12.31",
        "201507": "11.94",
        "201508": "9.71",
        "201509": "8.77",
        "201510": "9.20",
        "201511": "9.85",
        "201512": "9.78",
        "201601": "10.79",
        "201602": "10.70",
        "201603": "10.34",
        "201604": "9.79",
        "201605": "8.36",
        "201606": "9.41",
        "201607": "9.05",
        "201608": "8.51",
        "201609": "8.12",
        "201610": "8.51",
        "201611": "8.37",
        "201612": "8.02",
        "201701": "7.86",
        "201702": "7.97",
        "201703": "7.85",
        "201704": "5.60",
        "201705": "6.03",
        "201706": "6.82",
        "201707": "6.11",
        "201708": "6.76",
        "201709": "7.46",
        "201710": "15.45",
        "201711": "19.60",
        "201712": "20.31",
        "201801": "22.01",
        "201802": "23.19",
        "201803": "26.47",
        "201804": "24.30",
        "201805": "22.82",
        "201806": "20.69",
        "201807": "19.39",
        "201808": "16.87",
        "201809": "14.21",
        "201810": "11.68",
        "201811": "10.61",
        "201812": "11.10",
        "201901": "10.85",
        "201902": "10.94",
        "201903": "11.12",
        "201904": "12.02",
        "201905": "11.98",
        "201906": "12.83",
        "201907": "13.31",
        "201908": "11.90",
        "201909": "11.37",
        "201910": "11.21",
        "201911": "11.13",
        "201912": "11.11",
        "202001": "10.91",
        "202002": "10.20",
        "202003": "7.54",
        "202004": "7.73",
        "202005": "9.34",
        "202006": "9.57",
        "202007": "10.53",
        "202008": "12.63",
        "202009": "14.06",
        "202010": "15.17",
        "202011": "18.32",
        "202012": "20.52",
        "202101": "19.38",
        "202102": "20.67",
        "202103": "33.90",
        "202104": "51.05",
        "202105": "46.30",
        "202106": "77.90",
        "202107": "68.05",
        "202108": "63.92",
        "202109": "62.76",
        "202110": "62.01",
        "202111": "71.65",
        "202112": "76.44",
        "202201": "72.74",
        "202202": "70.68",
        "202203": "67.71",
        "202204": "59.11",
        "202205": "48.02",
        "202206": "40.97",
        "202207": "34.54",
        "202208": "35.86",
        "202209": "29.38",
        "202210": "29.07",
        "202211": "37.00",
        "202212": "38.54",
        "202301": "41.05",
        "202302": "41.69",
        "202303": "40.25",
        "202304": "38.28",
        "202305": "35.39"
    },
    "quarters": {
        "20011": {
            "year_quarter": 20011,
            "year": 2001,
            "quarter": 1,
            "eps": 0.82,
            "eps_growth_year": 18.84,
            "eps_4q": 2.6,
            "eps_4q_growth_year": 13.19,
            "roe": 4.11,
            "gross_profit": 154420,
            "gross_margin": 12.97,
            "net_income": 56705,
            "revenue": 1190184,
            "common_shares": 699295,
            "equity": 1404869,
            "current_ratio": 168.37,
            "debt_ratio": 43.12,
            "inventory_turnover_ratio": 1.15,
            "account_receivable_turnover_ratio": null,
            "reinvestment_rate": null,
            "research_to_sale_ratio": null,
            "price_fair": 0,
            "eps_avg_yearly": 0,
            "eps_latest_yearly": 0,
            "eps_growth_yearly": 0
        },
        "20012": {
            "year_quarter": 20012,
            "year": 2001,
            "quarter": 2,
            "eps": 0.72,
            "eps_growth_year": 94.59,
            "eps_4q": 2.61,
            "eps_4q_growth_year": 35.84,
            "roe": 4.19,
            "gross_profit": 147210,
            "gross_margin": 13.16,
            "net_income": 60369,
            "revenue": 1118532,
            "common_shares": 699295,
            "equity": 1478319,
            "current_ratio": 699.48,
            "debt_ratio": 42.44,
            "inventory_turnover_ratio": 1.08,
            "account_receivable_turnover_ratio": null,
            "reinvestment_rate": null,
            "research_to_sale_ratio": null,
            "price_fair": 0,
            "eps_avg_yearly": 0,
            "eps_latest_yearly": 0,
            "eps_growth_yearly": 0
        },
        "20013": {
            "year_quarter": 20013,
            "year": 2001,
            "quarter": 3,
            "eps": 0.71,
            "eps_growth_year": 24.56,
            "eps_4q": 2.92,
            "eps_4q_growth_year": 22.87,
            "roe": 3.95,
            "gross_profit": 165147,
            "gross_margin": 13.16,
            "net_income": 59629,
            "revenue": 1254705,
            "common_shares": 849831,
            "equity": 1538076,
            "current_ratio": 438.82,
            "debt_ratio": 45.78,
            "inventory_turnover_ratio": 1.31,
            "account_receivable_turnover_ratio": null,
            "reinvestment_rate": null,
            "research_to_sale_ratio": null,
            "price_fair": 0,
            "eps_avg_yearly": 0,
            "eps_latest_yearly": 0,
            "eps_growth_yearly": 0
        },
        "20014": {
            "year_quarter": 20014,
            "year": 2001,
            "quarter": 4,
            "eps": 1.15,
            "eps_growth_year": 2.68,
            "eps_4q": 3.24,
            "eps_4q_growth_year": 26.22,
            "roe": 5.79,
            "gross_profit": 248438,
            "gross_margin": 14.57,
            "net_income": 97238,
            "revenue": 1704926,
            "common_shares": 910114,
            "equity": 1818001,
            "current_ratio": 371.88,
            "debt_ratio": 41.67,
            "inventory_turnover_ratio": 1.58,
            "account_receivable_turnover_ratio": null,
            "reinvestment_rate": null,
            "research_to_sale_ratio": null,
            "price_fair": 0,
            "eps_avg_yearly": 0,
            "eps_latest_yearly": 0,
            "eps_growth_yearly": 0
        },
        "20021": {
            "year_quarter": 20021,
            "year": 2002,
            "quarter": 1,
            "eps": 0.87,
            "eps_growth_year": 6.1,
            "eps_4q": 3.21,
            "eps_4q_growth_year": 23.25,
            "roe": 4.27,
            "gross_profit": 226439,
            "gross_margin": 15.34,
            "net_income": 80900,
            "revenue": 1475880,
            "common_shares": 938980,
            "equity": 1975195,
            "current_ratio": 246.29,
            "debt_ratio": 46.62,
            "inventory_turnover_ratio": 1.13,
            "account_receivable_turnover_ratio": null,
            "reinvestment_rate": null,
            "research_to_sale_ratio": null,
            "price_fair": 10.44,
            "eps_avg_yearly": 3.48,
            "eps_latest_yearly": 3.48,
            "eps_growth_yearly": -97.39
        },
        "20022": {
            "year_quarter": 20022,
            "year": 2002,
            "quarter": 2,
            "eps": 0.1,
            "eps_growth_year": -86.11,
            "eps_4q": 2.03,
            "eps_4q_growth_year": -22.48,
            "roe": 0.63,
            "gross_profit": 131330,
            "gross_margin": 9.73,
            "net_income": 12349,
            "revenue": 1349892,
            "common_shares": 938980,
            "equity": 1964472,
            "current_ratio": 224.44,
            "debt_ratio": 48.76,
            "inventory_turnover_ratio": 1.01,
            "account_receivable_turnover_ratio": null,
            "reinvestment_rate": null,
            "research_to_sale_ratio": null,
            "price_fair": 5.82,
            "eps_avg_yearly": 1.94,
            "eps_latest_yearly": 0.4,
            "eps_growth_yearly": -225.71
        },
        "20023": {
            "year_quarter": 20023,
            "year": 2002,
            "quarter": 3,
            "eps": -0.02,
            "eps_growth_year": -102.82,
            "eps_4q": 1.58,
            "eps_4q_growth_year": -46.01,
            "roe": -0.1,
            "gross_profit": 133714,
            "gross_margin": 9.21,
            "net_income": -1908,
            "revenue": 1451086,
            "common_shares": 1195130,
            "equity": 1974462,
            "current_ratio": 240.85,
            "debt_ratio": 46.32,
            "inventory_turnover_ratio": 1.19,
            "account_receivable_turnover_ratio": null,
            "reinvestment_rate": null,
            "research_to_sale_ratio": null,
            "price_fair": 5.82,
            "eps_avg_yearly": 1.94,
            "eps_latest_yearly": 0.4,
            "eps_growth_yearly": -225.71
        },
        "20024": {
            "year_quarter": 20024,
            "year": 2002,
            "quarter": 4,
            "eps": 0.07,
            "eps_growth_year": -93.91,
            "eps_4q": 0.79,
            "eps_4q_growth_year": -75.64,
            "roe": 0.45,
            "gross_profit": 181620,
            "gross_margin": 10.87,
            "net_income": 8890,
            "revenue": 1670113,
            "common_shares": 1195130,
            "equity": 1985061,
            "current_ratio": 296.7,
            "debt_ratio": 42.5,
            "inventory_turnover_ratio": 1.51,
            "account_receivable_turnover_ratio": null,
            "reinvestment_rate": 60.59,
            "research_to_sale_ratio": null,
            "price_fair": 5.82,
            "eps_avg_yearly": 1.94,
            "eps_latest_yearly": 0.4,
            "eps_growth_yearly": -225.71
        },
        "20031": {
            "year_quarter": 20031,
            "year": 2003,
            "quarter": 1,
            "eps": -0.43,
            "eps_growth_year": -149.43,
            "eps_4q": -0.27,
            "eps_4q_growth_year": -108.41,
            "roe": -2.64,
            "gross_profit": 132073,
            "gross_margin": 10.18,
            "net_income": -51791,
            "revenue": 1297202,
            "common_shares": 1195130,
            "equity": 1934689,
            "current_ratio": 258.87,
            "debt_ratio": 43.92,
            "inventory_turnover_ratio": 1.24,
            "account_receivable_turnover_ratio": null,
            "reinvestment_rate": 75.71,
            "research_to_sale_ratio": null,
            "price_fair": 5.82,
            "eps_avg_yearly": 1.94,
            "eps_latest_yearly": 0.4,
            "eps_growth_yearly": -225.71
        },
        "20032": {
            "year_quarter": 20032,
            "year": 2003,
            "quarter": 2,
            "eps": -0.35,
            "eps_growth_year": -450,
            "eps_4q": -0.77,
            "eps_4q_growth_year": -137.93,
            "roe": -2.46,
            "gross_profit": 124237,
            "gross_margin": 9.21,
            "net_income": -47001,
            "revenue": 1348228,
            "common_shares": 1195175,
            "equity": 1886061,
            "current_ratio": 145.45,
            "debt_ratio": 46.04,
            "inventory_turnover_ratio": 1.2,
            "account_receivable_turnover_ratio": null,
            "reinvestment_rate": 67.02,
            "research_to_sale_ratio": null,
            "price_fair": 5.82,
            "eps_avg_yearly": 1.94,
            "eps_latest_yearly": 0.4,
            "eps_growth_yearly": -225.71
        },
        "20033": {
            "year_quarter": 20033,
            "year": 2003,
            "quarter": 3,
            "eps": -0.24,
            "eps_growth_year": null,
            "eps_4q": -0.92,
            "eps_4q_growth_year": -158.09,
            "roe": -1.68,
            "gross_profit": 187645,
            "gross_margin": 12.84,
            "net_income": -31471,
            "revenue": 1461430,
            "common_shares": 1324142,
            "equity": 1851948,
            "current_ratio": 137.33,
            "debt_ratio": 52.36,
            "inventory_turnover_ratio": 1.06,
            "account_receivable_turnover_ratio": null,
            "reinvestment_rate": 68.24,
            "research_to_sale_ratio": null,
            "price_fair": 5.82,
            "eps_avg_yearly": 1.94,
            "eps_latest_yearly": 0.4,
            "eps_growth_yearly": -225.71
        },
        "20034": {
            "year_quarter": 20034,
            "year": 2003,
            "quarter": 4,
            "eps": -1.49,
            "eps_growth_year": -2228.57,
            "eps_4q": -2.47,
            "eps_4q_growth_year": -412.97,
            "roe": -11.24,
            "gross_profit": 172366,
            "gross_margin": 10.3,
            "net_income": -197241,
            "revenue": 1673169,
            "common_shares": 1324142,
            "equity": 1658721,
            "current_ratio": 133.13,
            "debt_ratio": 53.26,
            "inventory_turnover_ratio": 1.22,
            "account_receivable_turnover_ratio": null,
            "reinvestment_rate": 128.19,
            "research_to_sale_ratio": null,
            "price_fair": 5.82,
            "eps_avg_yearly": 1.94,
            "eps_latest_yearly": 0.4,
            "eps_growth_yearly": -225.71
        },
        "20041": {
            "year_quarter": 20041,
            "year": 2004,
            "quarter": 1,
            "eps": 0.12,
            "eps_growth_year": null,
            "eps_4q": -2.02,
            "eps_4q_growth_year": null,
            "roe": 0.93,
            "gross_profit": 160517,
            "gross_margin": 10.49,
            "net_income": 15448,
            "revenue": 1530001,
            "common_shares": 1328142,
            "equity": 1678208,
            "current_ratio": 121.46,
            "debt_ratio": 58.17,
            "inventory_turnover_ratio": 1.11,
            "account_receivable_turnover_ratio": null,
            "reinvestment_rate": 88.15,
            "research_to_sale_ratio": null,
            "price_fair": 5.82,
            "eps_avg_yearly": 1.94,
            "eps_latest_yearly": 0.4,
            "eps_growth_yearly": -225.71
        },
        "20042": {
            "year_quarter": 20042,
            "year": 2004,
            "quarter": 2,
            "eps": 0.28,
            "eps_growth_year": null,
            "eps_4q": -1.32,
            "eps_4q_growth_year": null,
            "roe": 2.2,
            "gross_profit": 209397,
            "gross_margin": 12.1,
            "net_income": 37361,
            "revenue": 1731236,
            "common_shares": 1328242,
            "equity": 1718110,
            "current_ratio": 170.87,
            "debt_ratio": 56.57,
            "inventory_turnover_ratio": 1.22,
            "account_receivable_turnover_ratio": null,
            "reinvestment_rate": 76.9,
            "research_to_sale_ratio": null,
            "price_fair": 58.33,
            "eps_avg_yearly": 1.67,
            "eps_latest_yearly": 1.12,
            "eps_growth_yearly": 27.31
        },
        "20043": {
            "year_quarter": 20043,
            "year": 2004,
            "quarter": 3,
            "eps": 0.89,
            "eps_growth_year": null,
            "eps_4q": -0.21,
            "eps_4q_growth_year": null,
            "roe": 6.74,
            "gross_profit": 319923,
            "gross_margin": 14.52,
            "net_income": 117124,
            "revenue": 2203202,
            "common_shares": 1328242,
            "equity": 1756689,
            "current_ratio": 147.98,
            "debt_ratio": 63.92,
            "inventory_turnover_ratio": 1.27,
            "account_receivable_turnover_ratio": null,
            "reinvestment_rate": 52.15,
            "research_to_sale_ratio": null,
            "price_fair": 74.9,
            "eps_avg_yearly": 2.14,
            "eps_latest_yearly": 3.56,
            "eps_growth_yearly": 238.34
        },
        "20044": {
            "year_quarter": 20044,
            "year": 2004,
            "quarter": 4,
            "eps": 0.2,
            "eps_growth_year": null,
            "eps_4q": 1.41,
            "eps_4q_growth_year": null,
            "roe": 1.39,
            "gross_profit": 329371,
            "gross_margin": 9.8,
            "net_income": 28121,
            "revenue": 3360784,
            "common_shares": 1672412,
            "equity": 2286392,
            "current_ratio": 157.13,
            "debt_ratio": 59.09,
            "inventory_turnover_ratio": 1.59,
            "account_receivable_turnover_ratio": null,
            "reinvestment_rate": 67.76,
            "research_to_sale_ratio": null,
            "price_fair": 65.52,
            "eps_avg_yearly": 1.87,
            "eps_latest_yearly": 0.8,
            "eps_growth_yearly": 128.65
        },
        "20051": {
            "year_quarter": 20051,
            "year": 2005,
            "quarter": 1,
            "eps": -0.21,
            "eps_growth_year": -275,
            "eps_4q": 0.92,
            "eps_4q_growth_year": null,
            "roe": -1.45,
            "gross_profit": 272765,
            "gross_margin": 10.7,
            "net_income": -34064,
            "revenue": 2548796,
            "common_shares": 1763086,
            "equity": 2396426,
            "current_ratio": 159.46,
            "debt_ratio": 55.17,
            "inventory_turnover_ratio": 1.23,
            "account_receivable_turnover_ratio": null,
            "reinvestment_rate": 92.8,
            "research_to_sale_ratio": null,
            "price_fair": 65.52,
            "eps_avg_yearly": 1.87,
            "eps_latest_yearly": 0.8,
            "eps_growth_yearly": 128.65
        },
        "20052": {
            "year_quarter": 20052,
            "year": 2005,
            "quarter": 2,
            "eps": -0.87,
            "eps_growth_year": -410.71,
            "eps_4q": -0.31,
            "eps_4q_growth_year": null,
            "roe": -7.16,
            "gross_profit": 129182,
            "gross_margin": 7,
            "net_income": -165547,
            "revenue": 1844564,
            "common_shares": 1766906,
            "equity": 2225848,
            "current_ratio": 177.29,
            "debt_ratio": 46.9,
            "inventory_turnover_ratio": 0.99,
            "account_receivable_turnover_ratio": null,
            "reinvestment_rate": null,
            "research_to_sale_ratio": null,
            "price_fair": 65.52,
            "eps_avg_yearly": 1.87,
            "eps_latest_yearly": 0.8,
            "eps_growth_yearly": 128.65
        },
        "20053": {
            "year_quarter": 20053,
            "year": 2005,
            "quarter": 3,
            "eps": -0.87,
            "eps_growth_year": -197.75,
            "eps_4q": -1.67,
            "eps_4q_growth_year": null,
            "roe": -7.73,
            "gross_profit": 57410,
            "gross_margin": 2.22,
            "net_income": -168480,
            "revenue": 2587684,
            "common_shares": 2032099,
            "equity": 2131787,
            "current_ratio": 155.12,
            "debt_ratio": 53.24,
            "inventory_turnover_ratio": 1.56,
            "account_receivable_turnover_ratio": null,
            "reinvestment_rate": null,
            "research_to_sale_ratio": null,
            "price_fair": 65.52,
            "eps_avg_yearly": 1.87,
            "eps_latest_yearly": 0.8,
            "eps_growth_yearly": 128.65
        },
        "20054": {
            "year_quarter": 20054,
            "year": 2005,
            "quarter": 4,
            "eps": -0.42,
            "eps_growth_year": -310,
            "eps_4q": -2.32,
            "eps_4q_growth_year": -264.7,
            "roe": -3.94,
            "gross_profit": 256657,
            "gross_margin": 9.44,
            "net_income": -82392,
            "revenue": 2717396,
            "common_shares": 2032099,
            "equity": 2049152,
            "current_ratio": 156.34,
            "debt_ratio": 53.04,
            "inventory_turnover_ratio": 1.72,
            "account_receivable_turnover_ratio": null,
            "reinvestment_rate": null,
            "research_to_sale_ratio": null,
            "price_fair": 65.52,
            "eps_avg_yearly": 1.87,
            "eps_latest_yearly": 0.8,
            "eps_growth_yearly": 128.65
        },
        "20061": {
            "year_quarter": 20061,
            "year": 2006,
            "quarter": 1,
            "eps": -0.39,
            "eps_growth_year": null,
            "eps_4q": -2.48,
            "eps_4q_growth_year": -370.82,
            "roe": -3.87,
            "gross_profit": 156381,
            "gross_margin": 9.98,
            "net_income": -77704,
            "revenue": 1567603,
            "common_shares": 2032099,
            "equity": 1967657,
            "current_ratio": 161.16,
            "debt_ratio": 50.84,
            "inventory_turnover_ratio": 1.07,
            "account_receivable_turnover_ratio": null,
            "reinvestment_rate": null,
            "research_to_sale_ratio": null,
            "price_fair": 51.45,
            "eps_avg_yearly": 1.47,
            "eps_latest_yearly": 0.8,
            "eps_growth_yearly": 185.16
        },
        "20062": {
            "year_quarter": 20062,
            "year": 2006,
            "quarter": 2,
            "eps": -0.52,
            "eps_growth_year": null,
            "eps_4q": -2.12,
            "eps_4q_growth_year": null,
            "roe": -5.4,
            "gross_profit": 56481,
            "gross_margin": 4.03,
            "net_income": -103211,
            "revenue": 1400245,
            "common_shares": 2032099,
            "equity": 1855259,
            "current_ratio": 166.53,
            "debt_ratio": 46.08,
            "inventory_turnover_ratio": 1.12,
            "account_receivable_turnover_ratio": null,
            "reinvestment_rate": null,
            "research_to_sale_ratio": null,
            "price_fair": 63.93,
            "eps_avg_yearly": 1.83,
            "eps_latest_yearly": 0.8,
            "eps_growth_yearly": 364.88
        },
        "20063": {
            "year_quarter": 20063,
            "year": 2006,
            "quarter": 3,
            "eps": -0.64,
            "eps_growth_year": null,
            "eps_4q": -1.92,
            "eps_4q_growth_year": null,
            "roe": -6.73,
            "gross_profit": 127109,
            "gross_margin": 8.04,
            "net_income": -126426,
            "revenue": 1580736,
            "common_shares": 2032099,
            "equity": 1902819,
            "current_ratio": 152.63,
            "debt_ratio": 48.41,
            "inventory_turnover_ratio": 1.39,
            "account_receivable_turnover_ratio": null,
            "reinvestment_rate": null,
            "research_to_sale_ratio": null,
            "price_fair": 63.93,
            "eps_avg_yearly": 1.83,
            "eps_latest_yearly": 0.8,
            "eps_growth_yearly": 364.88
        },
        "20064": {
            "year_quarter": 20064,
            "year": 2006,
            "quarter": 4,
            "eps": -2.2,
            "eps_growth_year": null,
            "eps_4q": -3.75,
            "eps_4q_growth_year": null,
            "roe": -25.93,
            "gross_profit": -67421,
            "gross_margin": -3.97,
            "net_income": -435107,
            "revenue": 1696609,
            "common_shares": 2032099,
            "equity": 1453594,
            "current_ratio": 140.18,
            "debt_ratio": 52.54,
            "inventory_turnover_ratio": 2.04,
            "account_receivable_turnover_ratio": null,
            "reinvestment_rate": null,
            "research_to_sale_ratio": null,
            "price_fair": 63.93,
            "eps_avg_yearly": 1.83,
            "eps_latest_yearly": 0.8,
            "eps_growth_yearly": 364.88
        },
        "20071": {
            "year_quarter": 20071,
            "year": 2007,
            "quarter": 1,
            "eps": 0.72,
            "eps_growth_year": null,
            "eps_4q": -2.65,
            "eps_4q_growth_year": null,
            "roe": 9.53,
            "gross_profit": 202736,
            "gross_margin": 12.72,
            "net_income": 142048,
            "revenue": 1593684,
            "common_shares": 2032099,
            "equity": 1527842,
            "current_ratio": 156.08,
            "debt_ratio": 47.12,
            "inventory_turnover_ratio": 2.01,
            "account_receivable_turnover_ratio": null,
            "reinvestment_rate": null,
            "research_to_sale_ratio": null,
            "price_fair": 63.93,
            "eps_avg_yearly": 1.83,
            "eps_latest_yearly": 0.8,
            "eps_growth_yearly": 364.88
        },
        "20072": {
            "year_quarter": 20072,
            "year": 2007,
            "quarter": 2,
            "eps": 0.06,
            "eps_growth_year": null,
            "eps_4q": -2.06,
            "eps_4q_growth_year": null,
            "roe": 0.74,
            "gross_profit": 196989,
            "gross_margin": 13.26,
            "net_income": 11886,
            "revenue": 1485566,
            "common_shares": 2107516,
            "equity": 1702012,
            "current_ratio": 180.68,
            "debt_ratio": 40.69,
            "inventory_turnover_ratio": 2,
            "account_receivable_turnover_ratio": null,
            "reinvestment_rate": null,
            "research_to_sale_ratio": null,
            "price_fair": 50.05,
            "eps_avg_yearly": 1.43,
            "eps_latest_yearly": 0.24,
            "eps_growth_yearly": 182
        },
        "20073": {
            "year_quarter": 20073,
            "year": 2007,
            "quarter": 3,
            "eps": 0.09,
            "eps_growth_year": null,
            "eps_4q": -1.34,
            "eps_4q_growth_year": null,
            "roe": 1.05,
            "gross_profit": 134441,
            "gross_margin": 9.68,
            "net_income": 17708,
            "revenue": 1389334,
            "common_shares": 2120006,
            "equity": 1680701,
            "current_ratio": 197.97,
            "debt_ratio": 38.09,
            "inventory_turnover_ratio": 1.94,
            "account_receivable_turnover_ratio": null,
            "reinvestment_rate": null,
            "research_to_sale_ratio": null,
            "price_fair": 42.56,
            "eps_avg_yearly": 1.22,
            "eps_latest_yearly": 0.36,
            "eps_growth_yearly": 185.6
        },
        "20074": {
            "year_quarter": 20074,
            "year": 2007,
            "quarter": 4,
            "eps": -0.52,
            "eps_growth_year": null,
            "eps_4q": 0.67,
            "eps_4q_growth_year": null,
            "roe": -4.56,
            "gross_profit": 158005,
            "gross_margin": 11.28,
            "net_income": -75067,
            "revenue": 1400840,
            "common_shares": 1484004,
            "equity": 1612258,
            "current_ratio": 229.02,
            "debt_ratio": 31.79,
            "inventory_turnover_ratio": 2,
            "account_receivable_turnover_ratio": null,
            "reinvestment_rate": null,
            "research_to_sale_ratio": null,
            "price_fair": 42.56,
            "eps_avg_yearly": 1.22,
            "eps_latest_yearly": 0.36,
            "eps_growth_yearly": 185.6
        },
        "20081": {
            "year_quarter": 20081,
            "year": 2008,
            "quarter": 1,
            "eps": -0.27,
            "eps_growth_year": -137.5,
            "eps_4q": -0.57,
            "eps_4q_growth_year": null,
            "roe": -2.56,
            "gross_profit": 123725,
            "gross_margin": 9.97,
            "net_income": -40490,
            "revenue": 1241463,
            "common_shares": 1484004,
            "equity": 1548762,
            "current_ratio": 198.76,
            "debt_ratio": 38.25,
            "inventory_turnover_ratio": 1.79,
            "account_receivable_turnover_ratio": null,
            "reinvestment_rate": null,
            "research_to_sale_ratio": null,
            "price_fair": 42.56,
            "eps_avg_yearly": 1.22,
            "eps_latest_yearly": 0.36,
            "eps_growth_yearly": 185.6
        },
        "20082": {
            "year_quarter": 20082,
            "year": 2008,
            "quarter": 2,
            "eps": -0.96,
            "eps_growth_year": -1700,
            "eps_4q": -1.62,
            "eps_4q_growth_year": null,
            "roe": -9.67,
            "gross_profit": 35529,
            "gross_margin": 4.03,
            "net_income": -142679,
            "revenue": 881005,
            "common_shares": 1484004,
            "equity": 1402358,
            "current_ratio": 208.21,
            "debt_ratio": 34.15,
            "inventory_turnover_ratio": 1.18,
            "account_receivable_turnover_ratio": null,
            "reinvestment_rate": null,
            "research_to_sale_ratio": null,
            "price_fair": 43.4,
            "eps_avg_yearly": 1.24,
            "eps_latest_yearly": 0.36,
            "eps_growth_yearly": 98.66
        },
        "20083": {
            "year_quarter": 20083,
            "year": 2008,
            "quarter": 3,
            "eps": -0.56,
            "eps_growth_year": -722.22,
            "eps_4q": -2.25,
            "eps_4q_growth_year": null,
            "roe": -6.32,
            "gross_profit": 59540,
            "gross_margin": 5.22,
            "net_income": -85925,
            "revenue": 1139889,
            "common_shares": 1529916,
            "equity": 1318298,
            "current_ratio": 195.32,
            "debt_ratio": 35.97,
            "inventory_turnover_ratio": 1.68,
            "account_receivable_turnover_ratio": null,
            "reinvestment_rate": null,
            "research_to_sale_ratio": null,
            "price_fair": 1.4,
            "eps_avg_yearly": 0.47,
            "eps_latest_yearly": 0.36,
            "eps_growth_yearly": -158.93
        },
        "20084": {
            "year_quarter": 20084,
            "year": 2008,
            "quarter": 4,
            "eps": -0.29,
            "eps_growth_year": null,
            "eps_4q": -2.05,
            "eps_4q_growth_year": -405.98,
            "roe": -3.48,
            "gross_profit": 138738,
            "gross_margin": 15.18,
            "net_income": -45118,
            "revenue": 913869,
            "common_shares": 1529916,
            "equity": 1275625,
            "current_ratio": 222.81,
            "debt_ratio": 29.69,
            "inventory_turnover_ratio": 1.51,
            "account_receivable_turnover_ratio": 5.69,
            "reinvestment_rate": null,
            "research_to_sale_ratio": null,
            "price_fair": 0.9,
            "eps_avg_yearly": 0.3,
            "eps_latest_yearly": 0.36,
            "eps_growth_yearly": -83.33
        },
        "20091": {
            "year_quarter": 20091,
            "year": 2009,
            "quarter": 1,
            "eps": -0.56,
            "eps_growth_year": null,
            "eps_4q": -2.35,
            "eps_4q_growth_year": null,
            "roe": -6.93,
            "gross_profit": 43772,
            "gross_margin": 6.89,
            "net_income": -85403,
            "revenue": 634887,
            "common_shares": 1529916,
            "equity": 1190121,
            "current_ratio": 213.05,
            "debt_ratio": 31.45,
            "inventory_turnover_ratio": 1.19,
            "account_receivable_turnover_ratio": 2.19,
            "reinvestment_rate": null,
            "research_to_sale_ratio": null,
            "price_fair": 0.9,
            "eps_avg_yearly": 0.3,
            "eps_latest_yearly": 0.36,
            "eps_growth_yearly": -83.33
        },
        "20092": {
            "year_quarter": 20092,
            "year": 2009,
            "quarter": 2,
            "eps": -0.56,
            "eps_growth_year": null,
            "eps_4q": -1.97,
            "eps_4q_growth_year": null,
            "roe": -7.46,
            "gross_profit": 76580,
            "gross_margin": 12.05,
            "net_income": -85606,
            "revenue": 635357,
            "common_shares": 1529916,
            "equity": 1103887,
            "current_ratio": 207.72,
            "debt_ratio": 31.23,
            "inventory_turnover_ratio": 1.27,
            "account_receivable_turnover_ratio": 2.51,
            "reinvestment_rate": null,
            "research_to_sale_ratio": null,
            "price_fair": 0.9,
            "eps_avg_yearly": 0.3,
            "eps_latest_yearly": 0.36,
            "eps_growth_yearly": -83.33
        },
        "20093": {
            "year_quarter": 20093,
            "year": 2009,
            "quarter": 3,
            "eps": -0.66,
            "eps_growth_year": null,
            "eps_4q": -2.08,
            "eps_4q_growth_year": null,
            "roe": -9.55,
            "gross_profit": 80694,
            "gross_margin": 12.95,
            "net_income": -101365,
            "revenue": 623231,
            "common_shares": 1529916,
            "equity": 1019834,
            "current_ratio": 184.58,
            "debt_ratio": 36.32,
            "inventory_turnover_ratio": 1.3,
            "account_receivable_turnover_ratio": 2.84,
            "reinvestment_rate": null,
            "research_to_sale_ratio": null,
            "price_fair": 0.9,
            "eps_avg_yearly": 0.3,
            "eps_latest_yearly": 0.36,
            "eps_growth_yearly": -83.33
        },
        "20094": {
            "year_quarter": 20094,
            "year": 2009,
            "quarter": 4,
            "eps": -0.64,
            "eps_growth_year": null,
            "eps_4q": -2.42,
            "eps_4q_growth_year": null,
            "roe": -10.15,
            "gross_profit": 58541,
            "gross_margin": 8.61,
            "net_income": -98501,
            "revenue": 679723,
            "common_shares": 1529916,
            "equity": 920812,
            "current_ratio": 167.16,
            "debt_ratio": 41.29,
            "inventory_turnover_ratio": 1.3,
            "account_receivable_turnover_ratio": 8.5,
            "reinvestment_rate": null,
            "research_to_sale_ratio": null,
            "price_fair": 0.9,
            "eps_avg_yearly": 0.3,
            "eps_latest_yearly": 0.36,
            "eps_growth_yearly": -83.33
        },
        "20101": {
            "year_quarter": 20101,
            "year": 2010,
            "quarter": 1,
            "eps": -0.25,
            "eps_growth_year": null,
            "eps_4q": -2.12,
            "eps_4q_growth_year": null,
            "roe": -4.32,
            "gross_profit": 74292,
            "gross_margin": 11.71,
            "net_income": -38991,
            "revenue": 634252,
            "common_shares": 1531066,
            "equity": 883156,
            "current_ratio": 178.76,
            "debt_ratio": 36.83,
            "inventory_turnover_ratio": 1.2,
            "account_receivable_turnover_ratio": 3.74,
            "reinvestment_rate": null,
            "research_to_sale_ratio": 7.6,
            "price_fair": 0.9,
            "eps_avg_yearly": 0.3,
            "eps_latest_yearly": 0.36,
            "eps_growth_yearly": -83.33
        },
        "20102": {
            "year_quarter": 20102,
            "year": 2010,
            "quarter": 2,
            "eps": 0.29,
            "eps_growth_year": null,
            "eps_4q": -1.27,
            "eps_4q_growth_year": null,
            "roe": 4.75,
            "gross_profit": 98665,
            "gross_margin": 11.38,
            "net_income": 44765,
            "revenue": 866878,
            "common_shares": 1531066,
            "equity": 1003363,
            "current_ratio": 168.21,
            "debt_ratio": 40.37,
            "inventory_turnover_ratio": 1.6,
            "account_receivable_turnover_ratio": 3.92,
            "reinvestment_rate": null,
            "research_to_sale_ratio": 5.68,
            "price_fair": 0.9,
            "eps_avg_yearly": 0.3,
            "eps_latest_yearly": 0.36,
            "eps_growth_yearly": -83.33
        },
        "20103": {
            "year_quarter": 20103,
            "year": 2010,
            "quarter": 3,
            "eps": 0.61,
            "eps_growth_year": null,
            "eps_4q": 0.01,
            "eps_4q_growth_year": null,
            "roe": 9.23,
            "gross_profit": 105729,
            "gross_margin": 15.09,
            "net_income": 93976,
            "revenue": 700530,
            "common_shares": 1531066,
            "equity": 1033211,
            "current_ratio": 180.33,
            "debt_ratio": 40.6,
            "inventory_turnover_ratio": 1.03,
            "account_receivable_turnover_ratio": 2.65,
            "reinvestment_rate": null,
            "research_to_sale_ratio": 6.14,
            "price_fair": 35.47,
            "eps_avg_yearly": 1.01,
            "eps_latest_yearly": 2.44,
            "eps_growth_yearly": 91.57
        },
        "20104": {
            "year_quarter": 20104,
            "year": 2010,
            "quarter": 4,
            "eps": -0.13,
            "eps_growth_year": null,
            "eps_4q": 0.52,
            "eps_4q_growth_year": null,
            "roe": -2.01,
            "gross_profit": 84977,
            "gross_margin": 12.96,
            "net_income": -20445,
            "revenue": 655813,
            "common_shares": 1531066,
            "equity": 1000134,
            "current_ratio": 221.58,
            "debt_ratio": 31.32,
            "inventory_turnover_ratio": 1.09,
            "account_receivable_turnover_ratio": 2.88,
            "reinvestment_rate": null,
            "research_to_sale_ratio": 6.16,
            "price_fair": 35.47,
            "eps_avg_yearly": 1.01,
            "eps_latest_yearly": 2.44,
            "eps_growth_yearly": 91.57
        },
        "20111": {
            "year_quarter": 20111,
            "year": 2011,
            "quarter": 1,
            "eps": -0.18,
            "eps_growth_year": null,
            "eps_4q": 0.59,
            "eps_4q_growth_year": null,
            "roe": -2.76,
            "gross_profit": 62743,
            "gross_margin": 11.43,
            "net_income": -27276,
            "revenue": 549016,
            "common_shares": 1531066,
            "equity": 979964,
            "current_ratio": 199.49,
            "debt_ratio": 35.4,
            "inventory_turnover_ratio": 1.12,
            "account_receivable_turnover_ratio": 2.52,
            "reinvestment_rate": null,
            "research_to_sale_ratio": 6.7,
            "price_fair": 35.47,
            "eps_avg_yearly": 1.01,
            "eps_latest_yearly": 2.44,
            "eps_growth_yearly": 91.57
        },
        "20112": {
            "year_quarter": 20112,
            "year": 2011,
            "quarter": 2,
            "eps": -0.15,
            "eps_growth_year": -152.39,
            "eps_4q": 0.15,
            "eps_4q_growth_year": null,
            "roe": -2.43,
            "gross_profit": 69449,
            "gross_margin": 10.98,
            "net_income": -23456,
            "revenue": 632615,
            "common_shares": 1531066,
            "equity": 954126,
            "current_ratio": 208.14,
            "debt_ratio": 33.55,
            "inventory_turnover_ratio": 1.31,
            "account_receivable_turnover_ratio": 2.45,
            "reinvestment_rate": null,
            "research_to_sale_ratio": 5.94,
            "price_fair": 49,
            "eps_avg_yearly": 1.4,
            "eps_latest_yearly": 2.44,
            "eps_growth_yearly": 320.69
        },
        "20113": {
            "year_quarter": 20113,
            "year": 2011,
            "quarter": 3,
            "eps": 0.11,
            "eps_growth_year": -81.34,
            "eps_4q": -0.55,
            "eps_4q_growth_year": -6820.59,
            "roe": 1.28,
            "gross_profit": 114906,
            "gross_margin": 17.43,
            "net_income": 12272,
            "revenue": 659258,
            "common_shares": 1071746,
            "equity": 967153,
            "current_ratio": 202.81,
            "debt_ratio": 35.35,
            "inventory_turnover_ratio": 1.34,
            "account_receivable_turnover_ratio": 2.4,
            "reinvestment_rate": null,
            "research_to_sale_ratio": 5.54,
            "price_fair": 85.4,
            "eps_avg_yearly": 2.44,
            "eps_latest_yearly": 2.44,
            "eps_growth_yearly": 441.38
        },
        "20114": {
            "year_quarter": 20114,
            "year": 2011,
            "quarter": 4,
            "eps": -0.07,
            "eps_growth_year": null,
            "eps_4q": -0.42,
            "eps_4q_growth_year": -182.01,
            "roe": -0.75,
            "gross_profit": 80192,
            "gross_margin": 12.86,
            "net_income": -7192,
            "revenue": 623601,
            "common_shares": 1071746,
            "equity": 961719,
            "current_ratio": 216.56,
            "debt_ratio": 32.56,
            "inventory_turnover_ratio": 1.47,
            "account_receivable_turnover_ratio": 2.45,
            "reinvestment_rate": null,
            "research_to_sale_ratio": 6.06,
            "price_fair": 85.4,
            "eps_avg_yearly": 2.44,
            "eps_latest_yearly": 2.44,
            "eps_growth_yearly": 441.38
        },
        "20121": {
            "year_quarter": 20121,
            "year": 2012,
            "quarter": 1,
            "eps": -0.22,
            "eps_growth_year": null,
            "eps_4q": -0.39,
            "eps_4q_growth_year": -166.13,
            "roe": -2.58,
            "gross_profit": 65282,
            "gross_margin": 12.33,
            "net_income": -24505,
            "revenue": 529558,
            "common_shares": 1071746,
            "equity": 937401,
            "current_ratio": 205.11,
            "debt_ratio": 34.55,
            "inventory_turnover_ratio": 1.26,
            "account_receivable_turnover_ratio": 2.26,
            "reinvestment_rate": null,
            "research_to_sale_ratio": 6.72,
            "price_fair": 85.4,
            "eps_avg_yearly": 2.44,
            "eps_latest_yearly": 2.44,
            "eps_growth_yearly": 441.38
        },
        "20122": {
            "year_quarter": 20122,
            "year": 2012,
            "quarter": 2,
            "eps": -0.3,
            "eps_growth_year": null,
            "eps_4q": -0.47,
            "eps_4q_growth_year": -417.92,
            "roe": -3.53,
            "gross_profit": 62878,
            "gross_margin": 10.96,
            "net_income": -32513,
            "revenue": 573442,
            "common_shares": 1071746,
            "equity": 905032,
            "current_ratio": 185,
            "debt_ratio": 38.79,
            "inventory_turnover_ratio": 1.37,
            "account_receivable_turnover_ratio": 2.02,
            "reinvestment_rate": null,
            "research_to_sale_ratio": 6.15,
            "price_fair": 85.4,
            "eps_avg_yearly": 2.44,
            "eps_latest_yearly": 2.44,
            "eps_growth_yearly": 441.38
        },
        "20123": {
            "year_quarter": 20123,
            "year": 2012,
            "quarter": 3,
            "eps": -0.29,
            "eps_growth_year": -349.71,
            "eps_4q": -0.87,
            "eps_4q_growth_year": null,
            "roe": -3.5,
            "gross_profit": 63191,
            "gross_margin": 10.52,
            "net_income": -31152,
            "revenue": 600785,
            "common_shares": 1071746,
            "equity": 874282,
            "current_ratio": 186.06,
            "debt_ratio": 37.54,
            "inventory_turnover_ratio": 1.39,
            "account_receivable_turnover_ratio": 2.27,
            "reinvestment_rate": null,
            "research_to_sale_ratio": 6.16,
            "price_fair": 85.4,
            "eps_avg_yearly": 2.44,
            "eps_latest_yearly": 2.44,
            "eps_growth_yearly": 441.38
        },
        "20124": {
            "year_quarter": 20124,
            "year": 2012,
            "quarter": 4,
            "eps": -0.35,
            "eps_growth_year": null,
            "eps_4q": -1.15,
            "eps_4q_growth_year": null,
            "roe": -4.37,
            "gross_profit": 42448,
            "gross_margin": 7.5,
            "net_income": -37344,
            "revenue": 565840,
            "common_shares": 1071746,
            "equity": 835928,
            "current_ratio": 187.27,
            "debt_ratio": 36.54,
            "inventory_turnover_ratio": 1.31,
            "account_receivable_turnover_ratio": 2.69,
            "reinvestment_rate": null,
            "research_to_sale_ratio": 6.07,
            "price_fair": 85.4,
            "eps_avg_yearly": 2.44,
            "eps_latest_yearly": 2.44,
            "eps_growth_yearly": 441.38
        },
        "20131": {
            "year_quarter": 20131,
            "year": 2013,
            "quarter": 1,
            "eps": -0.34,
            "eps_growth_year": null,
            "eps_4q": -1.27,
            "eps_4q_growth_year": null,
            "roe": -4.45,
            "gross_profit": 62581,
            "gross_margin": 14.7,
            "net_income": -36202,
            "revenue": 425723,
            "common_shares": 1071746,
            "equity": 791529,
            "current_ratio": 159.36,
            "debt_ratio": 42.67,
            "inventory_turnover_ratio": 0.83,
            "account_receivable_turnover_ratio": 2.16,
            "reinvestment_rate": null,
            "research_to_sale_ratio": 8.31,
            "price_fair": 85.4,
            "eps_avg_yearly": 2.44,
            "eps_latest_yearly": 2.44,
            "eps_growth_yearly": 441.38
        },
        "20132": {
            "year_quarter": 20132,
            "year": 2013,
            "quarter": 2,
            "eps": -0.34,
            "eps_growth_year": null,
            "eps_4q": -1.31,
            "eps_4q_growth_year": null,
            "roe": -4.84,
            "gross_profit": 57771,
            "gross_margin": 11.94,
            "net_income": -37329,
            "revenue": 483663,
            "common_shares": 1071746,
            "equity": 750053,
            "current_ratio": 143.7,
            "debt_ratio": 45.49,
            "inventory_turnover_ratio": 0.95,
            "account_receivable_turnover_ratio": 2.6,
            "reinvestment_rate": null,
            "research_to_sale_ratio": 6.97,
            "price_fair": 85.4,
            "eps_avg_yearly": 2.44,
            "eps_latest_yearly": 2.44,
            "eps_growth_yearly": 441.38
        },
        "20133": {
            "year_quarter": 20133,
            "year": 2013,
            "quarter": 3,
            "eps": -0.01,
            "eps_growth_year": null,
            "eps_4q": -1.04,
            "eps_4q_growth_year": null,
            "roe": -0.27,
            "gross_profit": 98721,
            "gross_margin": 18.23,
            "net_income": -2001,
            "revenue": 541625,
            "common_shares": 1071746,
            "equity": 753089,
            "current_ratio": 130.3,
            "debt_ratio": 50.93,
            "inventory_turnover_ratio": 1.04,
            "account_receivable_turnover_ratio": 2.35,
            "reinvestment_rate": null,
            "research_to_sale_ratio": 6.62,
            "price_fair": 85.4,
            "eps_avg_yearly": 2.44,
            "eps_latest_yearly": 2.44,
            "eps_growth_yearly": 441.38
        },
        "20134": {
            "year_quarter": 20134,
            "year": 2013,
            "quarter": 4,
            "eps": -0.24,
            "eps_growth_year": null,
            "eps_4q": -0.93,
            "eps_4q_growth_year": null,
            "roe": -3.5,
            "gross_profit": 75062,
            "gross_margin": 13.44,
            "net_income": -26061,
            "revenue": 558319,
            "common_shares": 1071746,
            "equity": 734462,
            "current_ratio": 128.97,
            "debt_ratio": 48.65,
            "inventory_turnover_ratio": 1.15,
            "account_receivable_turnover_ratio": 2.43,
            "reinvestment_rate": null,
            "research_to_sale_ratio": 6.11,
            "price_fair": 85.4,
            "eps_avg_yearly": 2.44,
            "eps_latest_yearly": 2.44,
            "eps_growth_yearly": 441.38
        },
        "20141": {
            "year_quarter": 20141,
            "year": 2014,
            "quarter": 1,
            "eps": -0.29,
            "eps_growth_year": null,
            "eps_4q": -0.89,
            "eps_4q_growth_year": null,
            "roe": -4.53,
            "gross_profit": 80680,
            "gross_margin": 14.96,
            "net_income": -32546,
            "revenue": 539127,
            "common_shares": 1071746,
            "equity": 703208,
            "current_ratio": 122.52,
            "debt_ratio": 52.48,
            "inventory_turnover_ratio": 1.06,
            "account_receivable_turnover_ratio": 2.87,
            "reinvestment_rate": null,
            "research_to_sale_ratio": 7.02,
            "price_fair": 85.4,
            "eps_avg_yearly": 2.44,
            "eps_latest_yearly": 2.44,
            "eps_growth_yearly": 441.38
        },
        "20142": {
            "year_quarter": 20142,
            "year": 2014,
            "quarter": 2,
            "eps": -0.45,
            "eps_growth_year": null,
            "eps_4q": -0.99,
            "eps_4q_growth_year": null,
            "roe": -7.11,
            "gross_profit": 59952,
            "gross_margin": 12.19,
            "net_income": -48690,
            "revenue": 491755,
            "common_shares": 1071746,
            "equity": 666741,
            "current_ratio": 114.72,
            "debt_ratio": 55.06,
            "inventory_turnover_ratio": 0.99,
            "account_receivable_turnover_ratio": 3.12,
            "reinvestment_rate": null,
            "research_to_sale_ratio": 7.68,
            "price_fair": 85.4,
            "eps_avg_yearly": 2.44,
            "eps_latest_yearly": 2.44,
            "eps_growth_yearly": 441.38
        },
        "20143": {
            "year_quarter": 20143,
            "year": 2014,
            "quarter": 3,
            "eps": -0.18,
            "eps_growth_year": null,
            "eps_4q": -1.16,
            "eps_4q_growth_year": null,
            "roe": -3.08,
            "gross_profit": 93246,
            "gross_margin": 17.2,
            "net_income": -20264,
            "revenue": 542201,
            "common_shares": 1071746,
            "equity": 647354,
            "current_ratio": 105.93,
            "debt_ratio": 58.74,
            "inventory_turnover_ratio": 1.05,
            "account_receivable_turnover_ratio": 3.37,
            "reinvestment_rate": null,
            "research_to_sale_ratio": 6.91,
            "price_fair": 0,
            "eps_avg_yearly": 0,
            "eps_latest_yearly": 0,
            "eps_growth_yearly": 0
        },
        "20144": {
            "year_quarter": 20144,
            "year": 2014,
            "quarter": 4,
            "eps": -0.34,
            "eps_growth_year": null,
            "eps_4q": -1.26,
            "eps_4q_growth_year": null,
            "roe": -6.35,
            "gross_profit": 83213,
            "gross_margin": 14.96,
            "net_income": -39856,
            "revenue": 556395,
            "common_shares": 1071746,
            "equity": 608490,
            "current_ratio": 102.01,
            "debt_ratio": 61.54,
            "inventory_turnover_ratio": 1.07,
            "account_receivable_turnover_ratio": 2.7,
            "reinvestment_rate": null,
            "research_to_sale_ratio": 6.74,
            "price_fair": 0,
            "eps_avg_yearly": 0,
            "eps_latest_yearly": 0,
            "eps_growth_yearly": 0
        },
        "20151": {
            "year_quarter": 20151,
            "year": 2015,
            "quarter": 1,
            "eps": 1.53,
            "eps_growth_year": null,
            "eps_4q": 0.56,
            "eps_4q_growth_year": null,
            "roe": 23.54,
            "gross_profit": 127090,
            "gross_margin": 23.49,
            "net_income": 162232,
            "revenue": 541090,
            "common_shares": 1071746,
            "equity": 770049,
            "current_ratio": 129.99,
            "debt_ratio": 52.26,
            "inventory_turnover_ratio": 0.84,
            "account_receivable_turnover_ratio": 2.58,
            "reinvestment_rate": null,
            "research_to_sale_ratio": 6.05,
            "price_fair": 0,
            "eps_avg_yearly": 0,
            "eps_latest_yearly": 0,
            "eps_growth_yearly": 0
        },
        "20152": {
            "year_quarter": 20152,
            "year": 2015,
            "quarter": 2,
            "eps": -0.39,
            "eps_growth_year": null,
            "eps_4q": 0.62,
            "eps_4q_growth_year": null,
            "roe": -5.7,
            "gross_profit": 76728,
            "gross_margin": 13.05,
            "net_income": -42651,
            "revenue": 588177,
            "common_shares": 1071746,
            "equity": 726959,
            "current_ratio": 122.71,
            "debt_ratio": 53.3,
            "inventory_turnover_ratio": 0.97,
            "account_receivable_turnover_ratio": 3.28,
            "reinvestment_rate": null,
            "research_to_sale_ratio": 6.2,
            "price_fair": 0,
            "eps_avg_yearly": 0,
            "eps_latest_yearly": 0,
            "eps_growth_yearly": 0
        },
        "20153": {
            "year_quarter": 20153,
            "year": 2015,
            "quarter": 3,
            "eps": -0.37,
            "eps_growth_year": null,
            "eps_4q": 0.43,
            "eps_4q_growth_year": null,
            "roe": -5.72,
            "gross_profit": 92796,
            "gross_margin": 15.99,
            "net_income": -41324,
            "revenue": 580421,
            "common_shares": 1071746,
            "equity": 716909,
            "current_ratio": 126.23,
            "debt_ratio": 55.94,
            "inventory_turnover_ratio": 0.92,
            "account_receivable_turnover_ratio": 3.27,
            "reinvestment_rate": null,
            "research_to_sale_ratio": 6.16,
            "price_fair": 0,
            "eps_avg_yearly": 0,
            "eps_latest_yearly": 0,
            "eps_growth_yearly": 0
        },
        "20154": {
            "year_quarter": 20154,
            "year": 2015,
            "quarter": 4,
            "eps": -0.29,
            "eps_growth_year": null,
            "eps_4q": 0.49,
            "eps_4q_growth_year": null,
            "roe": -4.84,
            "gross_profit": 105795,
            "gross_margin": 13.79,
            "net_income": -33771,
            "revenue": 767214,
            "common_shares": 1071746,
            "equity": 677815,
            "current_ratio": 118.67,
            "debt_ratio": 56.7,
            "inventory_turnover_ratio": 1.3,
            "account_receivable_turnover_ratio": 4.2,
            "reinvestment_rate": null,
            "research_to_sale_ratio": 4.46,
            "price_fair": 0,
            "eps_avg_yearly": 0,
            "eps_latest_yearly": 0,
            "eps_growth_yearly": 0
        },
        "20161": {
            "year_quarter": 20161,
            "year": 2016,
            "quarter": 1,
            "eps": -0.37,
            "eps_growth_year": -124.18,
            "eps_4q": -1.41,
            "eps_4q_growth_year": -352.86,
            "roe": -6.32,
            "gross_profit": 87054,
            "gross_margin": 14.02,
            "net_income": -41482,
            "revenue": 621021,
            "common_shares": 1071746,
            "equity": 635153,
            "current_ratio": 111.13,
            "debt_ratio": 58.17,
            "inventory_turnover_ratio": 1.2,
            "account_receivable_turnover_ratio": 3.7,
            "reinvestment_rate": null,
            "research_to_sale_ratio": 5.46,
            "price_fair": 0,
            "eps_avg_yearly": 0,
            "eps_latest_yearly": 0,
            "eps_growth_yearly": 0
        },
        "20162": {
            "year_quarter": 20162,
            "year": 2016,
            "quarter": 2,
            "eps": -0.46,
            "eps_growth_year": null,
            "eps_4q": -1.49,
            "eps_4q_growth_year": -340.52,
            "roe": -8.25,
            "gross_profit": 88899,
            "gross_margin": 12.4,
            "net_income": -50770,
            "revenue": 716918,
            "common_shares": 1071746,
            "equity": 595186,
            "current_ratio": 103.42,
            "debt_ratio": 63.7,
            "inventory_turnover_ratio": 1.45,
            "account_receivable_turnover_ratio": 3.98,
            "reinvestment_rate": null,
            "research_to_sale_ratio": 4.88,
            "price_fair": 0,
            "eps_avg_yearly": 0,
            "eps_latest_yearly": 0,
            "eps_growth_yearly": 0
        },
        "20163": {
            "year_quarter": 20163,
            "year": 2016,
            "quarter": 3,
            "eps": -0.26,
            "eps_growth_year": null,
            "eps_4q": -1.37,
            "eps_4q_growth_year": -420.4,
            "roe": -5.05,
            "gross_profit": 102073,
            "gross_margin": 14.68,
            "net_income": -29328,
            "revenue": 695425,
            "common_shares": 1071746,
            "equity": 566314,
            "current_ratio": 101.01,
            "debt_ratio": 66.24,
            "inventory_turnover_ratio": 1.27,
            "account_receivable_turnover_ratio": 3.37,
            "reinvestment_rate": null,
            "research_to_sale_ratio": 4.95,
            "price_fair": 0,
            "eps_avg_yearly": 0,
            "eps_latest_yearly": 0,
            "eps_growth_yearly": 0
        },
        "20164": {
            "year_quarter": 20164,
            "year": 2016,
            "quarter": 4,
            "eps": -0.86,
            "eps_growth_year": null,
            "eps_4q": -1.94,
            "eps_4q_growth_year": -500.05,
            "roe": -17.99,
            "gross_profit": 88222,
            "gross_margin": 12.05,
            "net_income": -94573,
            "revenue": 731994,
            "common_shares": 1071746,
            "equity": 485006,
            "current_ratio": 95.92,
            "debt_ratio": 68.2,
            "inventory_turnover_ratio": 1.37,
            "account_receivable_turnover_ratio": 3.44,
            "reinvestment_rate": null,
            "research_to_sale_ratio": 4.89,
            "price_fair": 0,
            "eps_avg_yearly": 0,
            "eps_latest_yearly": 0,
            "eps_growth_yearly": 0
        },
        "20171": {
            "year_quarter": 20171,
            "year": 2017,
            "quarter": 1,
            "eps": 0.81,
            "eps_growth_year": null,
            "eps_4q": -0.76,
            "eps_4q_growth_year": null,
            "roe": 16.02,
            "gross_profit": 89687,
            "gross_margin": 13.75,
            "net_income": 84368,
            "revenue": 652186,
            "common_shares": 1071746,
            "equity": 568108,
            "current_ratio": 124.96,
            "debt_ratio": 57.61,
            "inventory_turnover_ratio": 1.33,
            "account_receivable_turnover_ratio": 3.45,
            "reinvestment_rate": null,
            "research_to_sale_ratio": 4.41,
            "price_fair": 0,
            "eps_avg_yearly": 0,
            "eps_latest_yearly": 0,
            "eps_growth_yearly": 0
        },
        "20172": {
            "year_quarter": 20172,
            "year": 2017,
            "quarter": 2,
            "eps": -0.08,
            "eps_growth_year": null,
            "eps_4q": -0.39,
            "eps_4q_growth_year": null,
            "roe": -1.91,
            "gross_profit": 103787,
            "gross_margin": 14.52,
            "net_income": -10746,
            "revenue": 714631,
            "common_shares": 1071746,
            "equity": 556067,
            "current_ratio": 121.65,
            "debt_ratio": 60.26,
            "inventory_turnover_ratio": 1.62,
            "account_receivable_turnover_ratio": 4.07,
            "reinvestment_rate": null,
            "research_to_sale_ratio": 3.42,
            "price_fair": 0,
            "eps_avg_yearly": 0,
            "eps_latest_yearly": 0,
            "eps_growth_yearly": 0
        },
        "20173": {
            "year_quarter": 20173,
            "year": 2017,
            "quarter": 3,
            "eps": -0.04,
            "eps_growth_year": null,
            "eps_4q": -0.3,
            "eps_4q_growth_year": null,
            "roe": -0.48,
            "gross_profit": 110489,
            "gross_margin": 14.07,
            "net_income": -2674,
            "revenue": 785216,
            "common_shares": 535873,
            "equity": 553407,
            "current_ratio": 120.95,
            "debt_ratio": 60.97,
            "inventory_turnover_ratio": 1.83,
            "account_receivable_turnover_ratio": 4.37,
            "reinvestment_rate": null,
            "research_to_sale_ratio": 3.35,
            "price_fair": 0,
            "eps_avg_yearly": 0,
            "eps_latest_yearly": 0,
            "eps_growth_yearly": 0
        },
        "20174": {
            "year_quarter": 20174,
            "year": 2017,
            "quarter": 4,
            "eps": -2.5,
            "eps_growth_year": null,
            "eps_4q": -1.08,
            "eps_4q_growth_year": null,
            "roe": -33.6,
            "gross_profit": 99603,
            "gross_margin": 12.59,
            "net_income": -158850,
            "revenue": 791319,
            "common_shares": 535873,
            "equity": 392158,
            "current_ratio": 109.42,
            "debt_ratio": 71.01,
            "inventory_turnover_ratio": 1.78,
            "account_receivable_turnover_ratio": 3.29,
            "reinvestment_rate": null,
            "research_to_sale_ratio": 3.39,
            "price_fair": 0,
            "eps_avg_yearly": 0,
            "eps_latest_yearly": 0,
            "eps_growth_yearly": 0
        },
        "20181": {
            "year_quarter": 20181,
            "year": 2018,
            "quarter": 1,
            "eps": -0.1,
            "eps_growth_year": -112.35,
            "eps_4q": -2.8,
            "eps_4q_growth_year": null,
            "roe": -1.96,
            "gross_profit": 96779,
            "gross_margin": 14.35,
            "net_income": -7575,
            "revenue": 674243,
            "common_shares": 535873,
            "equity": 381838,
            "current_ratio": 108.91,
            "debt_ratio": 68.63,
            "inventory_turnover_ratio": 1.46,
            "account_receivable_turnover_ratio": 2.84,
            "reinvestment_rate": null,
            "research_to_sale_ratio": 4.52,
            "price_fair": 0,
            "eps_avg_yearly": 0,
            "eps_latest_yearly": 0,
            "eps_growth_yearly": 0
        },
        "20182": {
            "year_quarter": 20182,
            "year": 2018,
            "quarter": 2,
            "eps": -0.38,
            "eps_growth_year": null,
            "eps_4q": -3.01,
            "eps_4q_growth_year": null,
            "roe": -6.11,
            "gross_profit": 109915,
            "gross_margin": 11.84,
            "net_income": -22600,
            "revenue": 928175,
            "common_shares": 535873,
            "equity": 358132,
            "current_ratio": 105.14,
            "debt_ratio": 74.68,
            "inventory_turnover_ratio": 1.82,
            "account_receivable_turnover_ratio": 4.13,
            "reinvestment_rate": null,
            "research_to_sale_ratio": 3.19,
            "price_fair": 0,
            "eps_avg_yearly": 0,
            "eps_latest_yearly": 0,
            "eps_growth_yearly": 0
        },
        "20183": {
            "year_quarter": 20183,
            "year": 2018,
            "quarter": 3,
            "eps": -0.48,
            "eps_growth_year": null,
            "eps_4q": -3.46,
            "eps_4q_growth_year": null,
            "roe": -8.09,
            "gross_profit": 95681,
            "gross_margin": 11.94,
            "net_income": -27815,
            "revenue": 801294,
            "common_shares": 535873,
            "equity": 329198,
            "current_ratio": 103.77,
            "debt_ratio": 74.94,
            "inventory_turnover_ratio": 1.51,
            "account_receivable_turnover_ratio": 3.08,
            "reinvestment_rate": null,
            "research_to_sale_ratio": 3.5,
            "price_fair": 0,
            "eps_avg_yearly": 0,
            "eps_latest_yearly": 0,
            "eps_growth_yearly": 0
        },
        "20184": {
            "year_quarter": 20184,
            "year": 2018,
            "quarter": 4,
            "eps": -0.16,
            "eps_growth_year": null,
            "eps_4q": -1.12,
            "eps_4q_growth_year": null,
            "roe": -7.83,
            "gross_profit": 173642,
            "gross_margin": 18.76,
            "net_income": -24693,
            "revenue": 925449,
            "common_shares": 535873,
            "equity": 301447,
            "current_ratio": 106.42,
            "debt_ratio": 76.07,
            "inventory_turnover_ratio": 1.8,
            "account_receivable_turnover_ratio": 3.88,
            "reinvestment_rate": null,
            "research_to_sale_ratio": 3.66,
            "price_fair": 0,
            "eps_avg_yearly": 0,
            "eps_latest_yearly": 0,
            "eps_growth_yearly": 0
        },
        "20191": {
            "year_quarter": 20191,
            "year": 2019,
            "quarter": 1,
            "eps": 0.08,
            "eps_growth_year": null,
            "eps_4q": -0.94,
            "eps_4q_growth_year": null,
            "roe": 1.12,
            "gross_profit": 120519,
            "gross_margin": 14.69,
            "net_income": 3413,
            "revenue": 820549,
            "common_shares": 535873,
            "equity": 305854,
            "current_ratio": 105.5,
            "debt_ratio": 76.22,
            "inventory_turnover_ratio": 1.67,
            "account_receivable_turnover_ratio": 4.09,
            "reinvestment_rate": null,
            "research_to_sale_ratio": 3.64,
            "price_fair": 0,
            "eps_avg_yearly": 0,
            "eps_latest_yearly": 0,
            "eps_growth_yearly": 0
        },
        "20192": {
            "year_quarter": 20192,
            "year": 2019,
            "quarter": 2,
            "eps": -0.63,
            "eps_growth_year": null,
            "eps_4q": -1.2,
            "eps_4q_growth_year": null,
            "roe": -13.8,
            "gross_profit": 101800,
            "gross_margin": 11.77,
            "net_income": -39415,
            "revenue": 864742,
            "common_shares": 535873,
            "equity": 265326,
            "current_ratio": 101,
            "debt_ratio": 79.92,
            "inventory_turnover_ratio": 1.65,
            "account_receivable_turnover_ratio": 4.8,
            "reinvestment_rate": null,
            "research_to_sale_ratio": 4.13,
            "price_fair": 0,
            "eps_avg_yearly": 0,
            "eps_latest_yearly": 0,
            "eps_growth_yearly": 0
        },
        "20193": {
            "year_quarter": 20193,
            "year": 2019,
            "quarter": 3,
            "eps": 0.12,
            "eps_growth_year": null,
            "eps_4q": -0.6,
            "eps_4q_growth_year": null,
            "roe": 2.18,
            "gross_profit": 133747,
            "gross_margin": 14.25,
            "net_income": 5943,
            "revenue": 938884,
            "common_shares": 535873,
            "equity": 280551,
            "current_ratio": 103.32,
            "debt_ratio": 80.09,
            "inventory_turnover_ratio": 1.7,
            "account_receivable_turnover_ratio": 4.43,
            "reinvestment_rate": null,
            "research_to_sale_ratio": 3.91,
            "price_fair": 0,
            "eps_avg_yearly": 0,
            "eps_latest_yearly": 0,
            "eps_growth_yearly": 0
        },
        "20194": {
            "year_quarter": 20194,
            "year": 2019,
            "quarter": 4,
            "eps": 0.07,
            "eps_growth_year": null,
            "eps_4q": -0.36,
            "eps_4q_growth_year": null,
            "roe": 1.92,
            "gross_profit": 130972,
            "gross_margin": 12.89,
            "net_income": 5438,
            "revenue": 1015685,
            "common_shares": 535873,
            "equity": 285923,
            "current_ratio": 107.53,
            "debt_ratio": 79.02,
            "inventory_turnover_ratio": 1.97,
            "account_receivable_turnover_ratio": 4.32,
            "reinvestment_rate": null,
            "research_to_sale_ratio": 4.56,
            "price_fair": 0.84,
            "eps_avg_yearly": 0.28,
            "eps_latest_yearly": 0.28,
            "eps_growth_yearly": -166.67
        },
        "20201": {
            "year_quarter": 20201,
            "year": 2020,
            "quarter": 1,
            "eps": -0.22,
            "eps_growth_year": -375,
            "eps_4q": -0.66,
            "eps_4q_growth_year": null,
            "roe": -4.29,
            "gross_profit": 95420,
            "gross_margin": 12.31,
            "net_income": -11966,
            "revenue": 775211,
            "common_shares": 535873,
            "equity": 272563,
            "current_ratio": 105.44,
            "debt_ratio": 79.64,
            "inventory_turnover_ratio": 1.51,
            "account_receivable_turnover_ratio": 3.38,
            "reinvestment_rate": null,
            "research_to_sale_ratio": 4.14,
            "price_fair": 0.84,
            "eps_avg_yearly": 0.28,
            "eps_latest_yearly": 0.28,
            "eps_growth_yearly": -166.67
        },
        "20202": {
            "year_quarter": 20202,
            "year": 2020,
            "quarter": 2,
            "eps": 0.25,
            "eps_growth_year": null,
            "eps_4q": 0.22,
            "eps_4q_growth_year": null,
            "roe": 4.53,
            "gross_profit": 149321,
            "gross_margin": 13.99,
            "net_income": 12624,
            "revenue": 1067332,
            "common_shares": 535873,
            "equity": 284851,
            "current_ratio": 107.76,
            "debt_ratio": 78.31,
            "inventory_turnover_ratio": 2.11,
            "account_receivable_turnover_ratio": 5.15,
            "reinvestment_rate": null,
            "research_to_sale_ratio": 3.38,
            "price_fair": 0.84,
            "eps_avg_yearly": 0.28,
            "eps_latest_yearly": 0.28,
            "eps_growth_yearly": -166.67
        },
        "20203": {
            "year_quarter": 20203,
            "year": 2020,
            "quarter": 3,
            "eps": -0.11,
            "eps_growth_year": -191.67,
            "eps_4q": -0.01,
            "eps_4q_growth_year": null,
            "roe": -2.33,
            "gross_profit": 130817,
            "gross_margin": 11.13,
            "net_income": -6587,
            "revenue": 1175849,
            "common_shares": 535873,
            "equity": 280592,
            "current_ratio": 107.64,
            "debt_ratio": 79.56,
            "inventory_turnover_ratio": 2.22,
            "account_receivable_turnover_ratio": 5.71,
            "reinvestment_rate": null,
            "research_to_sale_ratio": 3.19,
            "price_fair": 0.84,
            "eps_avg_yearly": 0.28,
            "eps_latest_yearly": 0.28,
            "eps_growth_yearly": -166.67
        },
        "20204": {
            "year_quarter": 20204,
            "year": 2020,
            "quarter": 4,
            "eps": 0.58,
            "eps_growth_year": 701.67,
            "eps_4q": 0.5,
            "eps_4q_growth_year": null,
            "roe": 10.28,
            "gross_profit": 187039,
            "gross_margin": 12.23,
            "net_income": 30711,
            "revenue": 1529874,
            "common_shares": 535873,
            "equity": 316812,
            "current_ratio": 110.07,
            "debt_ratio": 81.02,
            "inventory_turnover_ratio": 2.68,
            "account_receivable_turnover_ratio": 6.62,
            "reinvestment_rate": null,
            "research_to_sale_ratio": 2.7,
            "price_fair": 0.84,
            "eps_avg_yearly": 0.28,
            "eps_latest_yearly": 0.28,
            "eps_growth_yearly": -166.67
        },
        "20211": {
            "year_quarter": 20211,
            "year": 2021,
            "quarter": 1,
            "eps": 1.25,
            "eps_growth_year": null,
            "eps_4q": 1.97,
            "eps_4q_growth_year": null,
            "roe": 19.07,
            "gross_profit": 242754,
            "gross_margin": 14.81,
            "net_income": 66625,
            "revenue": 1639356,
            "common_shares": 535873,
            "equity": 381916,
            "current_ratio": 110.13,
            "debt_ratio": 83.04,
            "inventory_turnover_ratio": 1.86,
            "account_receivable_turnover_ratio": 6.3,
            "reinvestment_rate": null,
            "research_to_sale_ratio": 2.68,
            "price_fair": 92.4,
            "eps_avg_yearly": 2.64,
            "eps_latest_yearly": 5,
            "eps_growth_yearly": 147.7
        },
        "20212": {
            "year_quarter": 20212,
            "year": 2021,
            "quarter": 2,
            "eps": 3.74,
            "eps_growth_year": 1396,
            "eps_4q": 5.46,
            "eps_4q_growth_year": 2371.74,
            "roe": 41.59,
            "gross_profit": 671089,
            "gross_margin": 23.49,
            "net_income": 200210,
            "revenue": 2857154,
            "common_shares": 535873,
            "equity": 580827,
            "current_ratio": 131.87,
            "debt_ratio": 67.4,
            "inventory_turnover_ratio": 2.66,
            "account_receivable_turnover_ratio": 8.86,
            "reinvestment_rate": -92.62,
            "research_to_sale_ratio": 2.16,
            "price_fair": 236.13,
            "eps_avg_yearly": 6.75,
            "eps_latest_yearly": 14.96,
            "eps_growth_yearly": 364.07
        },
        "20213": {
            "year_quarter": 20213,
            "year": 2021,
            "quarter": 3,
            "eps": 1.64,
            "eps_growth_year": null,
            "eps_4q": 7.21,
            "eps_4q_growth_year": null,
            "roe": 14.06,
            "gross_profit": 342797,
            "gross_margin": 15.4,
            "net_income": 87749,
            "revenue": 2225886,
            "common_shares": 535873,
            "equity": 667586,
            "current_ratio": 137.88,
            "debt_ratio": 66.86,
            "inventory_turnover_ratio": 2.76,
            "account_receivable_turnover_ratio": 5.29,
            "reinvestment_rate": -43.71,
            "research_to_sale_ratio": 2.05,
            "price_fair": 234.5,
            "eps_avg_yearly": 6.7,
            "eps_latest_yearly": 6.56,
            "eps_growth_yearly": 216.9
        },
        "20214": {
            "year_quarter": 20214,
            "year": 2021,
            "quarter": 4,
            "eps": 1.5,
            "eps_growth_year": 157.2,
            "eps_4q": 8.12,
            "eps_4q_growth_year": 1525.61,
            "roe": 11.27,
            "gross_profit": 312998,
            "gross_margin": 14.9,
            "net_income": 80045,
            "revenue": 2100660,
            "common_shares": 535873,
            "equity": 752412,
            "current_ratio": 152.11,
            "debt_ratio": 62.61,
            "inventory_turnover_ratio": 2.54,
            "account_receivable_turnover_ratio": 4.76,
            "reinvestment_rate": -8.94,
            "research_to_sale_ratio": 2.6,
            "price_fair": 229.6,
            "eps_avg_yearly": 6.56,
            "eps_latest_yearly": 6,
            "eps_growth_yearly": 166.69
        },
        "20221": {
            "year_quarter": 20221,
            "year": 2022,
            "quarter": 1,
            "eps": 0.47,
            "eps_growth_year": -62.4,
            "eps_4q": 7.34,
            "eps_4q_growth_year": 273.08,
            "roe": 3.28,
            "gross_profit": 185733,
            "gross_margin": 12.29,
            "net_income": 25340,
            "revenue": 1511393,
            "common_shares": 535873,
            "equity": 792208,
            "current_ratio": 151.58,
            "debt_ratio": 62.53,
            "inventory_turnover_ratio": 1.7,
            "account_receivable_turnover_ratio": 3.9,
            "reinvestment_rate": -4.89,
            "research_to_sale_ratio": 2.96,
            "price_fair": 202.3,
            "eps_avg_yearly": 5.78,
            "eps_latest_yearly": 1.88,
            "eps_growth_yearly": 93.13
        },
        "20222": {
            "year_quarter": 20222,
            "year": 2022,
            "quarter": 2,
            "eps": -1.25,
            "eps_growth_year": -133.42,
            "eps_4q": 2.14,
            "eps_4q_growth_year": -60.72,
            "roe": -9.17,
            "gross_profit": 82444,
            "gross_margin": 7.49,
            "net_income": -66761,
            "revenue": 1100070,
            "common_shares": 535873,
            "equity": 664062,
            "current_ratio": 130.68,
            "debt_ratio": 69.96,
            "inventory_turnover_ratio": 0.99,
            "account_receivable_turnover_ratio": 3.22,
            "reinvestment_rate": -4.88,
            "research_to_sale_ratio": 4.37,
            "price_fair": 202.3,
            "eps_avg_yearly": 5.78,
            "eps_latest_yearly": 1.88,
            "eps_growth_yearly": 93.13
        },
        "20223": {
            "year_quarter": 20223,
            "year": 2022,
            "quarter": 3,
            "eps": -1.09,
            "eps_growth_year": -166.46,
            "eps_4q": -0.43,
            "eps_4q_growth_year": -106.02,
            "roe": -10.11,
            "gross_profit": 252777,
            "gross_margin": 15.64,
            "net_income": -64116,
            "revenue": 1615905,
            "common_shares": 589460,
            "equity": 604187,
            "current_ratio": 120.55,
            "debt_ratio": 77.29,
            "inventory_turnover_ratio": 1.1,
            "account_receivable_turnover_ratio": 3.31,
            "reinvestment_rate": 4.51,
            "research_to_sale_ratio": 3.07,
            "price_fair": 202.3,
            "eps_avg_yearly": 5.78,
            "eps_latest_yearly": 1.88,
            "eps_growth_yearly": 93.13
        },
        "20224": {
            "year_quarter": 20224,
            "year": 2022,
            "quarter": 4,
            "eps": -1.53,
            "eps_growth_year": -202.21,
            "eps_4q": -3.32,
            "eps_4q_growth_year": -140.9,
            "roe": -16.2,
            "gross_profit": 85857,
            "gross_margin": 7.92,
            "net_income": -90169,
            "revenue": 1084050,
            "common_shares": 589460,
            "equity": 509112,
            "current_ratio": 118.5,
            "debt_ratio": 74.9,
            "inventory_turnover_ratio": 0.9,
            "account_receivable_turnover_ratio": 2.12,
            "reinvestment_rate": 9.54,
            "research_to_sale_ratio": 4.26,
            "price_fair": 202.3,
            "eps_avg_yearly": 5.78,
            "eps_latest_yearly": 1.88,
            "eps_growth_yearly": 93.13
        },
        "20231": {
            "year_quarter": 20231,
            "year": 2023,
            "quarter": 1,
            "eps": -1.17,
            "eps_growth_year": -348.94,
            "eps_4q": -4.92,
            "eps_4q_growth_year": -167,
            "roe": -14.55,
            "gross_profit": 71487,
            "gross_margin": 9.23,
            "net_income": -69155,
            "revenue": 774098,
            "common_shares": 589460,
            "equity": 441455,
            "current_ratio": 116,
            "debt_ratio": 76.21,
            "inventory_turnover_ratio": 0.87,
            "account_receivable_turnover_ratio": 2.46,
            "reinvestment_rate": 14.28,
            "research_to_sale_ratio": 5.93,
            "price_fair": 202.3,
            "eps_avg_yearly": 5.78,
            "eps_latest_yearly": 1.88,
            "eps_growth_yearly": 93.13
        }
    },
    "months": {
        "2001-09": {
            "month": "2001-09",
            "price": "26.36",
            "revenue": 444722
        },
        "2001-10": {
            "month": "2001-10",
            "price": "28.57",
            "revenue": 559237
        },
        "2001-11": {
            "month": "2001-11",
            "price": "36.65",
            "revenue": 641616
        },
        "2001-12": {
            "month": "2001-12",
            "price": "45.69",
            "revenue": 504074
        },
        "2002-01": {
            "month": "2002-01",
            "price": "45.51",
            "revenue": 501056
        },
        "2002-02": {
            "month": "2002-02",
            "price": "44.92",
            "revenue": 463700
        },
        "2002-03": {
            "month": "2002-03",
            "price": "45.99",
            "revenue": 511123
        },
        "2002-04": {
            "month": "2002-04",
            "price": "43.33",
            "revenue": 463492
        },
        "2002-05": {
            "month": "2002-05",
            "price": "36.71",
            "revenue": 442592
        },
        "2002-06": {
            "month": "2002-06",
            "price": "34.78",
            "revenue": 443809
        },
        "2002-07": {
            "month": "2002-07",
            "price": "28.77",
            "revenue": 507830
        },
        "2002-08": {
            "month": "2002-08",
            "price": "25.53",
            "revenue": 458539
        },
        "2002-09": {
            "month": "2002-09",
            "price": "20.86",
            "revenue": 484716
        },
        "2002-10": {
            "month": "2002-10",
            "price": "16.79",
            "revenue": 583030
        },
        "2002-11": {
            "month": "2002-11",
            "price": "18.61",
            "revenue": 640045
        },
        "2002-12": {
            "month": "2002-12",
            "price": "16.67",
            "revenue": 447038
        },
        "2003-01": {
            "month": "2003-01",
            "price": "16.09",
            "revenue": 506705
        },
        "2003-02": {
            "month": "2003-02",
            "price": "16.42",
            "revenue": 406618
        },
        "2003-03": {
            "month": "2003-03",
            "price": "17.59",
            "revenue": 383878
        },
        "2003-04": {
            "month": "2003-04",
            "price": "16.30",
            "revenue": 415337
        },
        "2003-05": {
            "month": "2003-05",
            "price": "14.39",
            "revenue": 493924
        },
        "2003-06": {
            "month": "2003-06",
            "price": "16.88",
            "revenue": 438967
        },
        "2003-07": {
            "month": "2003-07",
            "price": "16.07",
            "revenue": 509422
        },
        "2003-08": {
            "month": "2003-08",
            "price": "14.70",
            "revenue": 456559
        },
        "2003-09": {
            "month": "2003-09",
            "price": "14.29",
            "revenue": 495449
        },
        "2003-10": {
            "month": "2003-10",
            "price": "13.34",
            "revenue": 548564
        },
        "2003-11": {
            "month": "2003-11",
            "price": "12.85",
            "revenue": 589057
        },
        "2003-12": {
            "month": "2003-12",
            "price": "13.13",
            "revenue": 535549
        },
        "2004-01": {
            "month": "2004-01",
            "price": "13.23",
            "revenue": 454121
        },
        "2004-02": {
            "month": "2004-02",
            "price": "16.97",
            "revenue": 503029
        },
        "2004-03": {
            "month": "2004-03",
            "price": "20.57",
            "revenue": 572851
        },
        "2004-04": {
            "month": "2004-04",
            "price": "20.31",
            "revenue": 602420
        },
        "2004-05": {
            "month": "2004-05",
            "price": "16.02",
            "revenue": 558377
        },
        "2004-06": {
            "month": "2004-06",
            "price": "14.85",
            "revenue": 570439
        },
        "2004-07": {
            "month": "2004-07",
            "price": "13.73",
            "revenue": 666784
        },
        "2004-08": {
            "month": "2004-08",
            "price": "13.31",
            "revenue": 725822
        },
        "2004-09": {
            "month": "2004-09",
            "price": "16.46",
            "revenue": 810596
        },
        "2004-10": {
            "month": "2004-10",
            "price": "17.06",
            "revenue": 1034537
        },
        "2004-11": {
            "month": "2004-11",
            "price": "17.60",
            "revenue": 1123255
        },
        "2004-12": {
            "month": "2004-12",
            "price": "17.74",
            "revenue": 1202991
        },
        "2005-01": {
            "month": "2005-01",
            "price": "16.00",
            "revenue": 809161
        },
        "2005-02": {
            "month": "2005-02",
            "price": "15.49",
            "revenue": 779818
        },
        "2005-03": {
            "month": "2005-03",
            "price": "17.13",
            "revenue": 959817
        },
        "2005-04": {
            "month": "2005-04",
            "price": "16.37",
            "revenue": 794211
        },
        "2005-05": {
            "month": "2005-05",
            "price": "14.96",
            "revenue": 478601
        },
        "2005-06": {
            "month": "2005-06",
            "price": "16.52",
            "revenue": 571752
        },
        "2005-07": {
            "month": "2005-07",
            "price": "18.21",
            "revenue": 707725
        },
        "2005-08": {
            "month": "2005-08",
            "price": "16.25",
            "revenue": 819108
        },
        "2005-09": {
            "month": "2005-09",
            "price": "12.25",
            "revenue": 1060851
        },
        "2005-10": {
            "month": "2005-10",
            "price": "11.13",
            "revenue": 865424
        },
        "2005-11": {
            "month": "2005-11",
            "price": "8.74",
            "revenue": 1096010
        },
        "2005-12": {
            "month": "2005-12",
            "price": "10.61",
            "revenue": 755961
        },
        "2006-01": {
            "month": "2006-01",
            "price": "10.97",
            "revenue": 485048
        },
        "2006-02": {
            "month": "2006-02",
            "price": "10.25",
            "revenue": 503713
        },
        "2006-03": {
            "month": "2006-03",
            "price": "10.82",
            "revenue": 578842
        },
        "2006-04": {
            "month": "2006-04",
            "price": "10.71",
            "revenue": 571954
        },
        "2006-05": {
            "month": "2006-05",
            "price": "9.87",
            "revenue": 460502
        },
        "2006-06": {
            "month": "2006-06",
            "price": "8.46",
            "revenue": 367788
        },
        "2006-07": {
            "month": "2006-07",
            "price": "7.58",
            "revenue": 374901
        },
        "2006-08": {
            "month": "2006-08",
            "price": "6.52",
            "revenue": 487585
        },
        "2006-09": {
            "month": "2006-09",
            "price": "5.22",
            "revenue": 718250
        },
        "2006-10": {
            "month": "2006-10",
            "price": "5.95",
            "revenue": 551533
        },
        "2006-11": {
            "month": "2006-11",
            "price": "6.62",
            "revenue": 586860
        },
        "2006-12": {
            "month": "2006-12",
            "price": "9.09",
            "revenue": 568270
        },
        "2007-01": {
            "month": "2007-01",
            "price": "10.05",
            "revenue": 507564
        },
        "2007-02": {
            "month": "2007-02",
            "price": "9.62",
            "revenue": 505528
        },
        "2007-03": {
            "month": "2007-03",
            "price": "9.57",
            "revenue": 570539
        },
        "2007-04": {
            "month": "2007-04",
            "price": "16.48",
            "revenue": 537146
        },
        "2007-05": {
            "month": "2007-05",
            "price": "16.36",
            "revenue": 513822
        },
        "2007-06": {
            "month": "2007-06",
            "price": "20.36",
            "revenue": 434598
        },
        "2007-07": {
            "month": "2007-07",
            "price": "23.54",
            "revenue": 452051
        },
        "2007-08": {
            "month": "2007-08",
            "price": "21.50",
            "revenue": 479841
        },
        "2007-09": {
            "month": "2007-09",
            "price": "19.30",
            "revenue": 457442
        },
        "2007-10": {
            "month": "2007-10",
            "price": "15.00",
            "revenue": 411522
        },
        "2007-11": {
            "month": "2007-11",
            "price": "13.42",
            "revenue": 470546
        },
        "2007-12": {
            "month": "2007-12",
            "price": "14.16",
            "revenue": 518771
        },
        "2008-01": {
            "month": "2008-01",
            "price": "12.32",
            "revenue": 463110
        },
        "2008-02": {
            "month": "2008-02",
            "price": "11.27",
            "revenue": 401151
        },
        "2008-03": {
            "month": "2008-03",
            "price": "11.89",
            "revenue": 377355
        },
        "2008-04": {
            "month": "2008-04",
            "price": "13.31",
            "revenue": 375273
        },
        "2008-05": {
            "month": "2008-05",
            "price": "13.02",
            "revenue": 230424
        },
        "2008-06": {
            "month": "2008-06",
            "price": "11.30",
            "revenue": 273541
        },
        "2008-07": {
            "month": "2008-07",
            "price": "8.58",
            "revenue": 376509
        },
        "2008-08": {
            "month": "2008-08",
            "price": "7.97",
            "revenue": 388891
        },
        "2008-09": {
            "month": "2008-09",
            "price": "5.26",
            "revenue": 374579
        },
        "2008-10": {
            "month": "2008-10",
            "price": "4.92",
            "revenue": 332111
        },
        "2008-11": {
            "month": "2008-11",
            "price": "3.40",
            "revenue": 295058
        },
        "2008-12": {
            "month": "2008-12",
            "price": "3.23",
            "revenue": 297402
        },
        "2009-01": {
            "month": "2009-01",
            "price": "3.23",
            "revenue": 200347
        },
        "2009-02": {
            "month": "2009-02",
            "price": "3.32",
            "revenue": 231068
        },
        "2009-03": {
            "month": "2009-03",
            "price": "5.00",
            "revenue": 198497
        },
        "2009-04": {
            "month": "2009-04",
            "price": "6.45",
            "revenue": 230513
        },
        "2009-05": {
            "month": "2009-05",
            "price": "6.11",
            "revenue": 188648
        },
        "2009-06": {
            "month": "2009-06",
            "price": "5.38",
            "revenue": 208252
        },
        "2009-07": {
            "month": "2009-07",
            "price": "5.27",
            "revenue": 248623
        },
        "2009-08": {
            "month": "2009-08",
            "price": "6.47",
            "revenue": 181390
        },
        "2009-09": {
            "month": "2009-09",
            "price": "6.59",
            "revenue": 195271
        },
        "2009-10": {
            "month": "2009-10",
            "price": "6.98",
            "revenue": 233244
        },
        "2009-11": {
            "month": "2009-11",
            "price": "7.04",
            "revenue": 198257
        },
        "2009-12": {
            "month": "2009-12",
            "price": "9.47",
            "revenue": 232083
        },
        "2010-01": {
            "month": "2010-01",
            "price": "14.46",
            "revenue": 213416
        },
        "2010-02": {
            "month": "2010-02",
            "price": "14.64",
            "revenue": 203560
        },
        "2010-03": {
            "month": "2010-03",
            "price": "15.51",
            "revenue": 208912
        },
        "2010-04": {
            "month": "2010-04",
            "price": "14.70",
            "revenue": 440406
        },
        "2010-05": {
            "month": "2010-05",
            "price": "12.88",
            "revenue": 217671
        },
        "2010-06": {
            "month": "2010-06",
            "price": "14.62",
            "revenue": 211554
        },
        "2010-07": {
            "month": "2010-07",
            "price": "14.21",
            "revenue": 233569
        },
        "2010-08": {
            "month": "2010-08",
            "price": "13.15",
            "revenue": 251379
        },
        "2010-09": {
            "month": "2010-09",
            "price": "11.97",
            "revenue": 219551
        },
        "2010-10": {
            "month": "2010-10",
            "price": "11.36",
            "revenue": 254051
        },
        "2010-11": {
            "month": "2010-11",
            "price": "11.37",
            "revenue": 202619
        },
        "2010-12": {
            "month": "2010-12",
            "price": "11.85",
            "revenue": 175831
        },
        "2011-01": {
            "month": "2011-01",
            "price": "11.24",
            "revenue": 212937
        },
        "2011-02": {
            "month": "2011-02",
            "price": "10.63",
            "revenue": 108969
        },
        "2011-03": {
            "month": "2011-03",
            "price": "9.78",
            "revenue": 224942
        },
        "2011-04": {
            "month": "2011-04",
            "price": "8.94",
            "revenue": 215316
        },
        "2011-05": {
            "month": "2011-05",
            "price": "7.85",
            "revenue": 241329
        },
        "2011-06": {
            "month": "2011-06",
            "price": "7.83",
            "revenue": 179128
        },
        "2011-07": {
            "month": "2011-07",
            "price": "7.09",
            "revenue": 191222
        },
        "2011-08": {
            "month": "2011-08",
            "price": "5.59",
            "revenue": 181384
        },
        "2011-09": {
            "month": "2011-09",
            "price": "4.71",
            "revenue": 265416
        },
        "2011-10": {
            "month": "2011-10",
            "price": "5.14",
            "revenue": 256838
        },
        "2011-11": {
            "month": "2011-11",
            "price": "6.25",
            "revenue": 179101
        },
        "2011-12": {
            "month": "2011-12",
            "price": "5.74",
            "revenue": 175382
        },
        "2012-01": {
            "month": "2012-01",
            "price": "5.81",
            "revenue": 163316
        },
        "2012-02": {
            "month": "2012-02",
            "price": "6.94",
            "revenue": 158094
        },
        "2012-03": {
            "month": "2012-03",
            "price": "6.91",
            "revenue": 194827
        },
        "2012-04": {
            "month": "2012-04",
            "price": "5.95",
            "revenue": 168893
        },
        "2012-05": {
            "month": "2012-05",
            "price": "5.29",
            "revenue": 173609
        },
        "2012-06": {
            "month": "2012-06",
            "price": "4.97",
            "revenue": 231787
        },
        "2012-07": {
            "month": "2012-07",
            "price": "4.71",
            "revenue": 236030
        },
        "2012-08": {
            "month": "2012-08",
            "price": "4.76",
            "revenue": 198749
        },
        "2012-09": {
            "month": "2012-09",
            "price": "5.03",
            "revenue": 150326
        },
        "2012-10": {
            "month": "2012-10",
            "price": "4.61",
            "revenue": 173251
        },
        "2012-11": {
            "month": "2012-11",
            "price": "4.14",
            "revenue": 155400
        },
        "2012-12": {
            "month": "2012-12",
            "price": "4.57",
            "revenue": 212465
        },
        "2013-01": {
            "month": "2013-01",
            "price": "4.68",
            "revenue": 164347
        },
        "2013-02": {
            "month": "2013-02",
            "price": "4.50",
            "revenue": 115834
        },
        "2013-03": {
            "month": "2013-03",
            "price": "4.41",
            "revenue": 145542
        },
        "2013-04": {
            "month": "2013-04",
            "price": "5.20",
            "revenue": 187902
        },
        "2013-05": {
            "month": "2013-05",
            "price": "5.49",
            "revenue": 158153
        },
        "2013-06": {
            "month": "2013-06",
            "price": "5.65",
            "revenue": 137613
        },
        "2013-07": {
            "month": "2013-07",
            "price": "5.19",
            "revenue": 225997
        },
        "2013-08": {
            "month": "2013-08",
            "price": "5.24",
            "revenue": 159910
        },
        "2013-09": {
            "month": "2013-09",
            "price": "5.46",
            "revenue": 155703
        },
        "2013-10": {
            "month": "2013-10",
            "price": "5.33",
            "revenue": 231486
        },
        "2013-11": {
            "month": "2013-11",
            "price": "5.20",
            "revenue": 192343
        },
        "2013-12": {
            "month": "2013-12",
            "price": "7.14",
            "revenue": 134545
        },
        "2014-01": {
            "month": "2014-01",
            "price": "10.36",
            "revenue": 202191
        },
        "2014-02": {
            "month": "2014-02",
            "price": "11.07",
            "revenue": 144351
        },
        "2014-03": {
            "month": "2014-03",
            "price": "14.17",
            "revenue": 192585
        },
        "2014-04": {
            "month": "2014-04",
            "price": "13.83",
            "revenue": 193669
        },
        "2014-05": {
            "month": "2014-05",
            "price": "12.52",
            "revenue": 132745
        },
        "2014-06": {
            "month": "2014-06",
            "price": "12.43",
            "revenue": 165341
        },
        "2014-07": {
            "month": "2014-07",
            "price": "11.28",
            "revenue": 211733
        },
        "2014-08": {
            "month": "2014-08",
            "price": "10.77",
            "revenue": 158744
        },
        "2014-09": {
            "month": "2014-09",
            "price": "10.36",
            "revenue": 171724
        },
        "2014-10": {
            "month": "2014-10",
            "price": "13.27",
            "revenue": 190090
        },
        "2014-11": {
            "month": "2014-11",
            "price": "11.78",
            "revenue": 169481
        },
        "2014-12": {
            "month": "2014-12",
            "price": "11.60",
            "revenue": 196824
        },
        "2015-01": {
            "month": "2015-01",
            "price": "11.84",
            "revenue": 222896
        },
        "2015-02": {
            "month": "2015-02",
            "price": "11.68",
            "revenue": 104000
        },
        "2015-03": {
            "month": "2015-03",
            "price": "11.15",
            "revenue": 214194
        },
        "2015-04": {
            "month": "2015-04",
            "price": "10.98",
            "revenue": 221367
        },
        "2015-05": {
            "month": "2015-05",
            "price": "11.70",
            "revenue": 151876
        },
        "2015-06": {
            "month": "2015-06",
            "price": "12.31",
            "revenue": 214934
        },
        "2015-07": {
            "month": "2015-07",
            "price": "11.94",
            "revenue": 199183
        },
        "2015-08": {
            "month": "2015-08",
            "price": "9.71",
            "revenue": 182000
        },
        "2015-09": {
            "month": "2015-09",
            "price": "8.77",
            "revenue": 199238
        },
        "2015-10": {
            "month": "2015-10",
            "price": "9.20",
            "revenue": 257144
        },
        "2015-11": {
            "month": "2015-11",
            "price": "9.85",
            "revenue": 230747
        },
        "2015-12": {
            "month": "2015-12",
            "price": "9.78",
            "revenue": 279323
        },
        "2016-01": {
            "month": "2016-01",
            "price": "10.79",
            "revenue": 247491
        },
        "2016-02": {
            "month": "2016-02",
            "price": "10.70",
            "revenue": 148834
        },
        "2016-03": {
            "month": "2016-03",
            "price": "10.34",
            "revenue": 224696
        },
        "2016-04": {
            "month": "2016-04",
            "price": "9.79",
            "revenue": 252216
        },
        "2016-05": {
            "month": "2016-05",
            "price": "8.36",
            "revenue": 253648
        },
        "2016-06": {
            "month": "2016-06",
            "price": "9.41",
            "revenue": 211054
        },
        "2016-07": {
            "month": "2016-07",
            "price": "9.05",
            "revenue": 213779
        },
        "2016-08": {
            "month": "2016-08",
            "price": "8.51",
            "revenue": 251527
        },
        "2016-09": {
            "month": "2016-09",
            "price": "8.12",
            "revenue": 230116
        },
        "2016-10": {
            "month": "2016-10",
            "price": "8.51",
            "revenue": 243094
        },
        "2016-11": {
            "month": "2016-11",
            "price": "8.37",
            "revenue": 287216
        },
        "2016-12": {
            "month": "2016-12",
            "price": "8.02",
            "revenue": 201687
        },
        "2017-01": {
            "month": "2017-01",
            "price": "7.86",
            "revenue": 186566
        },
        "2017-02": {
            "month": "2017-02",
            "price": "7.97",
            "revenue": 231795
        },
        "2017-03": {
            "month": "2017-03",
            "price": "7.85",
            "revenue": 233825
        },
        "2017-04": {
            "month": "2017-04",
            "price": "5.60",
            "revenue": 184701
        },
        "2017-05": {
            "month": "2017-05",
            "price": "6.03",
            "revenue": 278776
        },
        "2017-06": {
            "month": "2017-06",
            "price": "6.82",
            "revenue": 251154
        },
        "2017-07": {
            "month": "2017-07",
            "price": "6.11",
            "revenue": 241201
        },
        "2017-08": {
            "month": "2017-08",
            "price": "6.76",
            "revenue": 280011
        },
        "2017-09": {
            "month": "2017-09",
            "price": "7.46",
            "revenue": 264004
        },
        "2017-10": {
            "month": "2017-10",
            "price": "15.45",
            "revenue": 253404
        },
        "2017-11": {
            "month": "2017-11",
            "price": "19.60",
            "revenue": 258189
        },
        "2017-12": {
            "month": "2017-12",
            "price": "20.31",
            "revenue": 279726
        },
        "2018-01": {
            "month": "2018-01",
            "price": "22.01",
            "revenue": 294675
        },
        "2018-02": {
            "month": "2018-02",
            "price": "23.19",
            "revenue": 140535
        },
        "2018-03": {
            "month": "2018-03",
            "price": "26.47",
            "revenue": 239140
        },
        "2018-04": {
            "month": "2018-04",
            "price": "24.30",
            "revenue": 302013
        },
        "2018-05": {
            "month": "2018-05",
            "price": "22.82",
            "revenue": 291398
        },
        "2018-06": {
            "month": "2018-06",
            "price": "20.69",
            "revenue": 334657
        },
        "2018-07": {
            "month": "2018-07",
            "price": "19.39",
            "revenue": 339975
        },
        "2018-08": {
            "month": "2018-08",
            "price": "16.87",
            "revenue": 254938
        },
        "2018-09": {
            "month": "2018-09",
            "price": "14.21",
            "revenue": 206381
        },
        "2018-10": {
            "month": "2018-10",
            "price": "11.68",
            "revenue": 255541
        },
        "2018-11": {
            "month": "2018-11",
            "price": "10.61",
            "revenue": 237033
        },
        "2018-12": {
            "month": "2018-12",
            "price": "11.10",
            "revenue": 432875
        },
        "2019-01": {
            "month": "2019-01",
            "price": "10.85",
            "revenue": 250378
        },
        "2019-02": {
            "month": "2019-02",
            "price": "10.94",
            "revenue": 298990
        },
        "2019-03": {
            "month": "2019-03",
            "price": "11.12",
            "revenue": 271181
        },
        "2019-04": {
            "month": "2019-04",
            "price": "12.02",
            "revenue": 278620
        },
        "2019-05": {
            "month": "2019-05",
            "price": "11.98",
            "revenue": 239661
        },
        "2019-06": {
            "month": "2019-06",
            "price": "12.83",
            "revenue": 346461
        },
        "2019-07": {
            "month": "2019-07",
            "price": "13.31",
            "revenue": 323866
        },
        "2019-08": {
            "month": "2019-08",
            "price": "11.90",
            "revenue": 321075
        },
        "2019-09": {
            "month": "2019-09",
            "price": "11.37",
            "revenue": 293943
        },
        "2019-10": {
            "month": "2019-10",
            "price": "11.21",
            "revenue": 298302
        },
        "2019-11": {
            "month": "2019-11",
            "price": "11.13",
            "revenue": 346886
        },
        "2019-12": {
            "month": "2019-12",
            "price": "11.11",
            "revenue": 373977
        },
        "2020-01": {
            "month": "2020-01",
            "price": "10.91",
            "revenue": 218958
        },
        "2020-02": {
            "month": "2020-02",
            "price": "10.20",
            "revenue": 262568
        },
        "2020-03": {
            "month": "2020-03",
            "price": "7.54",
            "revenue": 293685
        },
        "2020-04": {
            "month": "2020-04",
            "price": "7.73",
            "revenue": 429844
        },
        "2020-05": {
            "month": "2020-05",
            "price": "9.34",
            "revenue": 337208
        },
        "2020-06": {
            "month": "2020-06",
            "price": "9.57",
            "revenue": 300280
        },
        "2020-07": {
            "month": "2020-07",
            "price": "10.53",
            "revenue": 415684
        },
        "2020-08": {
            "month": "2020-08",
            "price": "12.63",
            "revenue": 343624
        },
        "2020-09": {
            "month": "2020-09",
            "price": "14.06",
            "revenue": 416541
        },
        "2020-10": {
            "month": "2020-10",
            "price": "15.17",
            "revenue": 428451
        },
        "2020-11": {
            "month": "2020-11",
            "price": "18.32",
            "revenue": 427792
        },
        "2020-12": {
            "month": "2020-12",
            "price": "20.52",
            "revenue": 673631
        },
        "2021-01": {
            "month": "2021-01",
            "price": "19.38",
            "revenue": 599492
        },
        "2021-02": {
            "month": "2021-02",
            "price": "20.67",
            "revenue": 351677
        },
        "2021-03": {
            "month": "2021-03",
            "price": "33.90",
            "revenue": 688187
        },
        "2021-04": {
            "month": "2021-04",
            "price": "51.05",
            "revenue": 1025636
        },
        "2021-05": {
            "month": "2021-05",
            "price": "46.30",
            "revenue": 1157568
        },
        "2021-06": {
            "month": "2021-06",
            "price": "77.90",
            "revenue": 673950
        },
        "2021-07": {
            "month": "2021-07",
            "price": "68.05",
            "revenue": 733430
        },
        "2021-08": {
            "month": "2021-08",
            "price": "63.92",
            "revenue": 734338
        },
        "2021-09": {
            "month": "2021-09",
            "price": "62.76",
            "revenue": 758118
        },
        "2021-10": {
            "month": "2021-10",
            "price": "62.01",
            "revenue": 659091
        },
        "2021-11": {
            "month": "2021-11",
            "price": "71.65",
            "revenue": 723190
        },
        "2021-12": {
            "month": "2021-12",
            "price": "76.44",
            "revenue": 718379
        },
        "2022-01": {
            "month": "2022-01",
            "price": "72.74",
            "revenue": 707236
        },
        "2022-02": {
            "month": "2022-02",
            "price": "70.68",
            "revenue": 400614
        },
        "2022-03": {
            "month": "2022-03",
            "price": "67.71",
            "revenue": 403543
        },
        "2022-04": {
            "month": "2022-04",
            "price": "59.11",
            "revenue": 319960
        },
        "2022-05": {
            "month": "2022-05",
            "price": "48.02",
            "revenue": 393215
        },
        "2022-06": {
            "month": "2022-06",
            "price": "40.97",
            "revenue": 386895
        },
        "2022-07": {
            "month": "2022-07",
            "price": "34.54",
            "revenue": 344049
        },
        "2022-08": {
            "month": "2022-08",
            "price": "35.86",
            "revenue": 291995
        },
        "2022-09": {
            "month": "2022-09",
            "price": "29.38",
            "revenue": 978975
        },
        "2022-10": {
            "month": "2022-10",
            "price": "29.07",
            "revenue": 232585
        },
        "2022-11": {
            "month": "2022-11",
            "price": "37.00",
            "revenue": 352846
        },
        "2022-12": {
            "month": "2022-12",
            "price": "38.54",
            "revenue": 498619
        },
        "2023-01": {
            "month": "2023-01",
            "price": "41.05",
            "revenue": 198399
        },
        "2023-02": {
            "month": "2023-02",
            "price": "41.69",
            "revenue": 209881
        },
        "2023-03": {
            "month": "2023-03",
            "price": "40.25",
            "revenue": 365818
        },
        "2023-04": {
            "month": "2023-04",
            "price": "38.28",
            "revenue": 277853
        }
    }
}
