{
    "summary": {
        "stock_name": "冠西電",
        "stock_id": "2466",
        "category": "光電",
        "main_business": "光電繼電器、光耦合器、磁簧繼電器、磁簧感應器、固態繼電器<br>、精密電容器等電子零組件製造買賣。發電、輸電、配電機械工程。<br>前各項有關進出口貿易業務。",
        "website_url": "http://www.cosmo-ic.com",
        "ceo": "趙嘉吉",
        "pe_ratio": 83,
        "report_year_from": 2001,
        "report_year_to": 2023,
        "age": 22,
        "eps_negative_percentage": 64,
        "eps_growth_avg": {
            "last_all": 7.45,
            "last_2y": 38.32,
            "last_4y": 62.99,
            "last_8y": 62.99,
            "last_12y": 26.51,
            "last_16y": 20.01,
            "last_20y": 7.45,
            "at_2006_last_3y": -25.57,
            "at_2007_last_3y": 34.63,
            "at_2008_last_3y": 0.97,
            "at_2009_last_3y": 4.87,
            "at_2010_last_3y": -16.27,
            "at_2011_last_3y": -76.47,
            "at_2012_last_3y": -64.71,
            "at_2013_last_3y": -64.71,
            "at_2014_last_3y": -100,
            "at_2015_last_3y": null,
            "at_2016_last_3y": null,
            "at_2017_last_3y": null,
            "at_2018_last_3y": 100,
            "at_2019_last_3y": 100,
            "at_2020_last_3y": 41.18,
            "at_2021_last_3y": 55.88,
            "at_2022_last_3y": 53.74,
            "at_2023_last_3y": 53.74,
            "at_2006_last_all": -25.57,
            "at_2007_last_all": 0.97,
            "at_2008_last_all": -19.22,
            "at_2009_last_all": -19.22,
            "at_2010_last_all": -20.92,
            "at_2011_last_all": -32.22,
            "at_2012_last_all": -32.22,
            "at_2013_last_all": -32.22,
            "at_2014_last_all": -32.22,
            "at_2015_last_all": -32.22,
            "at_2016_last_all": -32.22,
            "at_2017_last_all": -32.22,
            "at_2018_last_all": -15.69,
            "at_2019_last_all": -2.84,
            "at_2020_last_all": -10.2,
            "at_2021_last_all": -0.18,
            "at_2022_last_all": 7.45,
            "at_2023_last_all": 7.45
        },
        "latest_eps": 0.43,
        "latest_price": 35.65,
        "latest_roe": 3.97,
        "latest_gross_margin": 28.96,
        "latest_equity": 1897636,
        "latest_revenue": 164747,
        "latest_gross_profit": 47713,
        "latest_net_income": -26040,
        "latest_debt_ratio": 57,
        "latest_current_ratio": 189.88,
        "latest_account_receivable_turnover_ratio": 0.68,
        "latest_inventory_turnover_ratio": 0.17,
        "latest_reinvestment_rate": -110.63,
        "latest_research_to_sale_ratio": 0.46
    },
    "eps_dividends": {
        "2000": {
            "cash": 2,
            "stock": 2,
            "eps": 0
        },
        "2001": {
            "cash": 2,
            "stock": 2,
            "eps": -2.6
        },
        "2002": {
            "cash": 0,
            "stock": 0,
            "eps": 0.09
        },
        "2003": {
            "cash": 0,
            "stock": 0,
            "eps": -0.3
        },
        "2004": {
            "cash": 0,
            "stock": 0,
            "eps": 0.56
        },
        "2005": {
            "cash": 0,
            "stock": 0,
            "eps": 0.5
        },
        "2006": {
            "cash": 0,
            "stock": 0,
            "eps": 0.67
        },
        "2007": {
            "cash": 0,
            "stock": 0,
            "eps": 1.21
        },
        "2008": {
            "cash": 0,
            "stock": 1,
            "eps": -0.22
        },
        "2009": {
            "cash": 0,
            "stock": 0,
            "eps": 0.51
        },
        "2010": {
            "cash": 0,
            "stock": 0,
            "eps": 0.36
        },
        "2011": {
            "cash": 0,
            "stock": 0,
            "eps": -0.66
        },
        "2012": {
            "cash": 0,
            "stock": 0,
            "eps": -1.3
        },
        "2013": {
            "cash": 0,
            "stock": 0,
            "eps": -0.16
        },
        "2014": {
            "cash": 0,
            "stock": 0,
            "eps": -0.86
        },
        "2015": {
            "cash": 0,
            "stock": 0,
            "eps": -0.53
        },
        "2016": {
            "cash": 0,
            "stock": 0,
            "eps": -0.04
        },
        "2017": {
            "cash": 0,
            "stock": 0,
            "eps": 0.01
        },
        "2018": {
            "cash": 0,
            "stock": 0,
            "eps": 0.02
        },
        "2019": {
            "cash": 0,
            "stock": 0,
            "eps": 0.17
        },
        "2020": {
            "cash": 0,
            "stock": 0,
            "eps": 0.04
        },
        "2021": {
            "cash": 0,
            "stock": 0,
            "eps": 0.35
        },
        "2022": {
            "cash": 0,
            "stock": 0,
            "eps": 0.67
        },
        "2023": {
            "cash": 0,
            "stock": 0,
            "eps": -0.15
        }
    },
    "dividends": {
        "2000-04-06": {
            "cash": 2.18,
            "stock": 2.18
        },
        "2001-06-15": {
            "cash": 1.9,
            "stock": 1.9
        },
        "2005-03-30": {
            "cash": 0.3,
            "stock": 0
        },
        "2006-04-28": {
            "cash": 0.4,
            "stock": 0
        },
        "2007-03-30": {
            "cash": 0.35,
            "stock": 0
        },
        "2008-03-25": {
            "cash": 0.4,
            "stock": 1
        },
        "2010-03-31": {
            "cash": 0,
            "stock": 0.3
        },
        "2021-03-31": {
            "cash": 0,
            "stock": 0.3
        },
        "2022-03-30": {
            "cash": 0,
            "stock": 0.4
        },
        "2023-03-21": {
            "cash": 0.19,
            "stock": 0.2
        }
    },
    "prices": {
        "200101": "無",
        "200102": "無",
        "200103": "無",
        "200104": "無",
        "200105": "無",
        "200106": "無",
        "200107": "無",
        "200108": "無",
        "200109": "12.51",
        "200110": "13.07",
        "200111": "16.61",
        "200112": "19.65",
        "200201": "20.20",
        "200202": "19.94",
        "200203": "23.81",
        "200204": "25.92",
        "200205": "18.83",
        "200206": "16.55",
        "200207": "14.57",
        "200208": "14.06",
        "200209": "12.69",
        "200210": "12.76",
        "200211": "12.59",
        "200212": "10.81",
        "200301": "10.42",
        "200302": "10.01",
        "200303": "9.54",
        "200304": "9.17",
        "200305": "7.59",
        "200306": "9.74",
        "200307": "10.57",
        "200308": "9.11",
        "200309": "8.35",
        "200310": "8.42",
        "200311": "8.58",
        "200312": "8.53",
        "200401": "8.96",
        "200402": "11.08",
        "200403": "11.82",
        "200404": "11.92",
        "200405": "10.15",
        "200406": "9.65",
        "200407": "8.46",
        "200408": "8.39",
        "200409": "9.53",
        "200410": "9.58",
        "200411": "8.76",
        "200412": "8.06",
        "200501": "7.49",
        "200502": "8.36",
        "200503": "9.13",
        "200504": "8.38",
        "200505": "7.37",
        "200506": "8.34",
        "200507": "9.24",
        "200508": "9.10",
        "200509": "8.67",
        "200510": "8.12",
        "200511": "8.07",
        "200512": "10.65",
        "200601": "18.17",
        "200602": "22.23",
        "200603": "24.52",
        "200604": "23.26",
        "200605": "22.31",
        "200606": "22.00",
        "200607": "22.60",
        "200608": "23.48",
        "200609": "22.02",
        "200610": "26.57",
        "200611": "30.12",
        "200612": "31.20",
        "200701": "36.15",
        "200702": "41.23",
        "200703": "42.97",
        "200704": "42.80",
        "200705": "40.12",
        "200706": "41.86",
        "200707": "42.32",
        "200708": "41.01",
        "200709": "41.79",
        "200710": "41.76",
        "200711": "40.04",
        "200712": "40.43",
        "200801": "39.91",
        "200802": "38.89",
        "200803": "40.84",
        "200804": "41.84",
        "200805": "38.74",
        "200806": "37.85",
        "200807": "36.78",
        "200808": "34.23",
        "200809": "34.87",
        "200810": "32.83",
        "200811": "29.97",
        "200812": "28.60",
        "200901": "27.22",
        "200902": "28.08",
        "200903": "29.83",
        "200904": "30.39",
        "200905": "30.31",
        "200906": "30.14",
        "200907": "29.98",
        "200908": "28.51",
        "200909": "28.49",
        "200910": "31.29",
        "200911": "30.54",
        "200912": "31.19",
        "201001": "34.63",
        "201002": "32.01",
        "201003": "32.00",
        "201004": "31.95",
        "201005": "29.68",
        "201006": "30.22",
        "201007": "30.56",
        "201008": "33.29",
        "201009": "32.10",
        "201010": "31.09",
        "201011": "29.75",
        "201012": "29.32",
        "201101": "29.33",
        "201102": "29.32",
        "201103": "29.19",
        "201104": "29.15",
        "201105": "28.69",
        "201106": "28.96",
        "201107": "28.81",
        "201108": "27.87",
        "201109": "27.01",
        "201110": "26.80",
        "201111": "27.39",
        "201112": "26.37",
        "201201": "25.94",
        "201202": "25.49",
        "201203": "25.16",
        "201204": "24.85",
        "201205": "24.55",
        "201206": "24.15",
        "201207": "24.05",
        "201208": "24.99",
        "201209": "25.19",
        "201210": "24.95",
        "201211": "24.77",
        "201212": "24.76",
        "201301": "26.33",
        "201302": "28.15",
        "201303": "29.13",
        "201304": "30.15",
        "201305": "31.35",
        "201306": "29.87",
        "201307": "30.90",
        "201308": "30.91",
        "201309": "30.85",
        "201310": "31.32",
        "201311": "33.25",
        "201312": "37.11",
        "201401": "36.90",
        "201402": "36.73",
        "201403": "37.43",
        "201404": "36.57",
        "201405": "36.98",
        "201406": "38.20",
        "201407": "37.84",
        "201408": "36.37",
        "201409": "36.91",
        "201410": "35.74",
        "201411": "33.67",
        "201412": "31.67",
        "201501": "33.02",
        "201502": "34.35",
        "201503": "33.92",
        "201504": "33.33",
        "201505": "32.38",
        "201506": "31.03",
        "201507": "30.87",
        "201508": "30.54",
        "201509": "31.19",
        "201510": "32.89",
        "201511": "32.03",
        "201512": "29.82",
        "201601": "31.69",
        "201602": "33.80",
        "201603": "34.09",
        "201604": "33.07",
        "201605": "32.96",
        "201606": "33.47",
        "201607": "33.74",
        "201608": "34.28",
        "201609": "34.59",
        "201610": "34.08",
        "201611": "33.81",
        "201612": "34.98",
        "201701": "35.60",
        "201702": "35.76",
        "201703": "34.93",
        "201704": "36.56",
        "201705": "38.38",
        "201706": "39.21",
        "201707": "39.91",
        "201708": "38.81",
        "201709": "38.11",
        "201710": "38.08",
        "201711": "36.10",
        "201712": "35.00",
        "201801": "35.09",
        "201802": "36.61",
        "201803": "39.07",
        "201804": "39.18",
        "201805": "34.60",
        "201806": "33.11",
        "201807": "31.27",
        "201808": "31.03",
        "201809": "31.19",
        "201810": "30.31",
        "201811": "30.03",
        "201812": "31.68",
        "201901": "32.75",
        "201902": "32.79",
        "201903": "34.12",
        "201904": "32.10",
        "201905": "32.92",
        "201906": "33.06",
        "201907": "35.32",
        "201908": "32.30",
        "201909": "33.40",
        "201910": "32.76",
        "201911": "32.92",
        "201912": "33.48",
        "202001": "34.84",
        "202002": "34.71",
        "202003": "32.83",
        "202004": "31.24",
        "202005": "29.98",
        "202006": "28.76",
        "202007": "28.65",
        "202008": "29.01",
        "202009": "29.88",
        "202010": "29.93",
        "202011": "30.45",
        "202012": "31.45",
        "202101": "32.74",
        "202102": "33.41",
        "202103": "33.88",
        "202104": "34.30",
        "202105": "32.28",
        "202106": "33.96",
        "202107": "40.16",
        "202108": "43.86",
        "202109": "43.76",
        "202110": "37.05",
        "202111": "37.24",
        "202112": "35.93",
        "202201": "35.32",
        "202202": "34.44",
        "202203": "33.82",
        "202204": "33.43",
        "202205": "32.73",
        "202206": "34.82",
        "202207": "34.63",
        "202208": "33.56",
        "202209": "32.27",
        "202210": "32.26",
        "202211": "34.68",
        "202212": "33.78",
        "202301": "33.47",
        "202302": "34.79",
        "202303": "34.28",
        "202304": "34.90",
        "202305": "35.13"
    },
    "quarters": {
        "20011": {
            "year_quarter": 20011,
            "year": 2001,
            "quarter": 1,
            "eps": -0.23,
            "eps_growth_year": -129.11,
            "eps_4q": 1.62,
            "eps_4q_growth_year": -29.57,
            "roe": -1.6,
            "gross_profit": 21861,
            "gross_margin": 17.88,
            "net_income": -9744,
            "revenue": 122253,
            "common_shares": 444423,
            "equity": 696452,
            "current_ratio": 127.82,
            "debt_ratio": 45.75,
            "inventory_turnover_ratio": 0.27,
            "account_receivable_turnover_ratio": null,
            "reinvestment_rate": null,
            "research_to_sale_ratio": null,
            "price_fair": 0,
            "eps_avg_yearly": 0,
            "eps_latest_yearly": 0,
            "eps_growth_yearly": 0
        },
        "20012": {
            "year_quarter": 20012,
            "year": 2001,
            "quarter": 2,
            "eps": 0.24,
            "eps_growth_year": -48.94,
            "eps_4q": 1.43,
            "eps_4q_growth_year": -31.08,
            "roe": 1.49,
            "gross_profit": 34450,
            "gross_margin": 21.98,
            "net_income": 10422,
            "revenue": 156698,
            "common_shares": 444423,
            "equity": 705086,
            "current_ratio": 132.72,
            "debt_ratio": 43.5,
            "inventory_turnover_ratio": 0.31,
            "account_receivable_turnover_ratio": null,
            "reinvestment_rate": null,
            "research_to_sale_ratio": null,
            "price_fair": 0,
            "eps_avg_yearly": 0,
            "eps_latest_yearly": 0,
            "eps_growth_yearly": 0
        },
        "20013": {
            "year_quarter": 20013,
            "year": 2001,
            "quarter": 3,
            "eps": 0.1,
            "eps_growth_year": -80,
            "eps_4q": 1.04,
            "eps_4q_growth_year": -53.06,
            "roe": 0.65,
            "gross_profit": 32539,
            "gross_margin": 19.56,
            "net_income": 4611,
            "revenue": 166375,
            "common_shares": 444423,
            "equity": 709697,
            "current_ratio": 128.86,
            "debt_ratio": 45.76,
            "inventory_turnover_ratio": 0.31,
            "account_receivable_turnover_ratio": null,
            "reinvestment_rate": null,
            "research_to_sale_ratio": null,
            "price_fair": 0,
            "eps_avg_yearly": 0,
            "eps_latest_yearly": 0,
            "eps_growth_yearly": 0
        },
        "20014": {
            "year_quarter": 20014,
            "year": 2001,
            "quarter": 4,
            "eps": -2.71,
            "eps_growth_year": -333.62,
            "eps_4q": -2.61,
            "eps_4q_growth_year": -196.86,
            "roe": -22.67,
            "gross_profit": 41337,
            "gross_margin": 23.65,
            "net_income": -144534,
            "revenue": 174778,
            "common_shares": 537802,
            "equity": 565163,
            "current_ratio": 106.95,
            "debt_ratio": 50.11,
            "inventory_turnover_ratio": 0.37,
            "account_receivable_turnover_ratio": null,
            "reinvestment_rate": null,
            "research_to_sale_ratio": null,
            "price_fair": 0,
            "eps_avg_yearly": 0,
            "eps_latest_yearly": 0,
            "eps_growth_yearly": 0
        },
        "20021": {
            "year_quarter": 20021,
            "year": 2002,
            "quarter": 1,
            "eps": 0.05,
            "eps_growth_year": null,
            "eps_4q": -2.24,
            "eps_4q_growth_year": -237.66,
            "roe": 0.5,
            "gross_profit": 27728,
            "gross_margin": 17.45,
            "net_income": 2832,
            "revenue": 158871,
            "common_shares": 537802,
            "equity": 567995,
            "current_ratio": 109.29,
            "debt_ratio": 50.57,
            "inventory_turnover_ratio": 0.45,
            "account_receivable_turnover_ratio": null,
            "reinvestment_rate": null,
            "research_to_sale_ratio": null,
            "price_fair": 0,
            "eps_avg_yearly": 0,
            "eps_latest_yearly": 0,
            "eps_growth_yearly": 0
        },
        "20022": {
            "year_quarter": 20022,
            "year": 2002,
            "quarter": 2,
            "eps": -0.05,
            "eps_growth_year": -120.83,
            "eps_4q": -2.6,
            "eps_4q_growth_year": -282.11,
            "roe": -0.46,
            "gross_profit": 29221,
            "gross_margin": 16.99,
            "net_income": -2580,
            "revenue": 172035,
            "common_shares": 537802,
            "equity": 565415,
            "current_ratio": 223.28,
            "debt_ratio": 48.85,
            "inventory_turnover_ratio": 0.46,
            "account_receivable_turnover_ratio": null,
            "reinvestment_rate": null,
            "research_to_sale_ratio": null,
            "price_fair": 0,
            "eps_avg_yearly": 0,
            "eps_latest_yearly": 0,
            "eps_growth_yearly": 0
        },
        "20023": {
            "year_quarter": 20023,
            "year": 2002,
            "quarter": 3,
            "eps": 0.57,
            "eps_growth_year": 470,
            "eps_4q": -2.13,
            "eps_4q_growth_year": -304.05,
            "roe": 5.24,
            "gross_profit": 20793,
            "gross_margin": 11.3,
            "net_income": 30448,
            "revenue": 184048,
            "common_shares": 537802,
            "equity": 595863,
            "current_ratio": 319.55,
            "debt_ratio": 52.2,
            "inventory_turnover_ratio": 0.54,
            "account_receivable_turnover_ratio": null,
            "reinvestment_rate": null,
            "research_to_sale_ratio": null,
            "price_fair": 0,
            "eps_avg_yearly": 0,
            "eps_latest_yearly": 0,
            "eps_growth_yearly": 0
        },
        "20024": {
            "year_quarter": 20024,
            "year": 2002,
            "quarter": 4,
            "eps": -0.48,
            "eps_growth_year": null,
            "eps_4q": 0.06,
            "eps_4q_growth_year": null,
            "roe": -3.92,
            "gross_profit": 23286,
            "gross_margin": 15.2,
            "net_income": -27369,
            "revenue": 153181,
            "common_shares": 730369,
            "equity": 799881,
            "current_ratio": 437.16,
            "debt_ratio": 42.76,
            "inventory_turnover_ratio": 0.42,
            "account_receivable_turnover_ratio": null,
            "reinvestment_rate": 3899.54,
            "research_to_sale_ratio": null,
            "price_fair": 0,
            "eps_avg_yearly": 0,
            "eps_latest_yearly": 0,
            "eps_growth_yearly": 0
        },
        "20031": {
            "year_quarter": 20031,
            "year": 2003,
            "quarter": 1,
            "eps": -0.08,
            "eps_growth_year": -260,
            "eps_4q": -0.07,
            "eps_4q_growth_year": null,
            "roe": -0.74,
            "gross_profit": 13712,
            "gross_margin": 10,
            "net_income": -5897,
            "revenue": 137186,
            "common_shares": 733278,
            "equity": 795121,
            "current_ratio": 352.96,
            "debt_ratio": 41.83,
            "inventory_turnover_ratio": 0.39,
            "account_receivable_turnover_ratio": null,
            "reinvestment_rate": null,
            "research_to_sale_ratio": null,
            "price_fair": 0,
            "eps_avg_yearly": 0,
            "eps_latest_yearly": 0,
            "eps_growth_yearly": 0
        },
        "20032": {
            "year_quarter": 20032,
            "year": 2003,
            "quarter": 2,
            "eps": -0.05,
            "eps_growth_year": null,
            "eps_4q": -0.09,
            "eps_4q_growth_year": null,
            "roe": -0.46,
            "gross_profit": 16679,
            "gross_margin": 11.48,
            "net_income": -3651,
            "revenue": 145271,
            "common_shares": 734369,
            "equity": 792672,
            "current_ratio": 199.1,
            "debt_ratio": 43.14,
            "inventory_turnover_ratio": 0.41,
            "account_receivable_turnover_ratio": null,
            "reinvestment_rate": null,
            "research_to_sale_ratio": null,
            "price_fair": 0,
            "eps_avg_yearly": 0,
            "eps_latest_yearly": 0,
            "eps_growth_yearly": 0
        },
        "20033": {
            "year_quarter": 20033,
            "year": 2003,
            "quarter": 3,
            "eps": -0.11,
            "eps_growth_year": -119.3,
            "eps_4q": -0.61,
            "eps_4q_growth_year": null,
            "roe": -1.06,
            "gross_profit": 18856,
            "gross_margin": 12.79,
            "net_income": -8372,
            "revenue": 147459,
            "common_shares": 740368,
            "equity": 790864,
            "current_ratio": 414.25,
            "debt_ratio": 27.63,
            "inventory_turnover_ratio": 0.4,
            "account_receivable_turnover_ratio": null,
            "reinvestment_rate": null,
            "research_to_sale_ratio": null,
            "price_fair": 0,
            "eps_avg_yearly": 0,
            "eps_latest_yearly": 0,
            "eps_growth_yearly": 0
        },
        "20034": {
            "year_quarter": 20034,
            "year": 2003,
            "quarter": 4,
            "eps": -0.06,
            "eps_growth_year": null,
            "eps_4q": -0.31,
            "eps_4q_growth_year": -616.67,
            "roe": -0.59,
            "gross_profit": 15946,
            "gross_margin": 10.16,
            "net_income": -4617,
            "revenue": 157022,
            "common_shares": 740369,
            "equity": 786253,
            "current_ratio": 175.25,
            "debt_ratio": 31.49,
            "inventory_turnover_ratio": 0.43,
            "account_receivable_turnover_ratio": null,
            "reinvestment_rate": null,
            "research_to_sale_ratio": null,
            "price_fair": 0,
            "eps_avg_yearly": 0,
            "eps_latest_yearly": 0,
            "eps_growth_yearly": 0
        },
        "20041": {
            "year_quarter": 20041,
            "year": 2004,
            "quarter": 1,
            "eps": 0.04,
            "eps_growth_year": null,
            "eps_4q": -0.19,
            "eps_4q_growth_year": null,
            "roe": 0.36,
            "gross_profit": 25188,
            "gross_margin": 13.13,
            "net_income": 2923,
            "revenue": 191903,
            "common_shares": 773551,
            "equity": 825608,
            "current_ratio": 198.13,
            "debt_ratio": 27.05,
            "inventory_turnover_ratio": 0.49,
            "account_receivable_turnover_ratio": null,
            "reinvestment_rate": null,
            "research_to_sale_ratio": null,
            "price_fair": 0,
            "eps_avg_yearly": 0,
            "eps_latest_yearly": 0,
            "eps_growth_yearly": 0
        },
        "20042": {
            "year_quarter": 20042,
            "year": 2004,
            "quarter": 2,
            "eps": 0.33,
            "eps_growth_year": null,
            "eps_4q": 0.2,
            "eps_4q_growth_year": null,
            "roe": 2.98,
            "gross_profit": 46265,
            "gross_margin": 20.91,
            "net_income": 25045,
            "revenue": 221308,
            "common_shares": 778096,
            "equity": 855622,
            "current_ratio": 196.72,
            "debt_ratio": 34.12,
            "inventory_turnover_ratio": 0.49,
            "account_receivable_turnover_ratio": null,
            "reinvestment_rate": null,
            "research_to_sale_ratio": null,
            "price_fair": 46.2,
            "eps_avg_yearly": 1.32,
            "eps_latest_yearly": 1.32,
            "eps_growth_yearly": 2900
        },
        "20043": {
            "year_quarter": 20043,
            "year": 2004,
            "quarter": 3,
            "eps": 0.17,
            "eps_growth_year": null,
            "eps_4q": 0.48,
            "eps_4q_growth_year": null,
            "roe": 1.45,
            "gross_profit": 49009,
            "gross_margin": 20.04,
            "net_income": 12968,
            "revenue": 244551,
            "common_shares": 896229,
            "equity": 938104,
            "current_ratio": 268.33,
            "debt_ratio": 24.19,
            "inventory_turnover_ratio": 0.51,
            "account_receivable_turnover_ratio": null,
            "reinvestment_rate": null,
            "research_to_sale_ratio": null,
            "price_fair": 35,
            "eps_avg_yearly": 1,
            "eps_latest_yearly": 0.68,
            "eps_growth_yearly": 1353.03
        },
        "20044": {
            "year_quarter": 20044,
            "year": 2004,
            "quarter": 4,
            "eps": 0.02,
            "eps_growth_year": null,
            "eps_4q": 0.57,
            "eps_4q_growth_year": null,
            "roe": 0.16,
            "gross_profit": 33306,
            "gross_margin": 15.52,
            "net_income": 1477,
            "revenue": 214580,
            "common_shares": 896229,
            "equity": 938621,
            "current_ratio": 287.52,
            "debt_ratio": 24.03,
            "inventory_turnover_ratio": 0.46,
            "account_receivable_turnover_ratio": null,
            "reinvestment_rate": null,
            "research_to_sale_ratio": null,
            "price_fair": 24.27,
            "eps_avg_yearly": 0.69,
            "eps_latest_yearly": 0.08,
            "eps_growth_yearly": 784.37
        },
        "20051": {
            "year_quarter": 20051,
            "year": 2005,
            "quarter": 1,
            "eps": -0.03,
            "eps_growth_year": -175,
            "eps_4q": 0.37,
            "eps_4q_growth_year": null,
            "roe": -0.32,
            "gross_profit": 23480,
            "gross_margin": 12.61,
            "net_income": -2970,
            "revenue": 186241,
            "common_shares": 896229,
            "equity": 935548,
            "current_ratio": 341.1,
            "debt_ratio": 20.84,
            "inventory_turnover_ratio": 0.43,
            "account_receivable_turnover_ratio": null,
            "reinvestment_rate": null,
            "research_to_sale_ratio": null,
            "price_fair": 24.27,
            "eps_avg_yearly": 0.69,
            "eps_latest_yearly": 0.08,
            "eps_growth_yearly": 784.37
        },
        "20052": {
            "year_quarter": 20052,
            "year": 2005,
            "quarter": 2,
            "eps": 0.05,
            "eps_growth_year": -84.85,
            "eps_4q": 0.17,
            "eps_4q_growth_year": -11.98,
            "roe": 0.5,
            "gross_profit": 32767,
            "gross_margin": 15.46,
            "net_income": 4637,
            "revenue": 211993,
            "common_shares": 896229,
            "equity": 909222,
            "current_ratio": 271.82,
            "debt_ratio": 22.91,
            "inventory_turnover_ratio": 0.51,
            "account_receivable_turnover_ratio": null,
            "reinvestment_rate": null,
            "research_to_sale_ratio": null,
            "price_fair": 24.27,
            "eps_avg_yearly": 0.69,
            "eps_latest_yearly": 0.08,
            "eps_growth_yearly": 784.37
        },
        "20053": {
            "year_quarter": 20053,
            "year": 2005,
            "quarter": 3,
            "eps": 0.26,
            "eps_growth_year": 52.94,
            "eps_4q": 0.3,
            "eps_4q_growth_year": -37.81,
            "roe": 2.46,
            "gross_profit": 46190,
            "gross_margin": 20.14,
            "net_income": 22650,
            "revenue": 229306,
            "common_shares": 896229,
            "equity": 934592,
            "current_ratio": 331.86,
            "debt_ratio": 19.64,
            "inventory_turnover_ratio": 0.55,
            "account_receivable_turnover_ratio": null,
            "reinvestment_rate": null,
            "research_to_sale_ratio": null,
            "price_fair": 27.3,
            "eps_avg_yearly": 0.78,
            "eps_latest_yearly": 1.04,
            "eps_growth_yearly": 1008.28
        },
        "20054": {
            "year_quarter": 20054,
            "year": 2005,
            "quarter": 4,
            "eps": 0.22,
            "eps_growth_year": 1000,
            "eps_4q": 0.5,
            "eps_4q_growth_year": -13.37,
            "roe": 2.04,
            "gross_profit": 76256,
            "gross_margin": 27.66,
            "net_income": 19276,
            "revenue": 275694,
            "common_shares": 896229,
            "equity": 954913,
            "current_ratio": 304.14,
            "debt_ratio": 18.7,
            "inventory_turnover_ratio": 0.63,
            "account_receivable_turnover_ratio": null,
            "reinvestment_rate": -229.39,
            "research_to_sale_ratio": null,
            "price_fair": 28,
            "eps_avg_yearly": 0.8,
            "eps_latest_yearly": 0.88,
            "eps_growth_yearly": 794.32
        },
        "20061": {
            "year_quarter": 20061,
            "year": 2006,
            "quarter": 1,
            "eps": 0.35,
            "eps_growth_year": null,
            "eps_4q": 0.89,
            "eps_4q_growth_year": 141.72,
            "roe": 3.07,
            "gross_profit": 66096,
            "gross_margin": 24.79,
            "net_income": 30087,
            "revenue": 266594,
            "common_shares": 896229,
            "equity": 1007013,
            "current_ratio": 322.2,
            "debt_ratio": 20.47,
            "inventory_turnover_ratio": 0.69,
            "account_receivable_turnover_ratio": null,
            "reinvestment_rate": -170.1,
            "research_to_sale_ratio": null,
            "price_fair": 31.5,
            "eps_avg_yearly": 0.9,
            "eps_latest_yearly": 1.4,
            "eps_growth_yearly": 701.32
        },
        "20062": {
            "year_quarter": 20062,
            "year": 2006,
            "quarter": 2,
            "eps": 0.08,
            "eps_growth_year": 60,
            "eps_4q": 0.89,
            "eps_4q_growth_year": 410.41,
            "roe": 0.72,
            "gross_profit": 60555,
            "gross_margin": 24.05,
            "net_income": 7141,
            "revenue": 251804,
            "common_shares": 896229,
            "equity": 971416,
            "current_ratio": 250.66,
            "debt_ratio": 25.74,
            "inventory_turnover_ratio": 0.67,
            "account_receivable_turnover_ratio": null,
            "reinvestment_rate": -153.36,
            "research_to_sale_ratio": null,
            "price_fair": 28.6,
            "eps_avg_yearly": 0.82,
            "eps_latest_yearly": 0.32,
            "eps_growth_yearly": 557.05
        },
        "20063": {
            "year_quarter": 20063,
            "year": 2006,
            "quarter": 3,
            "eps": 0.22,
            "eps_growth_year": -15.38,
            "eps_4q": 0.85,
            "eps_4q_growth_year": 187.17,
            "roe": 2.01,
            "gross_profit": 61472,
            "gross_margin": 20.76,
            "net_income": 19723,
            "revenue": 296112,
            "common_shares": 896229,
            "equity": 993790,
            "current_ratio": 255.12,
            "debt_ratio": 25.14,
            "inventory_turnover_ratio": 0.8,
            "account_receivable_turnover_ratio": null,
            "reinvestment_rate": -147.23,
            "research_to_sale_ratio": null,
            "price_fair": 28.88,
            "eps_avg_yearly": 0.83,
            "eps_latest_yearly": 0.88,
            "eps_growth_yearly": 574.92
        },
        "20064": {
            "year_quarter": 20064,
            "year": 2006,
            "quarter": 4,
            "eps": 0.02,
            "eps_growth_year": -90.91,
            "eps_4q": 0.61,
            "eps_4q_growth_year": 21.97,
            "roe": 0.16,
            "gross_profit": 32970,
            "gross_margin": 11.27,
            "net_income": 1941,
            "revenue": 292591,
            "common_shares": 1196229,
            "equity": 1487202,
            "current_ratio": 210.21,
            "debt_ratio": 35.89,
            "inventory_turnover_ratio": 0.64,
            "account_receivable_turnover_ratio": null,
            "reinvestment_rate": -51.05,
            "research_to_sale_ratio": null,
            "price_fair": 25.98,
            "eps_avg_yearly": 0.74,
            "eps_latest_yearly": 0.08,
            "eps_growth_yearly": 470.64
        },
        "20071": {
            "year_quarter": 20071,
            "year": 2007,
            "quarter": 1,
            "eps": 0.28,
            "eps_growth_year": -20,
            "eps_4q": 0.52,
            "eps_4q_growth_year": -41.19,
            "roe": 2.19,
            "gross_profit": 45800,
            "gross_margin": 19.25,
            "net_income": 33005,
            "revenue": 237976,
            "common_shares": 1196229,
            "equity": 1526062,
            "current_ratio": 276.19,
            "debt_ratio": 21.62,
            "inventory_turnover_ratio": 0.47,
            "account_receivable_turnover_ratio": null,
            "reinvestment_rate": -47.59,
            "research_to_sale_ratio": null,
            "price_fair": 27.3,
            "eps_avg_yearly": 0.78,
            "eps_latest_yearly": 1.12,
            "eps_growth_yearly": 943.57
        },
        "20072": {
            "year_quarter": 20072,
            "year": 2007,
            "quarter": 2,
            "eps": 0.46,
            "eps_growth_year": 475,
            "eps_4q": 0.92,
            "eps_4q_growth_year": 3.89,
            "roe": 3.57,
            "gross_profit": 53476,
            "gross_margin": 19.34,
            "net_income": 54522,
            "revenue": 276561,
            "common_shares": 1196229,
            "equity": 1528049,
            "current_ratio": 213.59,
            "debt_ratio": 23.17,
            "inventory_turnover_ratio": 0.76,
            "account_receivable_turnover_ratio": null,
            "reinvestment_rate": -16.21,
            "research_to_sale_ratio": null,
            "price_fair": 30.67,
            "eps_avg_yearly": 0.88,
            "eps_latest_yearly": 1.84,
            "eps_growth_yearly": 881.17
        },
        "20073": {
            "year_quarter": 20073,
            "year": 2007,
            "quarter": 3,
            "eps": 0.44,
            "eps_growth_year": 100,
            "eps_4q": 1.18,
            "eps_4q_growth_year": 38.91,
            "roe": 3.42,
            "gross_profit": 70945,
            "gross_margin": 21.47,
            "net_income": 53119,
            "revenue": 330509,
            "common_shares": 1196229,
            "equity": 1577507,
            "current_ratio": 176.96,
            "debt_ratio": 26.26,
            "inventory_turnover_ratio": 0.88,
            "account_receivable_turnover_ratio": null,
            "reinvestment_rate": 14.19,
            "research_to_sale_ratio": null,
            "price_fair": 33.25,
            "eps_avg_yearly": 0.95,
            "eps_latest_yearly": 1.76,
            "eps_growth_yearly": 806.29
        },
        "20074": {
            "year_quarter": 20074,
            "year": 2007,
            "quarter": 4,
            "eps": 0.03,
            "eps_growth_year": 50,
            "eps_4q": 1.1,
            "eps_4q_growth_year": 80.8,
            "roe": 0.25,
            "gross_profit": 66957,
            "gross_margin": 22.82,
            "net_income": 3954,
            "revenue": 293380,
            "common_shares": 1196229,
            "equity": 1572834,
            "current_ratio": 183.48,
            "debt_ratio": 41.84,
            "inventory_turnover_ratio": 0.47,
            "account_receivable_turnover_ratio": null,
            "reinvestment_rate": 96.95,
            "research_to_sale_ratio": null,
            "price_fair": 31.02,
            "eps_avg_yearly": 0.89,
            "eps_latest_yearly": 0.12,
            "eps_growth_yearly": 715.6
        },
        "20081": {
            "year_quarter": 20081,
            "year": 2008,
            "quarter": 1,
            "eps": 0.01,
            "eps_growth_year": -96.43,
            "eps_4q": 0.68,
            "eps_4q_growth_year": 29.04,
            "roe": 0.11,
            "gross_profit": 87756,
            "gross_margin": 20.87,
            "net_income": 1674,
            "revenue": 420449,
            "common_shares": 1196229,
            "equity": 1537319,
            "current_ratio": 191.07,
            "debt_ratio": 38.82,
            "inventory_turnover_ratio": 0.47,
            "account_receivable_turnover_ratio": null,
            "reinvestment_rate": 99.19,
            "research_to_sale_ratio": null,
            "price_fair": 28.9,
            "eps_avg_yearly": 0.83,
            "eps_latest_yearly": 0.04,
            "eps_growth_yearly": 645.44
        },
        "20082": {
            "year_quarter": 20082,
            "year": 2008,
            "quarter": 2,
            "eps": -0.15,
            "eps_growth_year": -132.61,
            "eps_4q": 0.32,
            "eps_4q_growth_year": -64.78,
            "roe": -1.33,
            "gross_profit": 79833,
            "gross_margin": 17.94,
            "net_income": -19932,
            "revenue": 444992,
            "common_shares": 1196229,
            "equity": 1465495,
            "current_ratio": 268.36,
            "debt_ratio": 48.16,
            "inventory_turnover_ratio": 0.45,
            "account_receivable_turnover_ratio": null,
            "reinvestment_rate": 151.02,
            "research_to_sale_ratio": null,
            "price_fair": 27.57,
            "eps_avg_yearly": 0.79,
            "eps_latest_yearly": 0.04,
            "eps_growth_yearly": 472.01
        },
        "20083": {
            "year_quarter": 20083,
            "year": 2008,
            "quarter": 3,
            "eps": 0.22,
            "eps_growth_year": -50,
            "eps_4q": 0.11,
            "eps_4q_growth_year": -90.52,
            "roe": 1.94,
            "gross_profit": 95484,
            "gross_margin": 10.57,
            "net_income": 29118,
            "revenue": 903754,
            "common_shares": 1328226,
            "equity": 1541952,
            "current_ratio": 246.94,
            "debt_ratio": 49.57,
            "inventory_turnover_ratio": 0.97,
            "account_receivable_turnover_ratio": null,
            "reinvestment_rate": 149.03,
            "research_to_sale_ratio": null,
            "price_fair": 27.88,
            "eps_avg_yearly": 0.8,
            "eps_latest_yearly": 0.04,
            "eps_growth_yearly": 527.5
        },
        "20084": {
            "year_quarter": 20084,
            "year": 2008,
            "quarter": 4,
            "eps": -0.3,
            "eps_growth_year": -1100,
            "eps_4q": -0.22,
            "eps_4q_growth_year": -120.05,
            "roe": -2.57,
            "gross_profit": 44643,
            "gross_margin": 12.43,
            "net_income": -39586,
            "revenue": 359189,
            "common_shares": 1328226,
            "equity": 1538096,
            "current_ratio": 243.59,
            "debt_ratio": 46.45,
            "inventory_turnover_ratio": 0.39,
            "account_receivable_turnover_ratio": 1.05,
            "reinvestment_rate": 190.5,
            "research_to_sale_ratio": null,
            "price_fair": 30.16,
            "eps_avg_yearly": 0.86,
            "eps_latest_yearly": 0.04,
            "eps_growth_yearly": 607.54
        },
        "20091": {
            "year_quarter": 20091,
            "year": 2009,
            "quarter": 1,
            "eps": -0.04,
            "eps_growth_year": -500,
            "eps_4q": -0.27,
            "eps_4q_growth_year": -139.32,
            "roe": -0.32,
            "gross_profit": 35506,
            "gross_margin": 9.38,
            "net_income": -4938,
            "revenue": 378511,
            "common_shares": 1328226,
            "equity": 1564138,
            "current_ratio": 270.18,
            "debt_ratio": 48.06,
            "inventory_turnover_ratio": 0.4,
            "account_receivable_turnover_ratio": 0.52,
            "reinvestment_rate": 190.67,
            "research_to_sale_ratio": null,
            "price_fair": 30.16,
            "eps_avg_yearly": 0.86,
            "eps_latest_yearly": 0.04,
            "eps_growth_yearly": 607.54
        },
        "20092": {
            "year_quarter": 20092,
            "year": 2009,
            "quarter": 2,
            "eps": 0.07,
            "eps_growth_year": null,
            "eps_4q": -0.05,
            "eps_4q_growth_year": -114.56,
            "roe": 0.59,
            "gross_profit": 61734,
            "gross_margin": 11.19,
            "net_income": 9197,
            "revenue": 551791,
            "common_shares": 1328226,
            "equity": 1545003,
            "current_ratio": 276,
            "debt_ratio": 50.59,
            "inventory_turnover_ratio": 0.55,
            "account_receivable_turnover_ratio": 0.69,
            "reinvestment_rate": 180.98,
            "research_to_sale_ratio": null,
            "price_fair": 30.16,
            "eps_avg_yearly": 0.86,
            "eps_latest_yearly": 0.04,
            "eps_growth_yearly": 607.54
        },
        "20093": {
            "year_quarter": 20093,
            "year": 2009,
            "quarter": 3,
            "eps": 0.2,
            "eps_growth_year": -9.09,
            "eps_4q": -0.07,
            "eps_4q_growth_year": -158.14,
            "roe": 1.72,
            "gross_profit": 105505,
            "gross_margin": 14.21,
            "net_income": 26654,
            "revenue": 742461,
            "common_shares": 1328226,
            "equity": 1550327,
            "current_ratio": 305.51,
            "debt_ratio": 52.26,
            "inventory_turnover_ratio": 0.76,
            "account_receivable_turnover_ratio": 0.84,
            "reinvestment_rate": 173.08,
            "research_to_sale_ratio": null,
            "price_fair": 29.4,
            "eps_avg_yearly": 0.84,
            "eps_latest_yearly": 0.8,
            "eps_growth_yearly": 522.35
        },
        "20094": {
            "year_quarter": 20094,
            "year": 2009,
            "quarter": 4,
            "eps": 0.28,
            "eps_growth_year": null,
            "eps_4q": 0.51,
            "eps_4q_growth_year": null,
            "roe": 2.37,
            "gross_profit": 137063,
            "gross_margin": 21.5,
            "net_income": 37095,
            "revenue": 637556,
            "common_shares": 1328226,
            "equity": 1582340,
            "current_ratio": 237.76,
            "debt_ratio": 50.22,
            "inventory_turnover_ratio": 0.68,
            "account_receivable_turnover_ratio": 1.67,
            "reinvestment_rate": 680.51,
            "research_to_sale_ratio": null,
            "price_fair": 30.16,
            "eps_avg_yearly": 0.86,
            "eps_latest_yearly": 1.12,
            "eps_growth_yearly": 542.49
        },
        "20101": {
            "year_quarter": 20101,
            "year": 2010,
            "quarter": 1,
            "eps": 0.08,
            "eps_growth_year": null,
            "eps_4q": 0.63,
            "eps_4q_growth_year": null,
            "roe": 0.71,
            "gross_profit": 83027,
            "gross_margin": 17.43,
            "net_income": 11235,
            "revenue": 476276,
            "common_shares": 1328226,
            "equity": 1591223,
            "current_ratio": 224.72,
            "debt_ratio": 50.93,
            "inventory_turnover_ratio": 0.53,
            "account_receivable_turnover_ratio": 0.6,
            "reinvestment_rate": 742.38,
            "research_to_sale_ratio": 1.62,
            "price_fair": 26.73,
            "eps_avg_yearly": 0.76,
            "eps_latest_yearly": 0.32,
            "eps_growth_yearly": 495.03
        },
        "20102": {
            "year_quarter": 20102,
            "year": 2010,
            "quarter": 2,
            "eps": 0.05,
            "eps_growth_year": -23.66,
            "eps_4q": 0.6,
            "eps_4q_growth_year": null,
            "roe": 0.46,
            "gross_profit": 76445,
            "gross_margin": 12.12,
            "net_income": 7311,
            "revenue": 630910,
            "common_shares": 1328226,
            "equity": 1610743,
            "current_ratio": 125.73,
            "debt_ratio": 54.22,
            "inventory_turnover_ratio": 0.68,
            "account_receivable_turnover_ratio": 0.78,
            "reinvestment_rate": 794.68,
            "research_to_sale_ratio": 0.98,
            "price_fair": 26.35,
            "eps_avg_yearly": 0.75,
            "eps_latest_yearly": 0.2,
            "eps_growth_yearly": 509.44
        },
        "20103": {
            "year_quarter": 20103,
            "year": 2010,
            "quarter": 3,
            "eps": 0.14,
            "eps_growth_year": -29.26,
            "eps_4q": 0.55,
            "eps_4q_growth_year": null,
            "roe": 1.2,
            "gross_profit": 113706,
            "gross_margin": 12.3,
            "net_income": 19355,
            "revenue": 924507,
            "common_shares": 1368073,
            "equity": 1602953,
            "current_ratio": 118.15,
            "debt_ratio": 59.23,
            "inventory_turnover_ratio": 1.02,
            "account_receivable_turnover_ratio": 0.96,
            "reinvestment_rate": 824.5,
            "research_to_sale_ratio": 0.52,
            "price_fair": 25.33,
            "eps_avg_yearly": 0.72,
            "eps_latest_yearly": 0.56,
            "eps_growth_yearly": 511.26
        },
        "20104": {
            "year_quarter": 20104,
            "year": 2010,
            "quarter": 4,
            "eps": 0.09,
            "eps_growth_year": -69.52,
            "eps_4q": 0.36,
            "eps_4q_growth_year": -29.23,
            "roe": 0.74,
            "gross_profit": 91168,
            "gross_margin": 25.82,
            "net_income": 11675,
            "revenue": 353091,
            "common_shares": 1368073,
            "equity": 1536070,
            "current_ratio": 121.35,
            "debt_ratio": 54.36,
            "inventory_turnover_ratio": 0.37,
            "account_receivable_turnover_ratio": 0.39,
            "reinvestment_rate": 747.91,
            "research_to_sale_ratio": 1.41,
            "price_fair": 26.22,
            "eps_avg_yearly": 0.75,
            "eps_latest_yearly": 0.36,
            "eps_growth_yearly": 531.33
        },
        "20111": {
            "year_quarter": 20111,
            "year": 2011,
            "quarter": 1,
            "eps": 0,
            "eps_growth_year": -100,
            "eps_4q": 0.28,
            "eps_4q_growth_year": -55.33,
            "roe": 0.03,
            "gross_profit": 43596,
            "gross_margin": 11.44,
            "net_income": 394,
            "revenue": 381018,
            "common_shares": 1368073,
            "equity": 1552555,
            "current_ratio": 185.93,
            "debt_ratio": 56.26,
            "inventory_turnover_ratio": 0.45,
            "account_receivable_turnover_ratio": 0.57,
            "reinvestment_rate": 900.79,
            "research_to_sale_ratio": 1.18,
            "price_fair": 24.92,
            "eps_avg_yearly": 0.71,
            "eps_latest_yearly": 0.36,
            "eps_growth_yearly": 64.46
        },
        "20112": {
            "year_quarter": 20112,
            "year": 2011,
            "quarter": 2,
            "eps": -0.05,
            "eps_growth_year": -199.25,
            "eps_4q": 0.18,
            "eps_4q_growth_year": -70.63,
            "roe": -0.47,
            "gross_profit": 63063,
            "gross_margin": 14.46,
            "net_income": -7256,
            "revenue": 436254,
            "common_shares": 1368073,
            "equity": 1522429,
            "current_ratio": 192.46,
            "debt_ratio": 57.93,
            "inventory_turnover_ratio": 0.43,
            "account_receivable_turnover_ratio": 0.66,
            "reinvestment_rate": 1289.03,
            "research_to_sale_ratio": 1.23,
            "price_fair": 20.53,
            "eps_avg_yearly": 0.59,
            "eps_latest_yearly": 0.36,
            "eps_growth_yearly": 43.06
        },
        "20113": {
            "year_quarter": 20113,
            "year": 2011,
            "quarter": 3,
            "eps": 0.08,
            "eps_growth_year": -45.04,
            "eps_4q": 0.11,
            "eps_4q_growth_year": -79.4,
            "roe": 0.68,
            "gross_profit": 47798,
            "gross_margin": 6.64,
            "net_income": 10638,
            "revenue": 720305,
            "common_shares": 1368073,
            "equity": 1604117,
            "current_ratio": 210.06,
            "debt_ratio": 55.85,
            "inventory_turnover_ratio": 0.83,
            "account_receivable_turnover_ratio": 1.09,
            "reinvestment_rate": 2049.18,
            "research_to_sale_ratio": 0.55,
            "price_fair": 15.4,
            "eps_avg_yearly": 0.44,
            "eps_latest_yearly": 0.36,
            "eps_growth_yearly": 50.61
        },
        "20114": {
            "year_quarter": 20114,
            "year": 2011,
            "quarter": 4,
            "eps": -0.69,
            "eps_growth_year": -903.24,
            "eps_4q": -0.66,
            "eps_4q_growth_year": -281.54,
            "roe": -6.03,
            "gross_profit": -2458,
            "gross_margin": -1.09,
            "net_income": -93778,
            "revenue": 224820,
            "common_shares": 1368073,
            "equity": 1503784,
            "current_ratio": 217.56,
            "debt_ratio": 54.43,
            "inventory_turnover_ratio": 0.33,
            "account_receivable_turnover_ratio": 0.39,
            "reinvestment_rate": null,
            "research_to_sale_ratio": 1.72,
            "price_fair": 17,
            "eps_avg_yearly": 0.49,
            "eps_latest_yearly": 0.36,
            "eps_growth_yearly": 111.09
        },
        "20121": {
            "year_quarter": 20121,
            "year": 2012,
            "quarter": 1,
            "eps": 0.02,
            "eps_growth_year": null,
            "eps_4q": -0.64,
            "eps_4q_growth_year": -327.1,
            "roe": 0.16,
            "gross_profit": 23451,
            "gross_margin": 11.25,
            "net_income": 2429,
            "revenue": 208464,
            "common_shares": 1368073,
            "equity": 1478474,
            "current_ratio": 212.28,
            "debt_ratio": 55.27,
            "inventory_turnover_ratio": 0.24,
            "account_receivable_turnover_ratio": 0.43,
            "reinvestment_rate": null,
            "research_to_sale_ratio": 1.55,
            "price_fair": 19.6,
            "eps_avg_yearly": 0.56,
            "eps_latest_yearly": 0.36,
            "eps_growth_yearly": 174.05
        },
        "20122": {
            "year_quarter": 20122,
            "year": 2012,
            "quarter": 2,
            "eps": -0.22,
            "eps_growth_year": null,
            "eps_4q": -0.81,
            "eps_4q_growth_year": -558.26,
            "roe": -2.04,
            "gross_profit": 21664,
            "gross_margin": 6.43,
            "net_income": -30041,
            "revenue": 336939,
            "common_shares": 1368073,
            "equity": 1460112,
            "current_ratio": 183.96,
            "debt_ratio": 59.86,
            "inventory_turnover_ratio": 0.31,
            "account_receivable_turnover_ratio": 0.78,
            "reinvestment_rate": null,
            "research_to_sale_ratio": 1.2,
            "price_fair": 19.6,
            "eps_avg_yearly": 0.56,
            "eps_latest_yearly": 0.36,
            "eps_growth_yearly": 174.05
        },
        "20123": {
            "year_quarter": 20123,
            "year": 2012,
            "quarter": 3,
            "eps": -0.16,
            "eps_growth_year": -302.45,
            "eps_4q": -1.04,
            "eps_4q_growth_year": -1025.03,
            "roe": -1.5,
            "gross_profit": 1581,
            "gross_margin": 0.16,
            "net_income": -21537,
            "revenue": 978129,
            "common_shares": 1368073,
            "equity": 1414392,
            "current_ratio": 186.4,
            "debt_ratio": 60.71,
            "inventory_turnover_ratio": 1.03,
            "account_receivable_turnover_ratio": 1.93,
            "reinvestment_rate": null,
            "research_to_sale_ratio": 0.22,
            "price_fair": 19.6,
            "eps_avg_yearly": 0.56,
            "eps_latest_yearly": 0.36,
            "eps_growth_yearly": 174.05
        },
        "20124": {
            "year_quarter": 20124,
            "year": 2012,
            "quarter": 4,
            "eps": -0.94,
            "eps_growth_year": null,
            "eps_4q": -1.29,
            "eps_4q_growth_year": null,
            "roe": -9.5,
            "gross_profit": 9357,
            "gross_margin": 2.63,
            "net_income": -127936,
            "revenue": 355594,
            "common_shares": 1368073,
            "equity": 1279658,
            "current_ratio": 112.87,
            "debt_ratio": 58.49,
            "inventory_turnover_ratio": 0.51,
            "account_receivable_turnover_ratio": 0.67,
            "reinvestment_rate": null,
            "research_to_sale_ratio": 1.12,
            "price_fair": 19.6,
            "eps_avg_yearly": 0.56,
            "eps_latest_yearly": 0.36,
            "eps_growth_yearly": 174.05
        },
        "20131": {
            "year_quarter": 20131,
            "year": 2013,
            "quarter": 1,
            "eps": 0.17,
            "eps_growth_year": 750,
            "eps_4q": -1.14,
            "eps_4q_growth_year": null,
            "roe": 1.82,
            "gross_profit": 32593,
            "gross_margin": 14.9,
            "net_income": 23714,
            "revenue": 218719,
            "common_shares": 1368073,
            "equity": 1321194,
            "current_ratio": 114.87,
            "debt_ratio": 56.93,
            "inventory_turnover_ratio": 0.28,
            "account_receivable_turnover_ratio": 0.59,
            "reinvestment_rate": null,
            "research_to_sale_ratio": 1.41,
            "price_fair": 19.6,
            "eps_avg_yearly": 0.56,
            "eps_latest_yearly": 0.36,
            "eps_growth_yearly": 174.05
        },
        "20132": {
            "year_quarter": 20132,
            "year": 2013,
            "quarter": 2,
            "eps": -0.16,
            "eps_growth_year": null,
            "eps_4q": -1.08,
            "eps_4q_growth_year": null,
            "roe": -1.68,
            "gross_profit": 33262,
            "gross_margin": 12.57,
            "net_income": -22132,
            "revenue": 264560,
            "common_shares": 1368073,
            "equity": 1315026,
            "current_ratio": 111.64,
            "debt_ratio": 58.34,
            "inventory_turnover_ratio": 0.28,
            "account_receivable_turnover_ratio": 0.77,
            "reinvestment_rate": null,
            "research_to_sale_ratio": 1.13,
            "price_fair": 19.6,
            "eps_avg_yearly": 0.56,
            "eps_latest_yearly": 0.36,
            "eps_growth_yearly": 174.05
        },
        "20133": {
            "year_quarter": 20133,
            "year": 2013,
            "quarter": 3,
            "eps": -0.3,
            "eps_growth_year": null,
            "eps_4q": -1.23,
            "eps_4q_growth_year": null,
            "roe": -3.26,
            "gross_profit": -10777,
            "gross_margin": -2.12,
            "net_income": -41527,
            "revenue": 509095,
            "common_shares": 1368073,
            "equity": 1235072,
            "current_ratio": 185.33,
            "debt_ratio": 59.93,
            "inventory_turnover_ratio": 0.61,
            "account_receivable_turnover_ratio": 1.22,
            "reinvestment_rate": null,
            "research_to_sale_ratio": 0.58,
            "price_fair": 17.92,
            "eps_avg_yearly": 0.51,
            "eps_latest_yearly": 0.36,
            "eps_growth_yearly": 60.29
        },
        "20134": {
            "year_quarter": 20134,
            "year": 2013,
            "quarter": 4,
            "eps": 0.13,
            "eps_growth_year": null,
            "eps_4q": -0.16,
            "eps_4q_growth_year": null,
            "roe": 1.48,
            "gross_profit": 49950,
            "gross_margin": 14.14,
            "net_income": 18497,
            "revenue": 353232,
            "common_shares": 1368073,
            "equity": 1265678,
            "current_ratio": 200.27,
            "debt_ratio": 58.02,
            "inventory_turnover_ratio": 0.41,
            "account_receivable_turnover_ratio": 0.82,
            "reinvestment_rate": null,
            "research_to_sale_ratio": 0.68,
            "price_fair": 12.6,
            "eps_avg_yearly": 0.36,
            "eps_latest_yearly": 0.36,
            "eps_growth_yearly": 35.36
        },
        "20141": {
            "year_quarter": 20141,
            "year": 2014,
            "quarter": 1,
            "eps": -0.18,
            "eps_growth_year": -205.88,
            "eps_4q": -0.52,
            "eps_4q_growth_year": null,
            "roe": -1.81,
            "gross_profit": 23371,
            "gross_margin": 10.13,
            "net_income": -24654,
            "revenue": 230615,
            "common_shares": 1368073,
            "equity": 1461021,
            "current_ratio": 190.01,
            "debt_ratio": 55.82,
            "inventory_turnover_ratio": 0.28,
            "account_receivable_turnover_ratio": 0.59,
            "reinvestment_rate": null,
            "research_to_sale_ratio": 0.4,
            "price_fair": 13.07,
            "eps_avg_yearly": 0.37,
            "eps_latest_yearly": 0.36,
            "eps_growth_yearly": 142.38
        },
        "20142": {
            "year_quarter": 20142,
            "year": 2014,
            "quarter": 2,
            "eps": -0.42,
            "eps_growth_year": null,
            "eps_4q": -0.77,
            "eps_4q_growth_year": null,
            "roe": -3.97,
            "gross_profit": 23206,
            "gross_margin": 8.24,
            "net_income": -56304,
            "revenue": 281545,
            "common_shares": 1368073,
            "equity": 1373347,
            "current_ratio": 181.56,
            "debt_ratio": 57.38,
            "inventory_turnover_ratio": 0.33,
            "account_receivable_turnover_ratio": 0.7,
            "reinvestment_rate": null,
            "research_to_sale_ratio": 1.32,
            "price_fair": 16.1,
            "eps_avg_yearly": 0.46,
            "eps_latest_yearly": 0.36,
            "eps_growth_yearly": 288.57
        },
        "20143": {
            "year_quarter": 20143,
            "year": 2014,
            "quarter": 3,
            "eps": -0.02,
            "eps_growth_year": null,
            "eps_4q": -0.49,
            "eps_4q_growth_year": null,
            "roe": -0.43,
            "gross_profit": 69781,
            "gross_margin": 15.55,
            "net_income": -5918,
            "revenue": 448674,
            "common_shares": 1368073,
            "equity": 1395306,
            "current_ratio": 181.13,
            "debt_ratio": 57.62,
            "inventory_turnover_ratio": 0.5,
            "account_receivable_turnover_ratio": 0.94,
            "reinvestment_rate": null,
            "research_to_sale_ratio": 0.55,
            "price_fair": 1.08,
            "eps_avg_yearly": 0.36,
            "eps_latest_yearly": 0.36,
            "eps_growth_yearly": -142.86
        },
        "20144": {
            "year_quarter": 20144,
            "year": 2014,
            "quarter": 4,
            "eps": -0.24,
            "eps_growth_year": -285.05,
            "eps_4q": -0.84,
            "eps_4q_growth_year": null,
            "roe": -2.49,
            "gross_profit": 38912,
            "gross_margin": 12.48,
            "net_income": -37633,
            "revenue": 311850,
            "common_shares": 1438073,
            "equity": 1623222,
            "current_ratio": 195.32,
            "debt_ratio": 51.84,
            "inventory_turnover_ratio": 0.38,
            "account_receivable_turnover_ratio": 0.65,
            "reinvestment_rate": null,
            "research_to_sale_ratio": 0.56,
            "price_fair": 0,
            "eps_avg_yearly": 0,
            "eps_latest_yearly": 0,
            "eps_growth_yearly": 0
        },
        "20151": {
            "year_quarter": 20151,
            "year": 2015,
            "quarter": 1,
            "eps": -0.2,
            "eps_growth_year": null,
            "eps_4q": -0.87,
            "eps_4q_growth_year": null,
            "roe": -2.04,
            "gross_profit": 32349,
            "gross_margin": 13.01,
            "net_income": -32548,
            "revenue": 248618,
            "common_shares": 1438073,
            "equity": 1564331,
            "current_ratio": 191.78,
            "debt_ratio": 52.61,
            "inventory_turnover_ratio": 0.3,
            "account_receivable_turnover_ratio": 0.64,
            "reinvestment_rate": null,
            "research_to_sale_ratio": 1.07,
            "price_fair": 0,
            "eps_avg_yearly": 0,
            "eps_latest_yearly": 0,
            "eps_growth_yearly": 0
        },
        "20152": {
            "year_quarter": 20152,
            "year": 2015,
            "quarter": 2,
            "eps": -0.17,
            "eps_growth_year": null,
            "eps_4q": -0.64,
            "eps_4q_growth_year": null,
            "roe": -1.67,
            "gross_profit": 23277,
            "gross_margin": 8.6,
            "net_income": -25615,
            "revenue": 270529,
            "common_shares": 1438073,
            "equity": 1510308,
            "current_ratio": 174.9,
            "debt_ratio": 53.56,
            "inventory_turnover_ratio": 0.34,
            "account_receivable_turnover_ratio": 0.76,
            "reinvestment_rate": null,
            "research_to_sale_ratio": 0.93,
            "price_fair": 0,
            "eps_avg_yearly": 0,
            "eps_latest_yearly": 0,
            "eps_growth_yearly": 0
        },
        "20153": {
            "year_quarter": 20153,
            "year": 2015,
            "quarter": 3,
            "eps": 0.09,
            "eps_growth_year": null,
            "eps_4q": -0.53,
            "eps_4q_growth_year": null,
            "roe": 0.67,
            "gross_profit": 77427,
            "gross_margin": 18.66,
            "net_income": 10422,
            "revenue": 414870,
            "common_shares": 1438073,
            "equity": 1602133,
            "current_ratio": 187.66,
            "debt_ratio": 52.62,
            "inventory_turnover_ratio": 0.48,
            "account_receivable_turnover_ratio": 0.96,
            "reinvestment_rate": null,
            "research_to_sale_ratio": 0.59,
            "price_fair": 0,
            "eps_avg_yearly": 0,
            "eps_latest_yearly": 0,
            "eps_growth_yearly": 0
        },
        "20154": {
            "year_quarter": 20154,
            "year": 2015,
            "quarter": 4,
            "eps": -0.25,
            "eps_growth_year": null,
            "eps_4q": -0.51,
            "eps_4q_growth_year": null,
            "roe": -2.31,
            "gross_profit": 18117,
            "gross_margin": 7.55,
            "net_income": -40028,
            "revenue": 240048,
            "common_shares": 1563073,
            "equity": 1862854,
            "current_ratio": 158.16,
            "debt_ratio": 44.22,
            "inventory_turnover_ratio": 0.33,
            "account_receivable_turnover_ratio": 0.58,
            "reinvestment_rate": null,
            "research_to_sale_ratio": 1.12,
            "price_fair": 0,
            "eps_avg_yearly": 0,
            "eps_latest_yearly": 0,
            "eps_growth_yearly": 0
        },
        "20161": {
            "year_quarter": 20161,
            "year": 2016,
            "quarter": 1,
            "eps": -0.24,
            "eps_growth_year": null,
            "eps_4q": -0.56,
            "eps_4q_growth_year": null,
            "roe": -2.08,
            "gross_profit": 30182,
            "gross_margin": 11.16,
            "net_income": -38177,
            "revenue": 270563,
            "common_shares": 1563073,
            "equity": 1806597,
            "current_ratio": 134.81,
            "debt_ratio": 51.37,
            "inventory_turnover_ratio": 0.34,
            "account_receivable_turnover_ratio": 0.71,
            "reinvestment_rate": null,
            "research_to_sale_ratio": 0.81,
            "price_fair": 0,
            "eps_avg_yearly": 0,
            "eps_latest_yearly": 0,
            "eps_growth_yearly": 0
        },
        "20162": {
            "year_quarter": 20162,
            "year": 2016,
            "quarter": 2,
            "eps": 0.01,
            "eps_growth_year": null,
            "eps_4q": -0.31,
            "eps_4q_growth_year": null,
            "roe": 0.84,
            "gross_profit": 86486,
            "gross_margin": 17.1,
            "net_income": 15168,
            "revenue": 505741,
            "common_shares": 1563073,
            "equity": 1811855,
            "current_ratio": 134.2,
            "debt_ratio": 51.99,
            "inventory_turnover_ratio": 0.57,
            "account_receivable_turnover_ratio": 1.03,
            "reinvestment_rate": null,
            "research_to_sale_ratio": 0.44,
            "price_fair": 0,
            "eps_avg_yearly": 0,
            "eps_latest_yearly": 0,
            "eps_growth_yearly": 0
        },
        "20163": {
            "year_quarter": 20163,
            "year": 2016,
            "quarter": 3,
            "eps": -0.08,
            "eps_growth_year": -188.89,
            "eps_4q": -0.47,
            "eps_4q_growth_year": null,
            "roe": -0.61,
            "gross_profit": 68563,
            "gross_margin": 9.98,
            "net_income": -11024,
            "revenue": 686941,
            "common_shares": 1563073,
            "equity": 1796458,
            "current_ratio": 137.98,
            "debt_ratio": 51.08,
            "inventory_turnover_ratio": 0.91,
            "account_receivable_turnover_ratio": 1.18,
            "reinvestment_rate": null,
            "research_to_sale_ratio": 0.29,
            "price_fair": 0,
            "eps_avg_yearly": 0,
            "eps_latest_yearly": 0,
            "eps_growth_yearly": 0
        },
        "20164": {
            "year_quarter": 20164,
            "year": 2016,
            "quarter": 4,
            "eps": 0.27,
            "eps_growth_year": null,
            "eps_4q": 0.04,
            "eps_4q_growth_year": null,
            "roe": 2.42,
            "gross_profit": 96136,
            "gross_margin": 16.49,
            "net_income": 44105,
            "revenue": 583067,
            "common_shares": 1563073,
            "equity": 1851568,
            "current_ratio": 265.34,
            "debt_ratio": 47.7,
            "inventory_turnover_ratio": 0.82,
            "account_receivable_turnover_ratio": 0.98,
            "reinvestment_rate": null,
            "research_to_sale_ratio": 0.42,
            "price_fair": 0,
            "eps_avg_yearly": 0,
            "eps_latest_yearly": 0,
            "eps_growth_yearly": 0
        },
        "20171": {
            "year_quarter": 20171,
            "year": 2017,
            "quarter": 1,
            "eps": -0.3,
            "eps_growth_year": null,
            "eps_4q": -0.02,
            "eps_4q_growth_year": null,
            "roe": -2.71,
            "gross_profit": 19455,
            "gross_margin": 5.76,
            "net_income": -48421,
            "revenue": 337945,
            "common_shares": 1563073,
            "equity": 1715456,
            "current_ratio": 257.75,
            "debt_ratio": 53.27,
            "inventory_turnover_ratio": 0.52,
            "account_receivable_turnover_ratio": 0.63,
            "reinvestment_rate": null,
            "research_to_sale_ratio": 0.56,
            "price_fair": 0,
            "eps_avg_yearly": 0,
            "eps_latest_yearly": 0,
            "eps_growth_yearly": 0
        },
        "20172": {
            "year_quarter": 20172,
            "year": 2017,
            "quarter": 2,
            "eps": 0.02,
            "eps_growth_year": 100,
            "eps_4q": -0.1,
            "eps_4q_growth_year": null,
            "roe": 0.19,
            "gross_profit": 74217,
            "gross_margin": 14.68,
            "net_income": 3249,
            "revenue": 505582,
            "common_shares": 1563073,
            "equity": 1737275,
            "current_ratio": 303.73,
            "debt_ratio": 55.81,
            "inventory_turnover_ratio": 0.6,
            "account_receivable_turnover_ratio": 0.92,
            "reinvestment_rate": null,
            "research_to_sale_ratio": 0.28,
            "price_fair": 0,
            "eps_avg_yearly": 0,
            "eps_latest_yearly": 0,
            "eps_growth_yearly": 0
        },
        "20173": {
            "year_quarter": 20173,
            "year": 2017,
            "quarter": 3,
            "eps": 0.13,
            "eps_growth_year": null,
            "eps_4q": 0.11,
            "eps_4q_growth_year": null,
            "roe": 1.16,
            "gross_profit": 84016,
            "gross_margin": 10.28,
            "net_income": 20137,
            "revenue": 817440,
            "common_shares": 1563073,
            "equity": 1731930,
            "current_ratio": 267.64,
            "debt_ratio": 60.77,
            "inventory_turnover_ratio": 0.97,
            "account_receivable_turnover_ratio": 1.07,
            "reinvestment_rate": null,
            "research_to_sale_ratio": 0.14,
            "price_fair": 18.2,
            "eps_avg_yearly": 0.52,
            "eps_latest_yearly": 0.52,
            "eps_growth_yearly": 2200
        },
        "20174": {
            "year_quarter": 20174,
            "year": 2017,
            "quarter": 4,
            "eps": 0.16,
            "eps_growth_year": -37.95,
            "eps_4q": 0.01,
            "eps_4q_growth_year": -73.88,
            "roe": 1.47,
            "gross_profit": 28740,
            "gross_margin": 5.72,
            "net_income": 25291,
            "revenue": 502472,
            "common_shares": 1563073,
            "equity": 1713143,
            "current_ratio": 267.14,
            "debt_ratio": 57.34,
            "inventory_turnover_ratio": 0.65,
            "account_receivable_turnover_ratio": 0.67,
            "reinvestment_rate": null,
            "research_to_sale_ratio": 0.23,
            "price_fair": 20.3,
            "eps_avg_yearly": 0.58,
            "eps_latest_yearly": 0.64,
            "eps_growth_yearly": 1146.15
        },
        "20181": {
            "year_quarter": 20181,
            "year": 2018,
            "quarter": 1,
            "eps": -0.37,
            "eps_growth_year": null,
            "eps_4q": -0.06,
            "eps_4q_growth_year": null,
            "roe": -3.44,
            "gross_profit": 13319,
            "gross_margin": 2.72,
            "net_income": -57690,
            "revenue": 489305,
            "common_shares": 1563073,
            "equity": 1642726,
            "current_ratio": 236.48,
            "debt_ratio": 59.58,
            "inventory_turnover_ratio": 0.61,
            "account_receivable_turnover_ratio": 0.73,
            "reinvestment_rate": null,
            "research_to_sale_ratio": 0.32,
            "price_fair": 20.3,
            "eps_avg_yearly": 0.58,
            "eps_latest_yearly": 0.64,
            "eps_growth_yearly": 1146.15
        },
        "20182": {
            "year_quarter": 20182,
            "year": 2018,
            "quarter": 2,
            "eps": 0.11,
            "eps_growth_year": 450,
            "eps_4q": 0.04,
            "eps_4q_growth_year": null,
            "roe": 1.07,
            "gross_profit": 87368,
            "gross_margin": 15.06,
            "net_income": 17824,
            "revenue": 580127,
            "common_shares": 1563342,
            "equity": 1698953,
            "current_ratio": 172.89,
            "debt_ratio": 59.5,
            "inventory_turnover_ratio": 0.53,
            "account_receivable_turnover_ratio": 0.83,
            "reinvestment_rate": null,
            "research_to_sale_ratio": 0.2,
            "price_fair": 20.3,
            "eps_avg_yearly": 0.58,
            "eps_latest_yearly": 0.64,
            "eps_growth_yearly": 1146.15
        },
        "20183": {
            "year_quarter": 20183,
            "year": 2018,
            "quarter": 3,
            "eps": 0.11,
            "eps_growth_year": -15.38,
            "eps_4q": 0.02,
            "eps_4q_growth_year": -84.37,
            "roe": 1,
            "gross_profit": 65901,
            "gross_margin": 7.27,
            "net_income": 16843,
            "revenue": 906758,
            "common_shares": 1563342,
            "equity": 1668354,
            "current_ratio": 166.04,
            "debt_ratio": 58.79,
            "inventory_turnover_ratio": 0.92,
            "account_receivable_turnover_ratio": 1.22,
            "reinvestment_rate": null,
            "research_to_sale_ratio": 0.1,
            "price_fair": 18.67,
            "eps_avg_yearly": 0.53,
            "eps_latest_yearly": 0.44,
            "eps_growth_yearly": 764.1
        },
        "20184": {
            "year_quarter": 20184,
            "year": 2018,
            "quarter": 4,
            "eps": 0.17,
            "eps_growth_year": 3.06,
            "eps_4q": 0.02,
            "eps_4q_growth_year": 118.57,
            "roe": 1.57,
            "gross_profit": 44055,
            "gross_margin": 6.77,
            "net_income": 26525,
            "revenue": 650644,
            "common_shares": 1563342,
            "equity": 1703223,
            "current_ratio": 110.1,
            "debt_ratio": 57.08,
            "inventory_turnover_ratio": 0.77,
            "account_receivable_turnover_ratio": 0.8,
            "reinvestment_rate": null,
            "research_to_sale_ratio": 0.14,
            "price_fair": 19.95,
            "eps_avg_yearly": 0.57,
            "eps_latest_yearly": 0.68,
            "eps_growth_yearly": 627.62
        },
        "20191": {
            "year_quarter": 20191,
            "year": 2019,
            "quarter": 1,
            "eps": -0.22,
            "eps_growth_year": null,
            "eps_4q": 0.17,
            "eps_4q_growth_year": null,
            "roe": -2.04,
            "gross_profit": 41655,
            "gross_margin": 5.92,
            "net_income": -34743,
            "revenue": 703799,
            "common_shares": 1563342,
            "equity": 1708907,
            "current_ratio": 108.08,
            "debt_ratio": 58.89,
            "inventory_turnover_ratio": 0.76,
            "account_receivable_turnover_ratio": 0.92,
            "reinvestment_rate": null,
            "research_to_sale_ratio": 0.09,
            "price_fair": 19.95,
            "eps_avg_yearly": 0.57,
            "eps_latest_yearly": 0.68,
            "eps_growth_yearly": 627.62
        },
        "20192": {
            "year_quarter": 20192,
            "year": 2019,
            "quarter": 2,
            "eps": 0.24,
            "eps_growth_year": 118.18,
            "eps_4q": 0.29,
            "eps_4q_growth_year": 704.07,
            "roe": 2.15,
            "gross_profit": 117754,
            "gross_margin": 14.83,
            "net_income": 37272,
            "revenue": 793980,
            "common_shares": 1563342,
            "equity": 1750608,
            "current_ratio": 199.42,
            "debt_ratio": 59.28,
            "inventory_turnover_ratio": 0.66,
            "account_receivable_turnover_ratio": 0.98,
            "reinvestment_rate": null,
            "research_to_sale_ratio": 0.09,
            "price_fair": 19.95,
            "eps_avg_yearly": 0.57,
            "eps_latest_yearly": 0.68,
            "eps_growth_yearly": 627.62
        },
        "20193": {
            "year_quarter": 20193,
            "year": 2019,
            "quarter": 3,
            "eps": -0.01,
            "eps_growth_year": -109.09,
            "eps_4q": 0.18,
            "eps_4q_growth_year": 957.77,
            "roe": -0.02,
            "gross_profit": 68322,
            "gross_margin": 13.31,
            "net_income": -378,
            "revenue": 513441,
            "common_shares": 1563342,
            "equity": 1726602,
            "current_ratio": 268.67,
            "debt_ratio": 55.92,
            "inventory_turnover_ratio": 0.49,
            "account_receivable_turnover_ratio": 0.64,
            "reinvestment_rate": null,
            "research_to_sale_ratio": 0.17,
            "price_fair": 19.95,
            "eps_avg_yearly": 0.57,
            "eps_latest_yearly": 0.68,
            "eps_growth_yearly": 627.62
        },
        "20194": {
            "year_quarter": 20194,
            "year": 2019,
            "quarter": 4,
            "eps": 0.16,
            "eps_growth_year": -4.31,
            "eps_4q": 0.18,
            "eps_4q_growth_year": 686.17,
            "roe": 1.48,
            "gross_profit": -46983,
            "gross_margin": -16.58,
            "net_income": 25381,
            "revenue": 283435,
            "common_shares": 1563342,
            "equity": 1703354,
            "current_ratio": 218.25,
            "debt_ratio": 59.41,
            "inventory_turnover_ratio": 0.51,
            "account_receivable_turnover_ratio": 0.48,
            "reinvestment_rate": -461.97,
            "research_to_sale_ratio": 0.93,
            "price_fair": 19.95,
            "eps_avg_yearly": 0.57,
            "eps_latest_yearly": 0.68,
            "eps_growth_yearly": 627.62
        },
        "20201": {
            "year_quarter": 20201,
            "year": 2020,
            "quarter": 1,
            "eps": -0.22,
            "eps_growth_year": null,
            "eps_4q": 0.18,
            "eps_4q_growth_year": 8.04,
            "roe": -2.05,
            "gross_profit": 24699,
            "gross_margin": 16.58,
            "net_income": -33699,
            "revenue": 148979,
            "common_shares": 1563342,
            "equity": 1591833,
            "current_ratio": 303.3,
            "debt_ratio": 59.83,
            "inventory_turnover_ratio": 0.22,
            "account_receivable_turnover_ratio": 0.37,
            "reinvestment_rate": -703.13,
            "research_to_sale_ratio": 1,
            "price_fair": 19.95,
            "eps_avg_yearly": 0.57,
            "eps_latest_yearly": 0.68,
            "eps_growth_yearly": 627.62
        },
        "20202": {
            "year_quarter": 20202,
            "year": 2020,
            "quarter": 2,
            "eps": 0.01,
            "eps_growth_year": -95.83,
            "eps_4q": -0.05,
            "eps_4q_growth_year": -117.04,
            "roe": 0.05,
            "gross_profit": 66965,
            "gross_margin": 24.69,
            "net_income": 875,
            "revenue": 271175,
            "common_shares": 1563342,
            "equity": 1630027,
            "current_ratio": 260.78,
            "debt_ratio": 60.52,
            "inventory_turnover_ratio": 0.28,
            "account_receivable_turnover_ratio": 0.72,
            "reinvestment_rate": -1118.03,
            "research_to_sale_ratio": 0.77,
            "price_fair": 19.95,
            "eps_avg_yearly": 0.57,
            "eps_latest_yearly": 0.68,
            "eps_growth_yearly": 627.62
        },
        "20203": {
            "year_quarter": 20203,
            "year": 2020,
            "quarter": 3,
            "eps": 0.35,
            "eps_growth_year": null,
            "eps_4q": 0.3,
            "eps_4q_growth_year": 64.44,
            "roe": 3.34,
            "gross_profit": 52223,
            "gross_margin": 8.39,
            "net_income": 54599,
            "revenue": 622390,
            "common_shares": 1563342,
            "equity": 1641390,
            "current_ratio": 296.79,
            "debt_ratio": 60.26,
            "inventory_turnover_ratio": 0.89,
            "account_receivable_turnover_ratio": 1.19,
            "reinvestment_rate": -329.33,
            "research_to_sale_ratio": 0.22,
            "price_fair": 25.76,
            "eps_avg_yearly": 0.74,
            "eps_latest_yearly": 1.4,
            "eps_growth_yearly": 3222.1
        },
        "20204": {
            "year_quarter": 20204,
            "year": 2020,
            "quarter": 4,
            "eps": -0.1,
            "eps_growth_year": -160.7,
            "eps_4q": 0.04,
            "eps_4q_growth_year": -76.87,
            "roe": -0.94,
            "gross_profit": 2939,
            "gross_margin": 1.45,
            "net_income": -15407,
            "revenue": 202621,
            "common_shares": 1563342,
            "equity": 1640392,
            "current_ratio": 213.82,
            "debt_ratio": 59.6,
            "inventory_turnover_ratio": 0.45,
            "account_receivable_turnover_ratio": 0.4,
            "reinvestment_rate": -974.64,
            "research_to_sale_ratio": -0.01,
            "price_fair": 25.76,
            "eps_avg_yearly": 0.74,
            "eps_latest_yearly": 1.4,
            "eps_growth_yearly": 3222.1
        },
        "20211": {
            "year_quarter": 20211,
            "year": 2021,
            "quarter": 1,
            "eps": -0.14,
            "eps_growth_year": null,
            "eps_4q": 0.11,
            "eps_4q_growth_year": -37.45,
            "roe": -1.37,
            "gross_profit": 36677,
            "gross_margin": 16.98,
            "net_income": -22194,
            "revenue": 216035,
            "common_shares": 1563342,
            "equity": 1594022,
            "current_ratio": 197.96,
            "debt_ratio": 59.43,
            "inventory_turnover_ratio": 0.4,
            "account_receivable_turnover_ratio": 0.75,
            "reinvestment_rate": -551.86,
            "research_to_sale_ratio": 0.74,
            "price_fair": 25.76,
            "eps_avg_yearly": 0.74,
            "eps_latest_yearly": 1.4,
            "eps_growth_yearly": 3222.1
        },
        "20212": {
            "year_quarter": 20212,
            "year": 2021,
            "quarter": 2,
            "eps": 0.01,
            "eps_growth_year": 0,
            "eps_4q": 0.11,
            "eps_4q_growth_year": null,
            "roe": 0.04,
            "gross_profit": 67086,
            "gross_margin": 23.06,
            "net_income": 639,
            "revenue": 290983,
            "common_shares": 1563342,
            "equity": 1564207,
            "current_ratio": 97.42,
            "debt_ratio": 60.57,
            "inventory_turnover_ratio": 0.4,
            "account_receivable_turnover_ratio": 1.06,
            "reinvestment_rate": -205.06,
            "research_to_sale_ratio": 0.49,
            "price_fair": 25.76,
            "eps_avg_yearly": 0.74,
            "eps_latest_yearly": 1.4,
            "eps_growth_yearly": 3222.1
        },
        "20213": {
            "year_quarter": 20213,
            "year": 2021,
            "quarter": 3,
            "eps": 0.27,
            "eps_growth_year": -22.86,
            "eps_4q": 0.03,
            "eps_4q_growth_year": -89.28,
            "roe": 2.65,
            "gross_profit": 111528,
            "gross_margin": 17.46,
            "net_income": 42015,
            "revenue": 638760,
            "common_shares": 1563342,
            "equity": 1611093,
            "current_ratio": 100.02,
            "debt_ratio": 60.27,
            "inventory_turnover_ratio": 0.97,
            "account_receivable_turnover_ratio": 1.45,
            "reinvestment_rate": -115.66,
            "research_to_sale_ratio": 0.2,
            "price_fair": 29.68,
            "eps_avg_yearly": 0.85,
            "eps_latest_yearly": 1.08,
            "eps_growth_yearly": 4862.1
        },
        "20214": {
            "year_quarter": 20214,
            "year": 2021,
            "quarter": 4,
            "eps": 0.21,
            "eps_growth_year": null,
            "eps_4q": 0.34,
            "eps_4q_growth_year": 734.51,
            "roe": 2.1,
            "gross_profit": 17638,
            "gross_margin": 9,
            "net_income": 34479,
            "revenue": 196034,
            "common_shares": 1616234,
            "equity": 1666046,
            "current_ratio": 89.96,
            "debt_ratio": 58.24,
            "inventory_turnover_ratio": 0.4,
            "account_receivable_turnover_ratio": 0.43,
            "reinvestment_rate": 13.74,
            "research_to_sale_ratio": 0.65,
            "price_fair": 31.08,
            "eps_avg_yearly": 0.89,
            "eps_latest_yearly": 0.84,
            "eps_growth_yearly": 4825.86
        },
        "20221": {
            "year_quarter": 20221,
            "year": 2022,
            "quarter": 1,
            "eps": 0.08,
            "eps_growth_year": null,
            "eps_4q": 0.55,
            "eps_4q_growth_year": 383.23,
            "roe": 0.72,
            "gross_profit": 72691,
            "gross_margin": 34.92,
            "net_income": 12157,
            "revenue": 208181,
            "common_shares": 1616234,
            "equity": 1727144,
            "current_ratio": 139.18,
            "debt_ratio": 58.58,
            "inventory_turnover_ratio": 0.23,
            "account_receivable_turnover_ratio": 0.62,
            "reinvestment_rate": 47.62,
            "research_to_sale_ratio": 0.71,
            "price_fair": 27.77,
            "eps_avg_yearly": 0.79,
            "eps_latest_yearly": 0.32,
            "eps_growth_yearly": 3980.28
        },
        "20222": {
            "year_quarter": 20222,
            "year": 2022,
            "quarter": 2,
            "eps": 0.23,
            "eps_growth_year": 2200,
            "eps_4q": 0.76,
            "eps_4q_growth_year": 573.3,
            "roe": 2.21,
            "gross_profit": 121726,
            "gross_margin": 21.31,
            "net_income": 39028,
            "revenue": 571159,
            "common_shares": 1616234,
            "equity": 1799432,
            "current_ratio": 155.63,
            "debt_ratio": 59.52,
            "inventory_turnover_ratio": 0.67,
            "account_receivable_turnover_ratio": 1.25,
            "reinvestment_rate": 24.91,
            "research_to_sale_ratio": 0.17,
            "price_fair": 28.4,
            "eps_avg_yearly": 0.81,
            "eps_latest_yearly": 0.92,
            "eps_growth_yearly": 3518.81
        },
        "20223": {
            "year_quarter": 20223,
            "year": 2022,
            "quarter": 3,
            "eps": 0.23,
            "eps_growth_year": -14.81,
            "eps_4q": 0.73,
            "eps_4q_growth_year": 2173.2,
            "roe": 2.01,
            "gross_profit": 98055,
            "gross_margin": 24.19,
            "net_income": 37838,
            "revenue": 405309,
            "common_shares": 1616234,
            "equity": 1959800,
            "current_ratio": 166.51,
            "debt_ratio": 57.15,
            "inventory_turnover_ratio": 0.5,
            "account_receivable_turnover_ratio": 0.85,
            "reinvestment_rate": -57.03,
            "research_to_sale_ratio": 0.27,
            "price_fair": 30.8,
            "eps_avg_yearly": 0.88,
            "eps_latest_yearly": 0.92,
            "eps_growth_yearly": 3518.81
        },
        "20224": {
            "year_quarter": 20224,
            "year": 2022,
            "quarter": 4,
            "eps": 0.13,
            "eps_growth_year": -40.88,
            "eps_4q": 0.66,
            "eps_4q_growth_year": 92.91,
            "roe": 1.1,
            "gross_profit": 44659,
            "gross_margin": 21.67,
            "net_income": 21201,
            "revenue": 206129,
            "common_shares": 1680883,
            "equity": 1899645,
            "current_ratio": 169.69,
            "debt_ratio": 56.52,
            "inventory_turnover_ratio": 0.27,
            "account_receivable_turnover_ratio": 0.62,
            "reinvestment_rate": -109.01,
            "research_to_sale_ratio": 0.65,
            "price_fair": 30,
            "eps_avg_yearly": 0.86,
            "eps_latest_yearly": 0.52,
            "eps_growth_yearly": 3462.8
        },
        "20231": {
            "year_quarter": 20231,
            "year": 2023,
            "quarter": 1,
            "eps": -0.15,
            "eps_growth_year": -287.5,
            "eps_4q": 0.43,
            "eps_4q_growth_year": -22.44,
            "roe": -1.37,
            "gross_profit": 47713,
            "gross_margin": 28.96,
            "net_income": -26040,
            "revenue": 164747,
            "common_shares": 1680968,
            "equity": 1897636,
            "current_ratio": 189.88,
            "debt_ratio": 57,
            "inventory_turnover_ratio": 0.17,
            "account_receivable_turnover_ratio": 0.68,
            "reinvestment_rate": -110.63,
            "research_to_sale_ratio": 0.46,
            "price_fair": 30,
            "eps_avg_yearly": 0.86,
            "eps_latest_yearly": 0.52,
            "eps_growth_yearly": 3462.8
        }
    },
    "months": {
        "2001-09": {
            "month": "2001-09",
            "price": "12.51",
            "revenue": 57894
        },
        "2001-10": {
            "month": "2001-10",
            "price": "13.07",
            "revenue": 59651
        },
        "2001-11": {
            "month": "2001-11",
            "price": "16.61",
            "revenue": 61380
        },
        "2001-12": {
            "month": "2001-12",
            "price": "19.65",
            "revenue": 59337
        },
        "2002-01": {
            "month": "2002-01",
            "price": "20.20",
            "revenue": 56686
        },
        "2002-02": {
            "month": "2002-02",
            "price": "19.94",
            "revenue": 44010
        },
        "2002-03": {
            "month": "2002-03",
            "price": "23.81",
            "revenue": 54623
        },
        "2002-04": {
            "month": "2002-04",
            "price": "25.92",
            "revenue": 58874
        },
        "2002-05": {
            "month": "2002-05",
            "price": "18.83",
            "revenue": 56553
        },
        "2002-06": {
            "month": "2002-06",
            "price": "16.55",
            "revenue": 60161
        },
        "2002-07": {
            "month": "2002-07",
            "price": "14.57",
            "revenue": 62247
        },
        "2002-08": {
            "month": "2002-08",
            "price": "14.06",
            "revenue": 60246
        },
        "2002-09": {
            "month": "2002-09",
            "price": "12.69",
            "revenue": 61554
        },
        "2002-10": {
            "month": "2002-10",
            "price": "12.76",
            "revenue": 61747
        },
        "2002-11": {
            "month": "2002-11",
            "price": "12.59",
            "revenue": 54597
        },
        "2002-12": {
            "month": "2002-12",
            "price": "10.81",
            "revenue": 36837
        },
        "2003-01": {
            "month": "2003-01",
            "price": "10.42",
            "revenue": 43535
        },
        "2003-02": {
            "month": "2003-02",
            "price": "10.01",
            "revenue": 41192
        },
        "2003-03": {
            "month": "2003-03",
            "price": "9.54",
            "revenue": 52459
        },
        "2003-04": {
            "month": "2003-04",
            "price": "9.17",
            "revenue": 51480
        },
        "2003-05": {
            "month": "2003-05",
            "price": "7.59",
            "revenue": 50182
        },
        "2003-06": {
            "month": "2003-06",
            "price": "9.74",
            "revenue": 43603
        },
        "2003-07": {
            "month": "2003-07",
            "price": "10.57",
            "revenue": 51910
        },
        "2003-08": {
            "month": "2003-08",
            "price": "9.11",
            "revenue": 45473
        },
        "2003-09": {
            "month": "2003-09",
            "price": "8.35",
            "revenue": 50076
        },
        "2003-10": {
            "month": "2003-10",
            "price": "8.42",
            "revenue": 51310
        },
        "2003-11": {
            "month": "2003-11",
            "price": "8.58",
            "revenue": 55461
        },
        "2003-12": {
            "month": "2003-12",
            "price": "8.53",
            "revenue": 50251
        },
        "2004-01": {
            "month": "2004-01",
            "price": "8.96",
            "revenue": 57303
        },
        "2004-02": {
            "month": "2004-02",
            "price": "11.08",
            "revenue": 63504
        },
        "2004-03": {
            "month": "2004-03",
            "price": "11.82",
            "revenue": 71096
        },
        "2004-04": {
            "month": "2004-04",
            "price": "11.92",
            "revenue": 74213
        },
        "2004-05": {
            "month": "2004-05",
            "price": "10.15",
            "revenue": 75093
        },
        "2004-06": {
            "month": "2004-06",
            "price": "9.65",
            "revenue": 72001
        },
        "2004-07": {
            "month": "2004-07",
            "price": "8.46",
            "revenue": 77696
        },
        "2004-08": {
            "month": "2004-08",
            "price": "8.39",
            "revenue": 82240
        },
        "2004-09": {
            "month": "2004-09",
            "price": "9.53",
            "revenue": 84616
        },
        "2004-10": {
            "month": "2004-10",
            "price": "9.58",
            "revenue": 77106
        },
        "2004-11": {
            "month": "2004-11",
            "price": "8.76",
            "revenue": 72035
        },
        "2004-12": {
            "month": "2004-12",
            "price": "8.06",
            "revenue": 65439
        },
        "2005-01": {
            "month": "2005-01",
            "price": "7.49",
            "revenue": 71325
        },
        "2005-02": {
            "month": "2005-02",
            "price": "8.36",
            "revenue": 54833
        },
        "2005-03": {
            "month": "2005-03",
            "price": "9.13",
            "revenue": 60083
        },
        "2005-04": {
            "month": "2005-04",
            "price": "8.38",
            "revenue": 70256
        },
        "2005-05": {
            "month": "2005-05",
            "price": "7.37",
            "revenue": 73122
        },
        "2005-06": {
            "month": "2005-06",
            "price": "8.34",
            "revenue": 70257
        },
        "2005-07": {
            "month": "2005-07",
            "price": "9.24",
            "revenue": 72171
        },
        "2005-08": {
            "month": "2005-08",
            "price": "9.10",
            "revenue": 75426
        },
        "2005-09": {
            "month": "2005-09",
            "price": "8.67",
            "revenue": 80066
        },
        "2005-10": {
            "month": "2005-10",
            "price": "8.12",
            "revenue": 83865
        },
        "2005-11": {
            "month": "2005-11",
            "price": "8.07",
            "revenue": 91637
        },
        "2005-12": {
            "month": "2005-12",
            "price": "10.65",
            "revenue": 101876
        },
        "2006-01": {
            "month": "2006-01",
            "price": "18.17",
            "revenue": 90264
        },
        "2006-02": {
            "month": "2006-02",
            "price": "22.23",
            "revenue": 85125
        },
        "2006-03": {
            "month": "2006-03",
            "price": "24.52",
            "revenue": 91205
        },
        "2006-04": {
            "month": "2006-04",
            "price": "23.26",
            "revenue": 102581
        },
        "2006-05": {
            "month": "2006-05",
            "price": "22.31",
            "revenue": 86356
        },
        "2006-06": {
            "month": "2006-06",
            "price": "22.00",
            "revenue": 62867
        },
        "2006-07": {
            "month": "2006-07",
            "price": "22.60",
            "revenue": 91279
        },
        "2006-08": {
            "month": "2006-08",
            "price": "23.48",
            "revenue": 101436
        },
        "2006-09": {
            "month": "2006-09",
            "price": "22.02",
            "revenue": 103397
        },
        "2006-10": {
            "month": "2006-10",
            "price": "26.57",
            "revenue": 127315
        },
        "2006-11": {
            "month": "2006-11",
            "price": "30.12",
            "revenue": 105622
        },
        "2006-12": {
            "month": "2006-12",
            "price": "31.20",
            "revenue": 98633
        },
        "2007-01": {
            "month": "2007-01",
            "price": "36.15",
            "revenue": 91530
        },
        "2007-02": {
            "month": "2007-02",
            "price": "41.23",
            "revenue": 63222
        },
        "2007-03": {
            "month": "2007-03",
            "price": "42.97",
            "revenue": 83224
        },
        "2007-04": {
            "month": "2007-04",
            "price": "42.80",
            "revenue": 91135
        },
        "2007-05": {
            "month": "2007-05",
            "price": "40.12",
            "revenue": 91696
        },
        "2007-06": {
            "month": "2007-06",
            "price": "41.86",
            "revenue": 93568
        },
        "2007-07": {
            "month": "2007-07",
            "price": "42.32",
            "revenue": 100856
        },
        "2007-08": {
            "month": "2007-08",
            "price": "41.01",
            "revenue": 110698
        },
        "2007-09": {
            "month": "2007-09",
            "price": "41.79",
            "revenue": 118954
        },
        "2007-10": {
            "month": "2007-10",
            "price": "41.76",
            "revenue": 111301
        },
        "2007-11": {
            "month": "2007-11",
            "price": "40.04",
            "revenue": 100440
        },
        "2007-12": {
            "month": "2007-12",
            "price": "40.43",
            "revenue": 81638
        },
        "2008-01": {
            "month": "2008-01",
            "price": "39.91",
            "revenue": 90186
        },
        "2008-02": {
            "month": "2008-02",
            "price": "38.89",
            "revenue": 80435
        },
        "2008-03": {
            "month": "2008-03",
            "price": "40.84",
            "revenue": 100630
        },
        "2008-04": {
            "month": "2008-04",
            "price": "41.84",
            "revenue": 106135
        },
        "2008-05": {
            "month": "2008-05",
            "price": "38.74",
            "revenue": 110717
        },
        "2008-06": {
            "month": "2008-06",
            "price": "37.85",
            "revenue": 100427
        },
        "2008-07": {
            "month": "2008-07",
            "price": "36.78",
            "revenue": 91964
        },
        "2008-08": {
            "month": "2008-08",
            "price": "34.23",
            "revenue": 93157
        },
        "2008-09": {
            "month": "2008-09",
            "price": "34.87",
            "revenue": 93473
        },
        "2008-10": {
            "month": "2008-10",
            "price": "32.83",
            "revenue": 90460
        },
        "2008-11": {
            "month": "2008-11",
            "price": "29.97",
            "revenue": 64148
        },
        "2008-12": {
            "month": "2008-12",
            "price": "28.60",
            "revenue": 51226
        },
        "2009-01": {
            "month": "2009-01",
            "price": "27.22",
            "revenue": 45400
        },
        "2009-02": {
            "month": "2009-02",
            "price": "28.08",
            "revenue": 58302
        },
        "2009-03": {
            "month": "2009-03",
            "price": "29.83",
            "revenue": 72004
        },
        "2009-04": {
            "month": "2009-04",
            "price": "30.39",
            "revenue": 86027
        },
        "2009-05": {
            "month": "2009-05",
            "price": "30.31",
            "revenue": 90339
        },
        "2009-06": {
            "month": "2009-06",
            "price": "30.14",
            "revenue": 77740
        },
        "2009-07": {
            "month": "2009-07",
            "price": "29.98",
            "revenue": 87036
        },
        "2009-08": {
            "month": "2009-08",
            "price": "28.51",
            "revenue": 91799
        },
        "2009-09": {
            "month": "2009-09",
            "price": "28.49",
            "revenue": 94003
        },
        "2009-10": {
            "month": "2009-10",
            "price": "31.29",
            "revenue": 100381
        },
        "2009-11": {
            "month": "2009-11",
            "price": "30.54",
            "revenue": 110312
        },
        "2009-12": {
            "month": "2009-12",
            "price": "31.19",
            "revenue": 110084
        },
        "2010-01": {
            "month": "2010-01",
            "price": "34.63",
            "revenue": 106730
        },
        "2010-02": {
            "month": "2010-02",
            "price": "32.01",
            "revenue": 84231
        },
        "2010-03": {
            "month": "2010-03",
            "price": "32.00",
            "revenue": 102486
        },
        "2010-04": {
            "month": "2010-04",
            "price": "31.95",
            "revenue": 103419
        },
        "2010-05": {
            "month": "2010-05",
            "price": "29.68",
            "revenue": 104107
        },
        "2010-06": {
            "month": "2010-06",
            "price": "30.22",
            "revenue": 105664
        },
        "2010-07": {
            "month": "2010-07",
            "price": "30.56",
            "revenue": 110609
        },
        "2010-08": {
            "month": "2010-08",
            "price": "33.29",
            "revenue": 111331
        },
        "2010-09": {
            "month": "2010-09",
            "price": "32.10",
            "revenue": 101406
        },
        "2010-10": {
            "month": "2010-10",
            "price": "31.09",
            "revenue": 102116
        },
        "2010-11": {
            "month": "2010-11",
            "price": "29.75",
            "revenue": 111180
        },
        "2010-12": {
            "month": "2010-12",
            "price": "29.32",
            "revenue": 107257
        },
        "2011-01": {
            "month": "2011-01",
            "price": "29.33",
            "revenue": 103198
        },
        "2011-02": {
            "month": "2011-02",
            "price": "29.32",
            "revenue": 73629
        },
        "2011-03": {
            "month": "2011-03",
            "price": "29.19",
            "revenue": 100258
        },
        "2011-04": {
            "month": "2011-04",
            "price": "29.15",
            "revenue": 101084
        },
        "2011-05": {
            "month": "2011-05",
            "price": "28.69",
            "revenue": 101932
        },
        "2011-06": {
            "month": "2011-06",
            "price": "28.96",
            "revenue": 100277
        },
        "2011-07": {
            "month": "2011-07",
            "price": "28.81",
            "revenue": 92947
        },
        "2011-08": {
            "month": "2011-08",
            "price": "27.87",
            "revenue": 100511
        },
        "2011-09": {
            "month": "2011-09",
            "price": "27.01",
            "revenue": 85763
        },
        "2011-10": {
            "month": "2011-10",
            "price": "26.80",
            "revenue": 84183
        },
        "2011-11": {
            "month": "2011-11",
            "price": "27.39",
            "revenue": 70815
        },
        "2011-12": {
            "month": "2011-12",
            "price": "26.37",
            "revenue": 57258
        },
        "2012-01": {
            "month": "2012-01",
            "price": "25.94",
            "revenue": 47435
        },
        "2012-02": {
            "month": "2012-02",
            "price": "25.49",
            "revenue": 57231
        },
        "2012-03": {
            "month": "2012-03",
            "price": "25.16",
            "revenue": 61370
        },
        "2012-04": {
            "month": "2012-04",
            "price": "24.85",
            "revenue": 67340
        },
        "2012-05": {
            "month": "2012-05",
            "price": "24.55",
            "revenue": 70131
        },
        "2012-06": {
            "month": "2012-06",
            "price": "24.15",
            "revenue": 80226
        },
        "2012-07": {
            "month": "2012-07",
            "price": "24.05",
            "revenue": 80844
        },
        "2012-08": {
            "month": "2012-08",
            "price": "24.99",
            "revenue": 82111
        },
        "2012-09": {
            "month": "2012-09",
            "price": "25.19",
            "revenue": 80310
        },
        "2012-10": {
            "month": "2012-10",
            "price": "24.95",
            "revenue": 82824
        },
        "2012-11": {
            "month": "2012-11",
            "price": "24.77",
            "revenue": 75292
        },
        "2012-12": {
            "month": "2012-12",
            "price": "24.76",
            "revenue": 65912
        },
        "2013-01": {
            "month": "2013-01",
            "price": "26.33",
            "revenue": 80331
        },
        "2013-02": {
            "month": "2013-02",
            "price": "28.15",
            "revenue": 54728
        },
        "2013-03": {
            "month": "2013-03",
            "price": "29.13",
            "revenue": 83660
        },
        "2013-04": {
            "month": "2013-04",
            "price": "30.15",
            "revenue": 78155
        },
        "2013-05": {
            "month": "2013-05",
            "price": "31.35",
            "revenue": 87080
        },
        "2013-06": {
            "month": "2013-06",
            "price": "29.87",
            "revenue": 95475
        },
        "2013-07": {
            "month": "2013-07",
            "price": "30.90",
            "revenue": 196084
        },
        "2013-08": {
            "month": "2013-08",
            "price": "30.91",
            "revenue": 180972
        },
        "2013-09": {
            "month": "2013-09",
            "price": "30.85",
            "revenue": 133567
        },
        "2013-10": {
            "month": "2013-10",
            "price": "31.32",
            "revenue": 150633
        },
        "2013-11": {
            "month": "2013-11",
            "price": "33.25",
            "revenue": 96343
        },
        "2013-12": {
            "month": "2013-12",
            "price": "37.11",
            "revenue": 99968
        },
        "2014-01": {
            "month": "2014-01",
            "price": "36.90",
            "revenue": 69055
        },
        "2014-02": {
            "month": "2014-02",
            "price": "36.73",
            "revenue": 75458
        },
        "2014-03": {
            "month": "2014-03",
            "price": "37.43",
            "revenue": 85874
        },
        "2014-04": {
            "month": "2014-04",
            "price": "36.57",
            "revenue": 78912
        },
        "2014-05": {
            "month": "2014-05",
            "price": "36.98",
            "revenue": 85759
        },
        "2014-06": {
            "month": "2014-06",
            "price": "38.20",
            "revenue": 117604
        },
        "2014-07": {
            "month": "2014-07",
            "price": "37.84",
            "revenue": 139865
        },
        "2014-08": {
            "month": "2014-08",
            "price": "36.37",
            "revenue": 195616
        },
        "2014-09": {
            "month": "2014-09",
            "price": "36.91",
            "revenue": 116010
        },
        "2014-10": {
            "month": "2014-10",
            "price": "35.74",
            "revenue": 80425
        },
        "2014-11": {
            "month": "2014-11",
            "price": "33.67",
            "revenue": 128930
        },
        "2014-12": {
            "month": "2014-12",
            "price": "31.67",
            "revenue": 107780
        },
        "2015-01": {
            "month": "2015-01",
            "price": "33.02",
            "revenue": 94307
        },
        "2015-02": {
            "month": "2015-02",
            "price": "34.35",
            "revenue": 70752
        },
        "2015-03": {
            "month": "2015-03",
            "price": "33.92",
            "revenue": 83612
        },
        "2015-04": {
            "month": "2015-04",
            "price": "33.33",
            "revenue": 83793
        },
        "2015-05": {
            "month": "2015-05",
            "price": "32.38",
            "revenue": 83445
        },
        "2015-06": {
            "month": "2015-06",
            "price": "31.03",
            "revenue": 102822
        },
        "2015-07": {
            "month": "2015-07",
            "price": "30.87",
            "revenue": 162672
        },
        "2015-08": {
            "month": "2015-08",
            "price": "30.54",
            "revenue": 156624
        },
        "2015-09": {
            "month": "2015-09",
            "price": "31.19",
            "revenue": 97834
        },
        "2015-10": {
            "month": "2015-10",
            "price": "32.89",
            "revenue": 80958
        },
        "2015-11": {
            "month": "2015-11",
            "price": "32.03",
            "revenue": 70782
        },
        "2015-12": {
            "month": "2015-12",
            "price": "29.82",
            "revenue": 84021
        },
        "2016-01": {
            "month": "2016-01",
            "price": "31.69",
            "revenue": 91403
        },
        "2016-02": {
            "month": "2016-02",
            "price": "33.80",
            "revenue": 56717
        },
        "2016-03": {
            "month": "2016-03",
            "price": "34.09",
            "revenue": 123580
        },
        "2016-04": {
            "month": "2016-04",
            "price": "33.07",
            "revenue": 108909
        },
        "2016-05": {
            "month": "2016-05",
            "price": "32.96",
            "revenue": 138004
        },
        "2016-06": {
            "month": "2016-06",
            "price": "33.47",
            "revenue": 256179
        },
        "2016-07": {
            "month": "2016-07",
            "price": "33.74",
            "revenue": 189450
        },
        "2016-08": {
            "month": "2016-08",
            "price": "34.28",
            "revenue": 280228
        },
        "2016-09": {
            "month": "2016-09",
            "price": "34.59",
            "revenue": 219647
        },
        "2016-10": {
            "month": "2016-10",
            "price": "34.08",
            "revenue": 175335
        },
        "2016-11": {
            "month": "2016-11",
            "price": "33.81",
            "revenue": 173494
        },
        "2016-12": {
            "month": "2016-12",
            "price": "34.98",
            "revenue": 236231
        },
        "2017-01": {
            "month": "2017-01",
            "price": "35.60",
            "revenue": 108144
        },
        "2017-02": {
            "month": "2017-02",
            "price": "35.76",
            "revenue": 88535
        },
        "2017-03": {
            "month": "2017-03",
            "price": "34.93",
            "revenue": 143819
        },
        "2017-04": {
            "month": "2017-04",
            "price": "36.56",
            "revenue": 185010
        },
        "2017-05": {
            "month": "2017-05",
            "price": "38.38",
            "revenue": 222730
        },
        "2017-06": {
            "month": "2017-06",
            "price": "39.21",
            "revenue": 152979
        },
        "2017-07": {
            "month": "2017-07",
            "price": "39.91",
            "revenue": 279875
        },
        "2017-08": {
            "month": "2017-08",
            "price": "38.81",
            "revenue": 324968
        },
        "2017-09": {
            "month": "2017-09",
            "price": "38.11",
            "revenue": 249746
        },
        "2017-10": {
            "month": "2017-10",
            "price": "38.08",
            "revenue": 152000
        },
        "2017-11": {
            "month": "2017-11",
            "price": "36.10",
            "revenue": 195018
        },
        "2017-12": {
            "month": "2017-12",
            "price": "35.00",
            "revenue": 113110
        },
        "2018-01": {
            "month": "2018-01",
            "price": "35.09",
            "revenue": 169384
        },
        "2018-02": {
            "month": "2018-02",
            "price": "36.61",
            "revenue": 120702
        },
        "2018-03": {
            "month": "2018-03",
            "price": "39.07",
            "revenue": 199365
        },
        "2018-04": {
            "month": "2018-04",
            "price": "39.18",
            "revenue": 227017
        },
        "2018-05": {
            "month": "2018-05",
            "price": "34.60",
            "revenue": 123808
        },
        "2018-06": {
            "month": "2018-06",
            "price": "33.11",
            "revenue": 229122
        },
        "2018-07": {
            "month": "2018-07",
            "price": "31.27",
            "revenue": 242456
        },
        "2018-08": {
            "month": "2018-08",
            "price": "31.03",
            "revenue": 334909
        },
        "2018-09": {
            "month": "2018-09",
            "price": "31.19",
            "revenue": 329304
        },
        "2018-10": {
            "month": "2018-10",
            "price": "30.31",
            "revenue": 216292
        },
        "2018-11": {
            "month": "2018-11",
            "price": "30.03",
            "revenue": 160771
        },
        "2018-12": {
            "month": "2018-12",
            "price": "31.68",
            "revenue": 266139
        },
        "2019-01": {
            "month": "2019-01",
            "price": "32.75",
            "revenue": 268970
        },
        "2019-02": {
            "month": "2019-02",
            "price": "32.79",
            "revenue": 207513
        },
        "2019-03": {
            "month": "2019-03",
            "price": "34.12",
            "revenue": 227317
        },
        "2019-04": {
            "month": "2019-04",
            "price": "32.10",
            "revenue": 312286
        },
        "2019-05": {
            "month": "2019-05",
            "price": "32.92",
            "revenue": 252318
        },
        "2019-06": {
            "month": "2019-06",
            "price": "33.06",
            "revenue": 229375
        },
        "2019-07": {
            "month": "2019-07",
            "price": "35.32",
            "revenue": 304911
        },
        "2019-08": {
            "month": "2019-08",
            "price": "32.30",
            "revenue": 244046
        },
        "2019-09": {
            "month": "2019-09",
            "price": "33.40",
            "revenue": 92266
        },
        "2019-10": {
            "month": "2019-10",
            "price": "32.76",
            "revenue": 57798
        },
        "2019-11": {
            "month": "2019-11",
            "price": "32.92",
            "revenue": 61841
        },
        "2019-12": {
            "month": "2019-12",
            "price": "33.48",
            "revenue": 174974
        },
        "2020-01": {
            "month": "2020-01",
            "price": "34.84",
            "revenue": 51196
        },
        "2020-02": {
            "month": "2020-02",
            "price": "34.71",
            "revenue": 40282
        },
        "2020-03": {
            "month": "2020-03",
            "price": "32.83",
            "revenue": 54823
        },
        "2020-04": {
            "month": "2020-04",
            "price": "31.24",
            "revenue": 60305
        },
        "2020-05": {
            "month": "2020-05",
            "price": "29.98",
            "revenue": 80022
        },
        "2020-06": {
            "month": "2020-06",
            "price": "28.76",
            "revenue": 133593
        },
        "2020-07": {
            "month": "2020-07",
            "price": "28.65",
            "revenue": 271980
        },
        "2020-08": {
            "month": "2020-08",
            "price": "29.01",
            "revenue": 236926
        },
        "2020-09": {
            "month": "2020-09",
            "price": "29.88",
            "revenue": 89992
        },
        "2020-10": {
            "month": "2020-10",
            "price": "29.93",
            "revenue": 69198
        },
        "2020-11": {
            "month": "2020-11",
            "price": "30.45",
            "revenue": 61568
        },
        "2020-12": {
            "month": "2020-12",
            "price": "31.45",
            "revenue": 95273
        },
        "2021-01": {
            "month": "2021-01",
            "price": "32.74",
            "revenue": 78760
        },
        "2021-02": {
            "month": "2021-02",
            "price": "33.41",
            "revenue": 57929
        },
        "2021-03": {
            "month": "2021-03",
            "price": "33.88",
            "revenue": 79317
        },
        "2021-04": {
            "month": "2021-04",
            "price": "34.30",
            "revenue": 70422
        },
        "2021-05": {
            "month": "2021-05",
            "price": "32.28",
            "revenue": 79047
        },
        "2021-06": {
            "month": "2021-06",
            "price": "33.96",
            "revenue": 141506
        },
        "2021-07": {
            "month": "2021-07",
            "price": "40.16",
            "revenue": 205450
        },
        "2021-08": {
            "month": "2021-08",
            "price": "43.86",
            "revenue": 185588
        },
        "2021-09": {
            "month": "2021-09",
            "price": "43.76",
            "revenue": 247457
        },
        "2021-10": {
            "month": "2021-10",
            "price": "37.05",
            "revenue": 66903
        },
        "2021-11": {
            "month": "2021-11",
            "price": "37.24",
            "revenue": 67048
        },
        "2021-12": {
            "month": "2021-12",
            "price": "35.93",
            "revenue": 62146
        },
        "2022-01": {
            "month": "2022-01",
            "price": "35.32",
            "revenue": 89779
        },
        "2022-02": {
            "month": "2022-02",
            "price": "34.44",
            "revenue": 61073
        },
        "2022-03": {
            "month": "2022-03",
            "price": "33.82",
            "revenue": 57330
        },
        "2022-04": {
            "month": "2022-04",
            "price": "33.43",
            "revenue": 79756
        },
        "2022-05": {
            "month": "2022-05",
            "price": "32.73",
            "revenue": 200425
        },
        "2022-06": {
            "month": "2022-06",
            "price": "34.82",
            "revenue": 290944
        },
        "2022-07": {
            "month": "2022-07",
            "price": "34.63",
            "revenue": 234568
        },
        "2022-08": {
            "month": "2022-08",
            "price": "33.56",
            "revenue": 104104
        },
        "2022-09": {
            "month": "2022-09",
            "price": "32.27",
            "revenue": 66799
        },
        "2022-10": {
            "month": "2022-10",
            "price": "32.26",
            "revenue": 77754
        },
        "2022-11": {
            "month": "2022-11",
            "price": "34.68",
            "revenue": 64628
        },
        "2022-12": {
            "month": "2022-12",
            "price": "33.78",
            "revenue": 63596
        },
        "2023-01": {
            "month": "2023-01",
            "price": "33.47",
            "revenue": 38956
        },
        "2023-02": {
            "month": "2023-02",
            "price": "34.79",
            "revenue": 47282
        },
        "2023-03": {
            "month": "2023-03",
            "price": "34.28",
            "revenue": 68994
        },
        "2023-04": {
            "month": "2023-04",
            "price": "34.90",
            "revenue": 96733
        }
    }
}
