{
    "summary": {
        "stock_name": "志聖",
        "stock_id": "2467",
        "category": "電子零組件",
        "main_business": "印刷電路板業製程設備：光阻製程設備、光固化/曝光製程設備..<br>平面顯示器業製程設備：TFT Array / Cell /CF/TFT-LCM製程設備..<br>半導體業  &amp; 太陽光電業製程設備：晶圓表面清潔電漿處理設備..",
        "website_url": "http://www.csun.com.tw",
        "ceo": "梁又文",
        "pe_ratio": 39,
        "report_year_from": 2001,
        "report_year_to": 2023,
        "age": 23,
        "eps_negative_percentage": 4,
        "eps_growth_avg": {
            "last_all": 2.62,
            "last_2y": 7.48,
            "last_4y": 3.75,
            "last_8y": 6.59,
            "last_12y": 0.02,
            "last_16y": -0.25,
            "last_20y": 5.01,
            "at_2006_last_3y": 26.03,
            "at_2007_last_3y": 25.37,
            "at_2008_last_3y": -6.62,
            "at_2009_last_3y": -17.55,
            "at_2010_last_3y": -1.05,
            "at_2011_last_3y": 6.56,
            "at_2012_last_3y": 4.93,
            "at_2013_last_3y": 15.39,
            "at_2014_last_3y": -13.12,
            "at_2015_last_3y": -35.49,
            "at_2016_last_3y": -35.82,
            "at_2017_last_3y": -5.89,
            "at_2018_last_3y": 11.34,
            "at_2019_last_3y": 30.11,
            "at_2020_last_3y": 32.58,
            "at_2021_last_3y": 20.81,
            "at_2022_last_3y": 12.66,
            "at_2023_last_3y": 15.61,
            "at_2024_last_3y": 15.61,
            "at_2006_last_all": 11.78,
            "at_2007_last_all": 2.99,
            "at_2008_last_all": -1.43,
            "at_2009_last_all": -5.66,
            "at_2010_last_all": 6.08,
            "at_2011_last_all": 4.42,
            "at_2012_last_all": 0.88,
            "at_2013_last_all": 1.36,
            "at_2014_last_all": 0.17,
            "at_2015_last_all": -6.98,
            "at_2016_last_all": -6.98,
            "at_2017_last_all": -0.09,
            "at_2018_last_all": 2.26,
            "at_2019_last_all": -0.44,
            "at_2020_last_all": 1.81,
            "at_2021_last_all": 4.31,
            "at_2022_last_all": 4.34,
            "at_2023_last_all": 2.62,
            "at_2024_last_all": 2.62
        },
        "latest_eps": 3.26,
        "latest_price": 128,
        "latest_roe": 15.38,
        "latest_gross_margin": 43.53,
        "latest_equity": 3414579,
        "latest_revenue": 1025404,
        "latest_gross_profit": 446368,
        "latest_net_income": 135206,
        "latest_debt_ratio": 57.34,
        "latest_current_ratio": 160.89,
        "latest_account_receivable_turnover_ratio": 0.57,
        "latest_inventory_turnover_ratio": 0.85,
        "latest_reinvestment_rate": 57.95,
        "latest_research_to_sale_ratio": 8.02
    },
    "eps_dividends": {
        "1998": {
            "cash": 0,
            "stock": 1.85,
            "eps": 0
        },
        "1999": {
            "cash": 0,
            "stock": 1.58,
            "eps": 0
        },
        "2000": {
            "cash": 2.08,
            "stock": 0,
            "eps": 0
        },
        "2001": {
            "cash": 0,
            "stock": 2.64,
            "eps": 2.19
        },
        "2002": {
            "cash": 0,
            "stock": 2.53,
            "eps": 1.2
        },
        "2003": {
            "cash": 0.4,
            "stock": 0.6,
            "eps": 0.74
        },
        "2004": {
            "cash": 0,
            "stock": 1,
            "eps": 2.25
        },
        "2005": {
            "cash": 0.79,
            "stock": 0.85,
            "eps": 2.44
        },
        "2006": {
            "cash": 0.94,
            "stock": 1.07,
            "eps": 3.27
        },
        "2007": {
            "cash": 1.72,
            "stock": 0.45,
            "eps": 1.93
        },
        "2008": {
            "cash": 1.22,
            "stock": 0.31,
            "eps": 1.39
        },
        "2009": {
            "cash": 0.25,
            "stock": 0.25,
            "eps": 0.9
        },
        "2010": {
            "cash": 1.2,
            "stock": 0,
            "eps": 2.85
        },
        "2011": {
            "cash": 3.8499999999999996,
            "stock": 0,
            "eps": 2.55
        },
        "2012": {
            "cash": 0,
            "stock": 0,
            "eps": 1.67
        },
        "2013": {
            "cash": 1.5,
            "stock": 0,
            "eps": 1.78
        },
        "2014": {
            "cash": 1.5,
            "stock": 0,
            "eps": 1.53
        },
        "2015": {
            "cash": 1.3,
            "stock": 0,
            "eps": -3.13
        },
        "2016": {
            "cash": 0,
            "stock": 0,
            "eps": 1.38
        },
        "2017": {
            "cash": 0.5,
            "stock": 0,
            "eps": 2.71
        },
        "2018": {
            "cash": 1.5,
            "stock": 0,
            "eps": 3.73
        },
        "2019": {
            "cash": 2.5,
            "stock": 0,
            "eps": 2.1
        },
        "2020": {
            "cash": 2.5,
            "stock": 0,
            "eps": 2.94
        },
        "2021": {
            "cash": 2.51,
            "stock": 0.2,
            "eps": 4.39
        },
        "2022": {
            "cash": 3,
            "stock": 0.3,
            "eps": 4.61
        },
        "2023": {
            "cash": 3.6,
            "stock": 0,
            "eps": 3.14
        },
        "2024": {
            "cash": 3,
            "stock": 0,
            "eps": 0
        }
    },
    "dividends": {
        "1998-05-09": {
            "cash": 0,
            "stock": 1.85
        },
        "1999-04-08": {
            "cash": 0,
            "stock": 1.58
        },
        "2000-04-26": {
            "cash": 2.08,
            "stock": 0
        },
        "2001-04-26": {
            "cash": 0,
            "stock": 2.64
        },
        "2002-05-21": {
            "cash": 0,
            "stock": 2.53
        },
        "2003-03-18": {
            "cash": 0.4,
            "stock": 0.6
        },
        "2004-03-02": {
            "cash": 0,
            "stock": 1
        },
        "2005-04-16": {
            "cash": 0.79,
            "stock": 0.85
        },
        "2006-03-23": {
            "cash": 0.94,
            "stock": 1.07
        },
        "2007-05-10": {
            "cash": 1.72,
            "stock": 0.45
        },
        "2008-03-20": {
            "cash": 1.22,
            "stock": 0.31
        },
        "2009-04-24": {
            "cash": 0.25,
            "stock": 0.25
        },
        "2010-03-25": {
            "cash": 1.2,
            "stock": 0
        },
        "2011-01-01": {
            "cash": 1.8,
            "stock": 0
        },
        "2011-04-28": {
            "cash": 2.05,
            "stock": 0
        },
        "2013-03-28": {
            "cash": 1.5,
            "stock": 0
        },
        "2014-06-12": {
            "cash": 1.5,
            "stock": 0
        },
        "2015-07-31": {
            "cash": 1.3,
            "stock": 0
        },
        "2017-07-20": {
            "cash": 0.5,
            "stock": 0
        },
        "2018-07-13": {
            "cash": 1.5,
            "stock": 0
        },
        "2019-08-02": {
            "cash": 2.5,
            "stock": 0
        },
        "2020-07-03": {
            "cash": 2.5,
            "stock": 0
        },
        "2021-08-25": {
            "cash": 2.51,
            "stock": 0.2
        },
        "2022-07-28": {
            "cash": 3,
            "stock": 0.3
        },
        "2023-06-27": {
            "cash": 3.6,
            "stock": 0
        },
        "2024-03-05": {
            "cash": 3,
            "stock": 0
        }
    },
    "prices": {
        "200101": "無",
        "200102": "無",
        "200103": "無",
        "200104": "無",
        "200105": "無",
        "200106": "無",
        "200107": "無",
        "200108": "無",
        "200109": "16.48",
        "200110": "16.27",
        "200111": "19.99",
        "200112": "27.97",
        "200201": "27.90",
        "200202": "26.45",
        "200203": "29.25",
        "200204": "30.50",
        "200205": "26.88",
        "200206": "26.46",
        "200207": "22.13",
        "200208": "19.14",
        "200209": "18.12",
        "200210": "16.64",
        "200211": "17.45",
        "200212": "16.33",
        "200301": "16.05",
        "200302": "15.91",
        "200303": "15.11",
        "200304": "13.32",
        "200305": "11.63",
        "200306": "13.70",
        "200307": "21.97",
        "200308": "23.27",
        "200309": "16.39",
        "200310": "16.64",
        "200311": "19.02",
        "200312": "19.29",
        "200401": "18.64",
        "200402": "19.37",
        "200403": "19.58",
        "200404": "23.15",
        "200405": "20.07",
        "200406": "19.06",
        "200407": "18.00",
        "200408": "17.16",
        "200409": "18.35",
        "200410": "20.08",
        "200411": "19.05",
        "200412": "18.93",
        "200501": "17.40",
        "200502": "17.41",
        "200503": "18.17",
        "200504": "17.46",
        "200505": "16.90",
        "200506": "17.74",
        "200507": "18.64",
        "200508": "18.69",
        "200509": "17.84",
        "200510": "15.85",
        "200511": "15.61",
        "200512": "17.16",
        "200601": "18.04",
        "200602": "17.41",
        "200603": "17.80",
        "200604": "19.39",
        "200605": "20.69",
        "200606": "18.68",
        "200607": "18.92",
        "200608": "18.48",
        "200609": "18.57",
        "200610": "19.92",
        "200611": "21.87",
        "200612": "25.17",
        "200701": "25.35",
        "200702": "24.35",
        "200703": "24.00",
        "200704": "24.54",
        "200705": "23.15",
        "200706": "24.43",
        "200707": "25.96",
        "200708": "23.85",
        "200709": "23.15",
        "200710": "22.66",
        "200711": "19.50",
        "200712": "17.74",
        "200801": "17.62",
        "200802": "17.26",
        "200803": "17.96",
        "200804": "18.56",
        "200805": "18.85",
        "200806": "17.86",
        "200807": "15.71",
        "200808": "15.02",
        "200809": "11.54",
        "200810": "9.58",
        "200811": "9.37",
        "200812": "9.10",
        "200901": "8.85",
        "200902": "8.33",
        "200903": "9.09",
        "200904": "10.37",
        "200905": "10.55",
        "200906": "10.70",
        "200907": "11.07",
        "200908": "11.54",
        "200909": "12.46",
        "200910": "14.17",
        "200911": "15.98",
        "200912": "16.97",
        "201001": "19.47",
        "201002": "17.37",
        "201003": "19.63",
        "201004": "21.67",
        "201005": "19.52",
        "201006": "19.01",
        "201007": "21.26",
        "201008": "22.49",
        "201009": "25.55",
        "201010": "25.63",
        "201011": "24.37",
        "201012": "26.30",
        "201101": "26.44",
        "201102": "26.28",
        "201103": "25.95",
        "201104": "26.96",
        "201105": "26.66",
        "201106": "28.32",
        "201107": "27.44",
        "201108": "21.74",
        "201109": "20.81",
        "201110": "20.08",
        "201111": "19.93",
        "201112": "17.10",
        "201201": "17.56",
        "201202": "21.28",
        "201203": "22.10",
        "201204": "21.79",
        "201205": "21.24",
        "201206": "21.25",
        "201207": "19.47",
        "201208": "19.47",
        "201209": "19.88",
        "201210": "19.37",
        "201211": "18.65",
        "201212": "18.56",
        "201301": "19.40",
        "201302": "19.96",
        "201303": "20.93",
        "201304": "21.15",
        "201305": "21.18",
        "201306": "21.17",
        "201307": "21.15",
        "201308": "20.00",
        "201309": "20.15",
        "201310": "20.67",
        "201311": "20.15",
        "201312": "20.23",
        "201401": "20.62",
        "201402": "21.25",
        "201403": "24.15",
        "201404": "29.85",
        "201405": "27.57",
        "201406": "27.70",
        "201407": "25.57",
        "201408": "24.26",
        "201409": "24.74",
        "201410": "22.51",
        "201411": "21.37",
        "201412": "21.61",
        "201501": "22.96",
        "201502": "22.15",
        "201503": "21.85",
        "201504": "21.73",
        "201505": "19.70",
        "201506": "18.18",
        "201507": "17.48",
        "201508": "14.50",
        "201509": "13.89",
        "201510": "14.57",
        "201511": "13.19",
        "201512": "12.17",
        "201601": "12.06",
        "201602": "13.90",
        "201603": "15.86",
        "201604": "15.17",
        "201605": "14.25",
        "201606": "14.75",
        "201607": "15.19",
        "201608": "14.82",
        "201609": "15.61",
        "201610": "15.82",
        "201611": "15.89",
        "201612": "17.98",
        "201701": "20.38",
        "201702": "20.55",
        "201703": "21.28",
        "201704": "19.91",
        "201705": "18.08",
        "201706": "19.03",
        "201707": "19.62",
        "201708": "24.40",
        "201709": "27.13",
        "201710": "27.07",
        "201711": "27.35",
        "201712": "26.51",
        "201801": "28.41",
        "201802": "26.42",
        "201803": "26.92",
        "201804": "26.97",
        "201805": "26.76",
        "201806": "27.96",
        "201807": "26.52",
        "201808": "27.98",
        "201809": "26.08",
        "201810": "25.17",
        "201811": "25.34",
        "201812": "25.74",
        "201901": "26.84",
        "201902": "27.90",
        "201903": "28.90",
        "201904": "33.20",
        "201905": "32.54",
        "201906": "31.91",
        "201907": "30.42",
        "201908": "27.71",
        "201909": "27.58",
        "201910": "25.87",
        "201911": "25.50",
        "201912": "26.30",
        "202001": "25.59",
        "202002": "23.47",
        "202003": "25.44",
        "202004": "26.65",
        "202005": "29.16",
        "202006": "29.28",
        "202007": "28.77",
        "202008": "27.72",
        "202009": "27.57",
        "202010": "29.94",
        "202011": "33.69",
        "202012": "35.92",
        "202101": "41.14",
        "202102": "43.47",
        "202103": "47.92",
        "202104": "56.39",
        "202105": "51.76",
        "202106": "54.10",
        "202107": "59.43",
        "202108": "50.67",
        "202109": "47.16",
        "202110": "44.45",
        "202111": "48.09",
        "202112": "50.70",
        "202201": "50.31",
        "202202": "49.04",
        "202203": "49.60",
        "202204": "45.75",
        "202205": "43.41",
        "202206": "44.58",
        "202207": "41.37",
        "202208": "46.02",
        "202209": "46.79",
        "202210": "44.02",
        "202211": "45.01",
        "202212": "43.91",
        "202301": "43.77",
        "202302": "45.27",
        "202303": "48.72",
        "202304": "47.98",
        "202305": "48.73",
        "202306": "49.84",
        "202307": "47.69",
        "202308": "45.54",
        "202309": "45.40",
        "202310": "44.47",
        "202311": "50.04",
        "202312": "62.25"
    },
    "quarters": {
        "20011": {
            "year_quarter": 20011,
            "year": 2001,
            "quarter": 1,
            "eps": 0.72,
            "eps_growth_year": -44.62,
            "eps_4q": 3.23,
            "eps_4q_growth_year": -8.8,
            "roe": 3.4,
            "roe_4q": 3.4,
            "gross_profit": 86220,
            "gross_margin": 35.65,
            "gross_margin_4q_avg": 35.65,
            "net_income": 33398,
            "net_income_4q": null,
            "revenue": 241834,
            "revenue_4q": null,
            "common_shares": 467000,
            "book_valuer_per_share": 21.4,
            "book_valuer_per_share_4q_avg": 21.4,
            "equity": 999303,
            "current_ratio": 288.84,
            "debt_ratio": 25.3,
            "inventory_turnover_ratio": 0.43,
            "account_receivable_turnover_ratio": null,
            "reinvestment_rate": null,
            "research_to_sale_ratio": null,
            "price_fair": 0,
            "eps_avg_yearly": 0,
            "eps_latest_yearly": 0,
            "eps_growth_yearly": 0
        },
        "20012": {
            "year_quarter": 20012,
            "year": 2001,
            "quarter": 2,
            "eps": 1,
            "eps_growth_year": -15.97,
            "eps_4q": 2.88,
            "eps_4q_growth_year": -29.3,
            "roe": 5.85,
            "roe_4q": 9.25,
            "gross_profit": 110013,
            "gross_margin": 36.93,
            "gross_margin_4q_avg": 36.29,
            "net_income": 60309,
            "net_income_4q": null,
            "revenue": 297864,
            "revenue_4q": null,
            "common_shares": 602800,
            "book_valuer_per_share": 17.62,
            "book_valuer_per_share_4q_avg": 19.51,
            "equity": 1061843,
            "current_ratio": 306.13,
            "debt_ratio": 23.62,
            "inventory_turnover_ratio": 0.52,
            "account_receivable_turnover_ratio": null,
            "reinvestment_rate": null,
            "research_to_sale_ratio": null,
            "price_fair": 0,
            "eps_avg_yearly": 0,
            "eps_latest_yearly": 0,
            "eps_growth_yearly": 0
        },
        "20013": {
            "year_quarter": 20013,
            "year": 2001,
            "quarter": 3,
            "eps": 0.38,
            "eps_growth_year": -61.22,
            "eps_4q": 2.64,
            "eps_4q_growth_year": -23.51,
            "roe": 2.13,
            "roe_4q": 11.379999999999999,
            "gross_profit": 74431,
            "gross_margin": 32.51,
            "gross_margin_4q_avg": 35.03,
            "net_income": 22774,
            "net_income_4q": null,
            "revenue": 228976,
            "revenue_4q": null,
            "common_shares": 602800,
            "book_valuer_per_share": 17.93,
            "book_valuer_per_share_4q_avg": 18.98,
            "equity": 1080714,
            "current_ratio": 299.56,
            "debt_ratio": 23.14,
            "inventory_turnover_ratio": 0.42,
            "account_receivable_turnover_ratio": null,
            "reinvestment_rate": null,
            "research_to_sale_ratio": null,
            "price_fair": 0,
            "eps_avg_yearly": 0,
            "eps_latest_yearly": 0,
            "eps_growth_yearly": 0
        },
        "20014": {
            "year_quarter": 20014,
            "year": 2001,
            "quarter": 4,
            "eps": 0.09,
            "eps_growth_year": -91.09,
            "eps_4q": 2.01,
            "eps_4q_growth_year": -46.35,
            "roe": 0.5,
            "roe_4q": 11.88,
            "gross_profit": 64310,
            "gross_margin": 19.28,
            "gross_margin_4q_avg": 31.09,
            "net_income": 5467,
            "net_income_4q": null,
            "revenue": 333541,
            "revenue_4q": null,
            "common_shares": 602800,
            "book_valuer_per_share": 18.04,
            "book_valuer_per_share_4q_avg": 18.75,
            "equity": 1087436,
            "current_ratio": 352.75,
            "debt_ratio": 20.36,
            "inventory_turnover_ratio": 0.75,
            "account_receivable_turnover_ratio": null,
            "reinvestment_rate": null,
            "research_to_sale_ratio": null,
            "price_fair": 0,
            "eps_avg_yearly": 0,
            "eps_latest_yearly": 0,
            "eps_growth_yearly": 0
        },
        "20021": {
            "year_quarter": 20021,
            "year": 2002,
            "quarter": 1,
            "eps": 0.5,
            "eps_growth_year": -30.56,
            "eps_4q": 1.97,
            "eps_4q_growth_year": -39.15,
            "roe": 2.73,
            "roe_4q": 11.209999999999999,
            "gross_profit": 86432,
            "gross_margin": 34.28,
            "gross_margin_4q_avg": 30.75,
            "net_income": 30168,
            "net_income_4q": null,
            "revenue": 252159,
            "revenue_4q": null,
            "common_shares": 602800,
            "book_valuer_per_share": 18.66,
            "book_valuer_per_share_4q_avg": 18.06,
            "equity": 1124543,
            "current_ratio": 312.51,
            "debt_ratio": 21.08,
            "inventory_turnover_ratio": 0.53,
            "account_receivable_turnover_ratio": null,
            "reinvestment_rate": null,
            "research_to_sale_ratio": null,
            "price_fair": 70,
            "eps_avg_yearly": 2,
            "eps_latest_yearly": 2,
            "eps_growth_yearly": 1822.22
        },
        "20022": {
            "year_quarter": 20022,
            "year": 2002,
            "quarter": 2,
            "eps": 0.34,
            "eps_growth_year": -66,
            "eps_4q": 1.17,
            "eps_4q_growth_year": -59.54,
            "roe": 2.13,
            "roe_4q": 7.489999999999999,
            "gross_profit": 96358,
            "gross_margin": 35.55,
            "gross_margin_4q_avg": 30.41,
            "net_income": 24044,
            "net_income_4q": null,
            "revenue": 271035,
            "revenue_4q": null,
            "common_shares": 602800,
            "book_valuer_per_share": 18.87,
            "book_valuer_per_share_4q_avg": 18.38,
            "equity": 1137189,
            "current_ratio": 246.35,
            "debt_ratio": 25.87,
            "inventory_turnover_ratio": 0.59,
            "account_receivable_turnover_ratio": null,
            "reinvestment_rate": null,
            "research_to_sale_ratio": null,
            "price_fair": 58.8,
            "eps_avg_yearly": 1.68,
            "eps_latest_yearly": 1.36,
            "eps_growth_yearly": 847.11
        },
        "20023": {
            "year_quarter": 20023,
            "year": 2002,
            "quarter": 3,
            "eps": 0.25,
            "eps_growth_year": -34.21,
            "eps_4q": 1.03,
            "eps_4q_growth_year": -61.17,
            "roe": 1.67,
            "roe_4q": 7.029999999999999,
            "gross_profit": 103985,
            "gross_margin": 33.03,
            "gross_margin_4q_avg": 30.54,
            "net_income": 19226,
            "net_income_4q": null,
            "revenue": 314834,
            "revenue_4q": null,
            "common_shares": 764930,
            "book_valuer_per_share": 15.18,
            "book_valuer_per_share_4q_avg": 17.69,
            "equity": 1160824,
            "current_ratio": 293.57,
            "debt_ratio": 21.02,
            "inventory_turnover_ratio": 0.74,
            "account_receivable_turnover_ratio": null,
            "reinvestment_rate": null,
            "research_to_sale_ratio": null,
            "price_fair": 50.87,
            "eps_avg_yearly": 1.45,
            "eps_latest_yearly": 1,
            "eps_growth_yearly": 529.45
        },
        "20024": {
            "year_quarter": 20024,
            "year": 2002,
            "quarter": 4,
            "eps": 0.11,
            "eps_growth_year": 22.22,
            "eps_4q": 1.05,
            "eps_4q_growth_year": -47.91,
            "roe": 0.74,
            "roe_4q": 7.27,
            "gross_profit": 91317,
            "gross_margin": 33.69,
            "gross_margin_4q_avg": 34.14,
            "net_income": 8633,
            "net_income_4q": null,
            "revenue": 271079,
            "revenue_4q": null,
            "common_shares": 764930,
            "book_valuer_per_share": 15.26,
            "book_valuer_per_share_4q_avg": 16.99,
            "equity": 1167187,
            "current_ratio": 278.15,
            "debt_ratio": 25.15,
            "inventory_turnover_ratio": 0.63,
            "account_receivable_turnover_ratio": null,
            "reinvestment_rate": 67.47,
            "research_to_sale_ratio": null,
            "price_fair": 42,
            "eps_avg_yearly": 1.2,
            "eps_latest_yearly": 0.44,
            "eps_growth_yearly": 341.08
        },
        "20031": {
            "year_quarter": 20031,
            "year": 2003,
            "quarter": 1,
            "eps": 0.05,
            "eps_growth_year": -90,
            "eps_4q": 0.75,
            "eps_4q_growth_year": -62.14,
            "roe": 0.32,
            "roe_4q": 4.859999999999999,
            "gross_profit": 69980,
            "gross_margin": 31.65,
            "gross_margin_4q_avg": 33.48,
            "net_income": 3734,
            "net_income_4q": null,
            "revenue": 221100,
            "revenue_4q": null,
            "common_shares": 764930,
            "book_valuer_per_share": 14.95,
            "book_valuer_per_share_4q_avg": 16.07,
            "equity": 1143892,
            "current_ratio": 262.82,
            "debt_ratio": 23.5,
            "inventory_turnover_ratio": 0.52,
            "account_receivable_turnover_ratio": null,
            "reinvestment_rate": 42.06,
            "research_to_sale_ratio": null,
            "price_fair": 35,
            "eps_avg_yearly": 1,
            "eps_latest_yearly": 0.2,
            "eps_growth_yearly": 229.23
        },
        "20032": {
            "year_quarter": 20032,
            "year": 2003,
            "quarter": 2,
            "eps": 0.27,
            "eps_growth_year": -20.59,
            "eps_4q": 0.69,
            "eps_4q_growth_year": -40.93,
            "roe": 1.79,
            "roe_4q": 4.52,
            "gross_profit": 78344,
            "gross_margin": 29.16,
            "gross_margin_4q_avg": 31.88,
            "net_income": 20370,
            "net_income_4q": null,
            "revenue": 268647,
            "revenue_4q": null,
            "common_shares": 764930,
            "book_valuer_per_share": 14.75,
            "book_valuer_per_share_4q_avg": 15.04,
            "equity": 1128478,
            "current_ratio": 231.51,
            "debt_ratio": 26.56,
            "inventory_turnover_ratio": 0.67,
            "account_receivable_turnover_ratio": null,
            "reinvestment_rate": 40.78,
            "research_to_sale_ratio": null,
            "price_fair": 35.47,
            "eps_avg_yearly": 1.01,
            "eps_latest_yearly": 1.08,
            "eps_growth_yearly": 484.36
        },
        "20033": {
            "year_quarter": 20033,
            "year": 2003,
            "quarter": 3,
            "eps": 0.19,
            "eps_growth_year": -24,
            "eps_4q": 0.61,
            "eps_4q_growth_year": -40.94,
            "roe": 1.3,
            "roe_4q": 4.1499999999999995,
            "gross_profit": 95813,
            "gross_margin": 33.37,
            "gross_margin_4q_avg": 31.97,
            "net_income": 14952,
            "net_income_4q": null,
            "revenue": 287147,
            "revenue_4q": null,
            "common_shares": 813955,
            "book_valuer_per_share": 14.33,
            "book_valuer_per_share_4q_avg": 14.82,
            "equity": 1166014,
            "current_ratio": 248.9,
            "debt_ratio": 25.54,
            "inventory_turnover_ratio": 0.67,
            "account_receivable_turnover_ratio": null,
            "reinvestment_rate": 41.16,
            "research_to_sale_ratio": null,
            "price_fair": 34.2,
            "eps_avg_yearly": 0.98,
            "eps_latest_yearly": 0.76,
            "eps_growth_yearly": 398.23
        },
        "20034": {
            "year_quarter": 20034,
            "year": 2003,
            "quarter": 4,
            "eps": 0.23,
            "eps_growth_year": 109.09,
            "eps_4q": 0.72,
            "eps_4q_growth_year": -31.04,
            "roe": 1.55,
            "roe_4q": 4.960000000000001,
            "gross_profit": 102872,
            "gross_margin": 29.82,
            "gross_margin_4q_avg": 31,
            "net_income": 18291,
            "net_income_4q": null,
            "revenue": 345002,
            "revenue_4q": null,
            "common_shares": 813955,
            "book_valuer_per_share": 14.58,
            "book_valuer_per_share_4q_avg": 14.65,
            "equity": 1186743,
            "current_ratio": 259.25,
            "debt_ratio": 29.65,
            "inventory_turnover_ratio": 0.75,
            "account_receivable_turnover_ratio": null,
            "reinvestment_rate": 63.54,
            "research_to_sale_ratio": null,
            "price_fair": 33.95,
            "eps_avg_yearly": 0.97,
            "eps_latest_yearly": 0.92,
            "eps_growth_yearly": 358.98
        },
        "20041": {
            "year_quarter": 20041,
            "year": 2004,
            "quarter": 1,
            "eps": 0.41,
            "eps_growth_year": 720,
            "eps_4q": 1.07,
            "eps_4q_growth_year": 44.1,
            "roe": 2.8,
            "roe_4q": 7.4399999999999995,
            "gross_profit": 106615,
            "gross_margin": 35.7,
            "gross_margin_4q_avg": 32.01,
            "net_income": 33126,
            "net_income_4q": null,
            "revenue": 298633,
            "revenue_4q": null,
            "common_shares": 813955,
            "book_valuer_per_share": 14.47,
            "book_valuer_per_share_4q_avg": 14.53,
            "equity": 1178129,
            "current_ratio": 231.41,
            "debt_ratio": 27.49,
            "inventory_turnover_ratio": 0.56,
            "account_receivable_turnover_ratio": null,
            "reinvestment_rate": 39.33,
            "research_to_sale_ratio": null,
            "price_fair": 36.56,
            "eps_avg_yearly": 1.04,
            "eps_latest_yearly": 1.64,
            "eps_growth_yearly": 353.88
        },
        "20042": {
            "year_quarter": 20042,
            "year": 2004,
            "quarter": 2,
            "eps": 0.62,
            "eps_growth_year": 129.63,
            "eps_4q": 1.37,
            "eps_4q_growth_year": 98.77,
            "roe": 4.56,
            "roe_4q": 10.21,
            "gross_profit": 151872,
            "gross_margin": 34.81,
            "gross_margin_4q_avg": 33.43,
            "net_income": 54935,
            "net_income_4q": null,
            "revenue": 436328,
            "revenue_4q": null,
            "common_shares": 813955,
            "book_valuer_per_share": 15.14,
            "book_valuer_per_share_4q_avg": 14.63,
            "equity": 1232464,
            "current_ratio": 215.77,
            "debt_ratio": 30.34,
            "inventory_turnover_ratio": 0.85,
            "account_receivable_turnover_ratio": null,
            "reinvestment_rate": 28.26,
            "research_to_sale_ratio": null,
            "price_fair": 41.58,
            "eps_avg_yearly": 1.19,
            "eps_latest_yearly": 2.48,
            "eps_growth_yearly": 338.98
        },
        "20043": {
            "year_quarter": 20043,
            "year": 2004,
            "quarter": 3,
            "eps": 0.71,
            "eps_growth_year": 273.68,
            "eps_4q": 1.91,
            "eps_4q_growth_year": 215.8,
            "roe": 4.88,
            "roe_4q": 13.79,
            "gross_profit": 165700,
            "gross_margin": 37.11,
            "gross_margin_4q_avg": 34.36,
            "net_income": 62730,
            "net_income_4q": null,
            "revenue": 446564,
            "revenue_4q": null,
            "common_shares": 899150,
            "book_valuer_per_share": 14.88,
            "book_valuer_per_share_4q_avg": 14.77,
            "equity": 1337532,
            "current_ratio": 237.29,
            "debt_ratio": 29.57,
            "inventory_turnover_ratio": 0.74,
            "account_receivable_turnover_ratio": null,
            "reinvestment_rate": -2.75,
            "research_to_sale_ratio": null,
            "price_fair": 46.84,
            "eps_avg_yearly": 1.34,
            "eps_latest_yearly": 2.84,
            "eps_growth_yearly": 313.44
        },
        "20044": {
            "year_quarter": 20044,
            "year": 2004,
            "quarter": 4,
            "eps": 0.51,
            "eps_growth_year": 121.74,
            "eps_4q": 2.2,
            "eps_4q_growth_year": 204.95,
            "roe": 3.37,
            "roe_4q": 15.61,
            "gross_profit": 143873,
            "gross_margin": 34.17,
            "gross_margin_4q_avg": 35.45,
            "net_income": 45532,
            "net_income_4q": null,
            "revenue": 421055,
            "revenue_4q": null,
            "common_shares": 899150,
            "book_valuer_per_share": 15.15,
            "book_valuer_per_share_4q_avg": 14.91,
            "equity": 1362148,
            "current_ratio": 308.25,
            "debt_ratio": 27.18,
            "inventory_turnover_ratio": 0.66,
            "account_receivable_turnover_ratio": null,
            "reinvestment_rate": 13.35,
            "research_to_sale_ratio": null,
            "price_fair": 48.88,
            "eps_avg_yearly": 1.4,
            "eps_latest_yearly": 2.04,
            "eps_growth_yearly": 277.93
        },
        "20051": {
            "year_quarter": 20051,
            "year": 2005,
            "quarter": 1,
            "eps": 0.49,
            "eps_growth_year": 19.51,
            "eps_4q": 2.29,
            "eps_4q_growth_year": 113.22,
            "roe": 3.21,
            "roe_4q": 16.02,
            "gross_profit": 133983,
            "gross_margin": 37.72,
            "gross_margin_4q_avg": 35.95,
            "net_income": 44448,
            "net_income_4q": null,
            "revenue": 355175,
            "revenue_4q": null,
            "common_shares": 899150,
            "book_valuer_per_share": 15.63,
            "book_valuer_per_share_4q_avg": 15.2,
            "equity": 1405041,
            "current_ratio": 339.84,
            "debt_ratio": 21.35,
            "inventory_turnover_ratio": 0.59,
            "account_receivable_turnover_ratio": null,
            "reinvestment_rate": -8.03,
            "research_to_sale_ratio": null,
            "price_fair": 50.4,
            "eps_avg_yearly": 1.44,
            "eps_latest_yearly": 1.96,
            "eps_growth_yearly": 255.34
        },
        "20052": {
            "year_quarter": 20052,
            "year": 2005,
            "quarter": 2,
            "eps": 0.4,
            "eps_growth_year": -35.48,
            "eps_4q": 2.09,
            "eps_4q_growth_year": 53.02,
            "roe": 2.61,
            "roe_4q": 14.07,
            "gross_profit": 114666,
            "gross_margin": 34.62,
            "gross_margin_4q_avg": 35.91,
            "net_income": 36040,
            "net_income_4q": null,
            "revenue": 331234,
            "revenue_4q": null,
            "common_shares": 899150,
            "book_valuer_per_share": 15.08,
            "book_valuer_per_share_4q_avg": 15.19,
            "equity": 1355697,
            "current_ratio": 259.45,
            "debt_ratio": 26.83,
            "inventory_turnover_ratio": 0.69,
            "account_receivable_turnover_ratio": null,
            "reinvestment_rate": -5.41,
            "research_to_sale_ratio": null,
            "price_fair": 50.8,
            "eps_avg_yearly": 1.45,
            "eps_latest_yearly": 1.6,
            "eps_growth_yearly": 231.86
        },
        "20053": {
            "year_quarter": 20053,
            "year": 2005,
            "quarter": 3,
            "eps": 0.68,
            "eps_growth_year": -4.23,
            "eps_4q": 1.95,
            "eps_4q_growth_year": 1.92,
            "roe": 4.71,
            "roe_4q": 13.900000000000002,
            "gross_profit": 151117,
            "gross_margin": 36.16,
            "gross_margin_4q_avg": 35.67,
            "net_income": 67452,
            "net_income_4q": null,
            "revenue": 417866,
            "revenue_4q": null,
            "common_shares": 937299,
            "book_valuer_per_share": 16.12,
            "book_valuer_per_share_4q_avg": 15.5,
            "equity": 1510736,
            "current_ratio": 266.06,
            "debt_ratio": 26.96,
            "inventory_turnover_ratio": 0.72,
            "account_receivable_turnover_ratio": null,
            "reinvestment_rate": -2.24,
            "research_to_sale_ratio": null,
            "price_fair": 53.76,
            "eps_avg_yearly": 1.54,
            "eps_latest_yearly": 2.72,
            "eps_growth_yearly": 235.07
        },
        "20054": {
            "year_quarter": 20054,
            "year": 2005,
            "quarter": 4,
            "eps": 0.87,
            "eps_growth_year": 70.59,
            "eps_4q": 2.35,
            "eps_4q_growth_year": 6.78,
            "roe": 5.56,
            "roe_4q": 16.09,
            "gross_profit": 189646,
            "gross_margin": 37.15,
            "gross_margin_4q_avg": 36.41,
            "net_income": 87078,
            "net_income_4q": null,
            "revenue": 510514,
            "revenue_4q": null,
            "common_shares": 1024827,
            "book_valuer_per_share": 15.85,
            "book_valuer_per_share_4q_avg": 15.67,
            "equity": 1624141,
            "current_ratio": 329.16,
            "debt_ratio": 26.24,
            "inventory_turnover_ratio": 0.7,
            "account_receivable_turnover_ratio": null,
            "reinvestment_rate": 3.14,
            "research_to_sale_ratio": null,
            "price_fair": 58.01,
            "eps_avg_yearly": 1.66,
            "eps_latest_yearly": 3.48,
            "eps_growth_yearly": 227.36
        },
        "20061": {
            "year_quarter": 20061,
            "year": 2006,
            "quarter": 1,
            "eps": 0.49,
            "eps_growth_year": 0,
            "eps_4q": 2.34,
            "eps_4q_growth_year": 2.24,
            "roe": 3.08,
            "roe_4q": 15.96,
            "gross_profit": 156749,
            "gross_margin": 38.46,
            "gross_margin_4q_avg": 36.6,
            "net_income": 50463,
            "net_income_4q": null,
            "revenue": 407574,
            "revenue_4q": null,
            "common_shares": 1032927,
            "book_valuer_per_share": 15.99,
            "book_valuer_per_share_4q_avg": 15.76,
            "equity": 1651745,
            "current_ratio": 278.36,
            "debt_ratio": 24.98,
            "inventory_turnover_ratio": 0.54,
            "account_receivable_turnover_ratio": null,
            "reinvestment_rate": -1.11,
            "research_to_sale_ratio": null,
            "price_fair": 57.93,
            "eps_avg_yearly": 1.66,
            "eps_latest_yearly": 1.96,
            "eps_growth_yearly": 102.55
        },
        "20062": {
            "year_quarter": 20062,
            "year": 2006,
            "quarter": 2,
            "eps": 0.82,
            "eps_growth_year": 105,
            "eps_4q": 2.91,
            "eps_4q_growth_year": 38.78,
            "roe": 4.89,
            "roe_4q": 18.24,
            "gross_profit": 184038,
            "gross_margin": 37.17,
            "gross_margin_4q_avg": 37.24,
            "net_income": 80531,
            "net_income_4q": null,
            "revenue": 495078,
            "revenue_4q": null,
            "common_shares": 1036277,
            "book_valuer_per_share": 15.85,
            "book_valuer_per_share_4q_avg": 15.95,
            "equity": 1641987,
            "current_ratio": 208.78,
            "debt_ratio": 32.62,
            "inventory_turnover_ratio": 0.64,
            "account_receivable_turnover_ratio": null,
            "reinvestment_rate": 10.85,
            "research_to_sale_ratio": null,
            "price_fair": 62.13,
            "eps_avg_yearly": 1.78,
            "eps_latest_yearly": 3.28,
            "eps_growth_yearly": 127.39
        },
        "20063": {
            "year_quarter": 20063,
            "year": 2006,
            "quarter": 3,
            "eps": 0.92,
            "eps_growth_year": 35.29,
            "eps_4q": 2.82,
            "eps_4q_growth_year": 44.75,
            "roe": 6.21,
            "roe_4q": 19.74,
            "gross_profit": 236413,
            "gross_margin": 37.74,
            "gross_margin_4q_avg": 37.63,
            "net_income": 105408,
            "net_income_4q": null,
            "revenue": 626391,
            "revenue_4q": null,
            "common_shares": 1159597,
            "book_valuer_per_share": 15.14,
            "book_valuer_per_share_4q_avg": 15.71,
            "equity": 1755249,
            "current_ratio": 221.07,
            "debt_ratio": 29.86,
            "inventory_turnover_ratio": 0.74,
            "account_receivable_turnover_ratio": null,
            "reinvestment_rate": 14.9,
            "research_to_sale_ratio": null,
            "price_fair": 67.99,
            "eps_avg_yearly": 1.94,
            "eps_latest_yearly": 3.68,
            "eps_growth_yearly": 137.06
        },
        "20064": {
            "year_quarter": 20064,
            "year": 2006,
            "quarter": 4,
            "eps": 1.04,
            "eps_growth_year": 19.54,
            "eps_4q": 3.09,
            "eps_4q_growth_year": 31.58,
            "roe": 6.57,
            "roe_4q": 20.75,
            "gross_profit": 181309,
            "gross_margin": 28.63,
            "gross_margin_4q_avg": 35.5,
            "net_income": 119959,
            "net_income_4q": null,
            "revenue": 633243,
            "revenue_4q": null,
            "common_shares": 1161247,
            "book_valuer_per_share": 16.33,
            "book_valuer_per_share_4q_avg": 15.83,
            "equity": 1896205,
            "current_ratio": 235.11,
            "debt_ratio": 33.1,
            "inventory_turnover_ratio": 0.83,
            "account_receivable_turnover_ratio": null,
            "reinvestment_rate": 19.73,
            "research_to_sale_ratio": null,
            "price_fair": 76.13,
            "eps_avg_yearly": 2.18,
            "eps_latest_yearly": 4.16,
            "eps_growth_yearly": 154.32
        },
        "20071": {
            "year_quarter": 20071,
            "year": 2007,
            "quarter": 1,
            "eps": 0.34,
            "eps_growth_year": -30.61,
            "eps_4q": 2.77,
            "eps_4q_growth_year": 18.35,
            "roe": 2.11,
            "roe_4q": 19.78,
            "gross_profit": 140948,
            "gross_margin": 33.72,
            "gross_margin_4q_avg": 34.32,
            "net_income": 42801,
            "net_income_4q": null,
            "revenue": 417952,
            "revenue_4q": null,
            "common_shares": 1291066,
            "book_valuer_per_share": 16.78,
            "book_valuer_per_share_4q_avg": 16.03,
            "equity": 2165792,
            "current_ratio": 205.42,
            "debt_ratio": 29.21,
            "inventory_turnover_ratio": 0.51,
            "account_receivable_turnover_ratio": null,
            "reinvestment_rate": 25.25,
            "research_to_sale_ratio": null,
            "price_fair": 78.66,
            "eps_avg_yearly": 2.25,
            "eps_latest_yearly": 1.36,
            "eps_growth_yearly": 151.13
        },
        "20072": {
            "year_quarter": 20072,
            "year": 2007,
            "quarter": 2,
            "eps": 0.52,
            "eps_growth_year": -36.59,
            "eps_4q": 2.6,
            "eps_4q_growth_year": -10.65,
            "roe": 3.23,
            "roe_4q": 18.12,
            "gross_profit": 174306,
            "gross_margin": 32.6,
            "gross_margin_4q_avg": 33.17,
            "net_income": 67112,
            "net_income_4q": null,
            "revenue": 534702,
            "revenue_4q": null,
            "common_shares": 1291716,
            "book_valuer_per_share": 15.39,
            "book_valuer_per_share_4q_avg": 15.91,
            "equity": 1988009,
            "current_ratio": 163.65,
            "debt_ratio": 35.31,
            "inventory_turnover_ratio": 0.69,
            "account_receivable_turnover_ratio": null,
            "reinvestment_rate": 23.92,
            "research_to_sale_ratio": null,
            "price_fair": 80.85,
            "eps_avg_yearly": 2.31,
            "eps_latest_yearly": 2.08,
            "eps_growth_yearly": 54.36
        },
        "20073": {
            "year_quarter": 20073,
            "year": 2007,
            "quarter": 3,
            "eps": 0.59,
            "eps_growth_year": -35.87,
            "eps_4q": 2.31,
            "eps_4q_growth_year": -18.19,
            "roe": 3.95,
            "roe_4q": 15.86,
            "gross_profit": 220143,
            "gross_margin": 32.27,
            "gross_margin_4q_avg": 31.81,
            "net_income": 78859,
            "net_income_4q": null,
            "revenue": 682225,
            "revenue_4q": null,
            "common_shares": 1349984,
            "book_valuer_per_share": 14.87,
            "book_valuer_per_share_4q_avg": 15.84,
            "equity": 2007346,
            "current_ratio": 163.93,
            "debt_ratio": 34.81,
            "inventory_turnover_ratio": 0.96,
            "account_receivable_turnover_ratio": null,
            "reinvestment_rate": 22.44,
            "research_to_sale_ratio": null,
            "price_fair": 84.35,
            "eps_avg_yearly": 2.41,
            "eps_latest_yearly": 2.36,
            "eps_growth_yearly": 65.13
        },
        "20074": {
            "year_quarter": 20074,
            "year": 2007,
            "quarter": 4,
            "eps": 0.48,
            "eps_growth_year": -53.85,
            "eps_4q": 1.9,
            "eps_4q_growth_year": -38.38,
            "roe": 3.07,
            "roe_4q": 12.36,
            "gross_profit": 200763,
            "gross_margin": 37.17,
            "gross_margin_4q_avg": 33.94,
            "net_income": 63639,
            "net_income_4q": null,
            "revenue": 540100,
            "revenue_4q": null,
            "common_shares": 1351234,
            "book_valuer_per_share": 15.81,
            "book_valuer_per_share_4q_avg": 15.71,
            "equity": 2136811,
            "current_ratio": 217.63,
            "debt_ratio": 35.77,
            "inventory_turnover_ratio": 0.63,
            "account_receivable_turnover_ratio": null,
            "reinvestment_rate": 21.69,
            "research_to_sale_ratio": null,
            "price_fair": 86.54,
            "eps_avg_yearly": 2.47,
            "eps_latest_yearly": 1.92,
            "eps_growth_yearly": 55.21
        },
        "20081": {
            "year_quarter": 20081,
            "year": 2008,
            "quarter": 1,
            "eps": 0.03,
            "eps_growth_year": -91.18,
            "eps_4q": 1.87,
            "eps_4q_growth_year": -32.36,
            "roe": 0.16,
            "roe_4q": 10.41,
            "gross_profit": 206295,
            "gross_margin": 38.15,
            "gross_margin_4q_avg": 35.05,
            "net_income": 3411,
            "net_income_4q": null,
            "revenue": 540760,
            "revenue_4q": null,
            "common_shares": 1351284,
            "book_valuer_per_share": 15.38,
            "book_valuer_per_share_4q_avg": 15.36,
            "equity": 2078280,
            "current_ratio": 211.19,
            "debt_ratio": 36.78,
            "inventory_turnover_ratio": 0.47,
            "account_receivable_turnover_ratio": null,
            "reinvestment_rate": 33.05,
            "research_to_sale_ratio": null,
            "price_fair": 52.8,
            "eps_avg_yearly": 2.38,
            "eps_latest_yearly": 0.12,
            "eps_growth_yearly": 12.21
        },
        "20082": {
            "year_quarter": 20082,
            "year": 2008,
            "quarter": 2,
            "eps": 0.51,
            "eps_growth_year": -1.92,
            "eps_4q": 1.63,
            "eps_4q_growth_year": -37.14,
            "roe": 3.26,
            "roe_4q": 10.440000000000001,
            "gross_profit": 286168,
            "gross_margin": 31.9,
            "gross_margin_4q_avg": 34.87,
            "net_income": 66263,
            "net_income_4q": null,
            "revenue": 897144,
            "revenue_4q": null,
            "common_shares": 1352874,
            "book_valuer_per_share": 14.69,
            "book_valuer_per_share_4q_avg": 15.19,
            "equity": 1986772,
            "current_ratio": 178.51,
            "debt_ratio": 43.25,
            "inventory_turnover_ratio": 0.83,
            "account_receivable_turnover_ratio": null,
            "reinvestment_rate": 33.6,
            "research_to_sale_ratio": null,
            "price_fair": 82.25,
            "eps_avg_yearly": 2.35,
            "eps_latest_yearly": 2.04,
            "eps_growth_yearly": 399.4
        },
        "20083": {
            "year_quarter": 20083,
            "year": 2008,
            "quarter": 3,
            "eps": 0.42,
            "eps_growth_year": -28.81,
            "eps_4q": 1.42,
            "eps_4q_growth_year": -38.65,
            "roe": 2.77,
            "roe_4q": 9.26,
            "gross_profit": 274895,
            "gross_margin": 33.23,
            "gross_margin_4q_avg": 35.11,
            "net_income": 56156,
            "net_income_4q": null,
            "revenue": 827318,
            "revenue_4q": null,
            "common_shares": 1397629,
            "book_valuer_per_share": 14.83,
            "book_valuer_per_share_4q_avg": 15.18,
            "equity": 2072751,
            "current_ratio": 169.23,
            "debt_ratio": 46.43,
            "inventory_turnover_ratio": 0.68,
            "account_receivable_turnover_ratio": null,
            "reinvestment_rate": 34.68,
            "research_to_sale_ratio": null,
            "price_fair": 79.71,
            "eps_avg_yearly": 2.28,
            "eps_latest_yearly": 1.68,
            "eps_growth_yearly": 391.36
        },
        "20084": {
            "year_quarter": 20084,
            "year": 2008,
            "quarter": 4,
            "eps": 0.43,
            "eps_growth_year": -10.42,
            "eps_4q": 1.36,
            "eps_4q_growth_year": -28.78,
            "roe": 2.8,
            "roe_4q": 8.99,
            "gross_profit": 245827,
            "gross_margin": 32.86,
            "gross_margin_4q_avg": 34.04,
            "net_income": 58438,
            "net_income_4q": null,
            "revenue": 748182,
            "revenue_4q": null,
            "common_shares": 1397629,
            "book_valuer_per_share": 15.09,
            "book_valuer_per_share_4q_avg": 15,
            "equity": 2108838,
            "current_ratio": 180.82,
            "debt_ratio": 43.15,
            "inventory_turnover_ratio": 0.55,
            "account_receivable_turnover_ratio": 1.23,
            "reinvestment_rate": 22.92,
            "research_to_sale_ratio": null,
            "price_fair": 79.01,
            "eps_avg_yearly": 2.26,
            "eps_latest_yearly": 1.72,
            "eps_growth_yearly": 399
        },
        "20091": {
            "year_quarter": 20091,
            "year": 2009,
            "quarter": 1,
            "eps": 0.02,
            "eps_growth_year": -33.33,
            "eps_4q": 1.25,
            "eps_4q_growth_year": -33.02,
            "roe": 0.14,
            "roe_4q": 8.969999999999999,
            "gross_profit": 128043,
            "gross_margin": 30.52,
            "gross_margin_4q_avg": 32.13,
            "net_income": 2929,
            "net_income_4q": null,
            "revenue": 419586,
            "revenue_4q": null,
            "common_shares": 1397629,
            "book_valuer_per_share": 15.39,
            "book_valuer_per_share_4q_avg": 15,
            "equity": 2151066,
            "current_ratio": 178.85,
            "debt_ratio": 44.36,
            "inventory_turnover_ratio": 0.35,
            "account_receivable_turnover_ratio": 0.36,
            "reinvestment_rate": 35.19,
            "research_to_sale_ratio": null,
            "price_fair": 74.9,
            "eps_avg_yearly": 2.14,
            "eps_latest_yearly": 0.08,
            "eps_growth_yearly": 376.14
        },
        "20092": {
            "year_quarter": 20092,
            "year": 2009,
            "quarter": 2,
            "eps": 0.29,
            "eps_growth_year": -43.14,
            "eps_4q": 1.15,
            "eps_4q_growth_year": -29.74,
            "roe": 1.86,
            "roe_4q": 7.57,
            "gross_profit": 160705,
            "gross_margin": 33.65,
            "gross_margin_4q_avg": 32.57,
            "net_income": 39755,
            "net_income_4q": null,
            "revenue": 477593,
            "revenue_4q": null,
            "common_shares": 1397929,
            "book_valuer_per_share": 15.21,
            "book_valuer_per_share_4q_avg": 15.13,
            "equity": 2125940,
            "current_ratio": 261.5,
            "debt_ratio": 37.02,
            "inventory_turnover_ratio": 0.44,
            "account_receivable_turnover_ratio": 0.43,
            "reinvestment_rate": 33.48,
            "research_to_sale_ratio": null,
            "price_fair": 73.94,
            "eps_avg_yearly": 2.11,
            "eps_latest_yearly": 1.16,
            "eps_growth_yearly": 718.23
        },
        "20093": {
            "year_quarter": 20093,
            "year": 2009,
            "quarter": 3,
            "eps": 0.1,
            "eps_growth_year": -76.19,
            "eps_4q": 0.79,
            "eps_4q_growth_year": -44.26,
            "roe": 0.69,
            "roe_4q": 5.49,
            "gross_profit": 158156,
            "gross_margin": 33.83,
            "gross_margin_4q_avg": 32.72,
            "net_income": 14657,
            "net_income_4q": null,
            "revenue": 467521,
            "revenue_4q": null,
            "common_shares": 1436616,
            "book_valuer_per_share": 14.82,
            "book_valuer_per_share_4q_avg": 15.13,
            "equity": 2129612,
            "current_ratio": 271.43,
            "debt_ratio": 35.2,
            "inventory_turnover_ratio": 0.48,
            "account_receivable_turnover_ratio": 0.46,
            "reinvestment_rate": 31.98,
            "research_to_sale_ratio": null,
            "price_fair": 68.86,
            "eps_avg_yearly": 1.97,
            "eps_latest_yearly": 0.4,
            "eps_growth_yearly": 684.35
        },
        "20094": {
            "year_quarter": 20094,
            "year": 2009,
            "quarter": 4,
            "eps": 0.49,
            "eps_growth_year": 13.95,
            "eps_4q": 0.89,
            "eps_4q_growth_year": -34.28,
            "roe": 3.11,
            "roe_4q": 5.8,
            "gross_profit": 205956,
            "gross_margin": 34.28,
            "gross_margin_4q_avg": 33.07,
            "net_income": 68344,
            "net_income_4q": null,
            "revenue": 600804,
            "revenue_4q": null,
            "common_shares": 1436616,
            "book_valuer_per_share": 16.04,
            "book_valuer_per_share_4q_avg": 15.37,
            "equity": 2261549,
            "current_ratio": 267.87,
            "debt_ratio": 37.71,
            "inventory_turnover_ratio": 0.66,
            "account_receivable_turnover_ratio": 1.22,
            "reinvestment_rate": 23.08,
            "research_to_sale_ratio": null,
            "price_fair": 65.54,
            "eps_avg_yearly": 1.87,
            "eps_latest_yearly": 1.96,
            "eps_growth_yearly": 774.87
        },
        "20101": {
            "year_quarter": 20101,
            "year": 2010,
            "quarter": 1,
            "eps": 0.52,
            "eps_growth_year": 2500,
            "eps_4q": 1.36,
            "eps_4q_growth_year": 8.17,
            "roe": 3.19,
            "roe_4q": 8.85,
            "gross_profit": 238177,
            "gross_margin": 34.87,
            "gross_margin_4q_avg": 34.16,
            "net_income": 73411,
            "net_income_4q": null,
            "revenue": 682992,
            "revenue_4q": null,
            "common_shares": 1437076,
            "book_valuer_per_share": 16.23,
            "book_valuer_per_share_4q_avg": 15.58,
            "equity": 2337455,
            "current_ratio": 315.31,
            "debt_ratio": 31.18,
            "inventory_turnover_ratio": 0.75,
            "account_receivable_turnover_ratio": 0.65,
            "reinvestment_rate": 33.73,
            "research_to_sale_ratio": 5.56,
            "price_fair": 65.8,
            "eps_avg_yearly": 1.88,
            "eps_latest_yearly": 2.08,
            "eps_growth_yearly": 787.32
        },
        "20102": {
            "year_quarter": 20102,
            "year": 2010,
            "quarter": 2,
            "eps": 0.72,
            "eps_growth_year": 149.48,
            "eps_4q": 1.78,
            "eps_4q_growth_year": 55.23,
            "roe": 4.62,
            "roe_4q": 11.61,
            "gross_profit": 294463,
            "gross_margin": 34.34,
            "gross_margin_4q_avg": 34.33,
            "net_income": 107014,
            "net_income_4q": null,
            "revenue": 857465,
            "revenue_4q": null,
            "common_shares": 1467116,
            "book_valuer_per_share": 15.56,
            "book_valuer_per_share_4q_avg": 15.66,
            "equity": 2293513,
            "current_ratio": 225.74,
            "debt_ratio": 40.02,
            "inventory_turnover_ratio": 0.85,
            "account_receivable_turnover_ratio": 0.72,
            "reinvestment_rate": 38.38,
            "research_to_sale_ratio": 6.18,
            "price_fair": 64.93,
            "eps_avg_yearly": 1.86,
            "eps_latest_yearly": 2.88,
            "eps_growth_yearly": 780.1
        },
        "20103": {
            "year_quarter": 20103,
            "year": 2010,
            "quarter": 3,
            "eps": 0.95,
            "eps_growth_year": 845.2,
            "eps_4q": 2.59,
            "eps_4q_growth_year": 227.59,
            "roe": 5.98,
            "roe_4q": 16.900000000000002,
            "gross_profit": 348050,
            "gross_margin": 29.65,
            "gross_margin_4q_avg": 33.29,
            "net_income": 143155,
            "net_income_4q": null,
            "revenue": 1174054,
            "revenue_4q": null,
            "common_shares": 1501076,
            "book_valuer_per_share": 16.5,
            "book_valuer_per_share_4q_avg": 16.08,
            "equity": 2494936,
            "current_ratio": 224.73,
            "debt_ratio": 39.9,
            "inventory_turnover_ratio": 1.1,
            "account_receivable_turnover_ratio": 0.82,
            "reinvestment_rate": 35.38,
            "research_to_sale_ratio": 4.19,
            "price_fair": 65.19,
            "eps_avg_yearly": 1.86,
            "eps_latest_yearly": 3.8,
            "eps_growth_yearly": 785.04
        },
        "20104": {
            "year_quarter": 20104,
            "year": 2010,
            "quarter": 4,
            "eps": 0.66,
            "eps_growth_year": 34.07,
            "eps_4q": 2.78,
            "eps_4q_growth_year": 211.64,
            "roe": 3.98,
            "roe_4q": 17.770000000000003,
            "gross_profit": 307839,
            "gross_margin": 31.77,
            "gross_margin_4q_avg": 32.66,
            "net_income": 100271,
            "net_income_4q": null,
            "revenue": 969090,
            "revenue_4q": null,
            "common_shares": 1511842,
            "book_valuer_per_share": 16.66,
            "book_valuer_per_share_4q_avg": 16.24,
            "equity": 2538005,
            "current_ratio": 227.76,
            "debt_ratio": 39.2,
            "inventory_turnover_ratio": 0.84,
            "account_receivable_turnover_ratio": 0.64,
            "reinvestment_rate": 21.78,
            "research_to_sale_ratio": 5.52,
            "price_fair": 61.86,
            "eps_avg_yearly": 1.77,
            "eps_latest_yearly": 2.64,
            "eps_growth_yearly": 774.14
        },
        "20111": {
            "year_quarter": 20111,
            "year": 2011,
            "quarter": 1,
            "eps": 0.41,
            "eps_growth_year": -21.15,
            "eps_4q": 2.69,
            "eps_4q_growth_year": 98.38,
            "roe": 2.26,
            "roe_4q": 16.84,
            "gross_profit": 271987,
            "gross_margin": 30.89,
            "gross_margin_4q_avg": 31.66,
            "net_income": 58761,
            "net_income_4q": null,
            "revenue": 880385,
            "revenue_4q": null,
            "common_shares": 1523383,
            "book_valuer_per_share": 17,
            "book_valuer_per_share_4q_avg": 16.43,
            "equity": 2653992,
            "current_ratio": 206.1,
            "debt_ratio": 43.52,
            "inventory_turnover_ratio": 0.67,
            "account_receivable_turnover_ratio": 0.57,
            "reinvestment_rate": 24.14,
            "research_to_sale_ratio": 6.3,
            "price_fair": 62.48,
            "eps_avg_yearly": 1.79,
            "eps_latest_yearly": 1.64,
            "eps_growth_yearly": 781.5
        },
        "20112": {
            "year_quarter": 20112,
            "year": 2011,
            "quarter": 2,
            "eps": 0.95,
            "eps_growth_year": 31.31,
            "eps_4q": 2.92,
            "eps_4q_growth_year": 63.84,
            "roe": 5.94,
            "roe_4q": 18.16,
            "gross_profit": 497090,
            "gross_margin": 32.3,
            "gross_margin_4q_avg": 31.15,
            "net_income": 153032,
            "net_income_4q": null,
            "revenue": 1539044,
            "revenue_4q": null,
            "common_shares": 1530565,
            "book_valuer_per_share": 15.72,
            "book_valuer_per_share_4q_avg": 16.47,
            "equity": 2498824,
            "current_ratio": 173.32,
            "debt_ratio": 51.43,
            "inventory_turnover_ratio": 0.97,
            "account_receivable_turnover_ratio": 0.85,
            "reinvestment_rate": 29,
            "research_to_sale_ratio": 4.21,
            "price_fair": 66.24,
            "eps_avg_yearly": 1.89,
            "eps_latest_yearly": 3.8,
            "eps_growth_yearly": 801.19
        },
        "20113": {
            "year_quarter": 20113,
            "year": 2011,
            "quarter": 3,
            "eps": 0.76,
            "eps_growth_year": -19.26,
            "eps_4q": 2.75,
            "eps_4q_growth_year": 6.2,
            "roe": 4.64,
            "roe_4q": 16.82,
            "gross_profit": 370681,
            "gross_margin": 33.17,
            "gross_margin_4q_avg": 32.03,
            "net_income": 121165,
            "net_income_4q": null,
            "revenue": 1117434,
            "revenue_4q": null,
            "common_shares": 1560452,
            "book_valuer_per_share": 17.03,
            "book_valuer_per_share_4q_avg": 16.6,
            "equity": 2723747,
            "current_ratio": 191.99,
            "debt_ratio": 45.51,
            "inventory_turnover_ratio": 0.67,
            "account_receivable_turnover_ratio": 0.55,
            "reinvestment_rate": 37.9,
            "research_to_sale_ratio": 4.23,
            "price_fair": 67.73,
            "eps_avg_yearly": 1.94,
            "eps_latest_yearly": 3.04,
            "eps_growth_yearly": 792.83
        },
        "20114": {
            "year_quarter": 20114,
            "year": 2011,
            "quarter": 4,
            "eps": 0.43,
            "eps_growth_year": -34.75,
            "eps_4q": 2.53,
            "eps_4q_growth_year": -8.78,
            "roe": 2.66,
            "roe_4q": 15.5,
            "gross_profit": 301458,
            "gross_margin": 35.15,
            "gross_margin_4q_avg": 32.88,
            "net_income": 72815,
            "net_income_4q": null,
            "revenue": 857546,
            "revenue_4q": null,
            "common_shares": 1561291,
            "book_valuer_per_share": 17.09,
            "book_valuer_per_share_4q_avg": 16.71,
            "equity": 2741779,
            "current_ratio": 218.68,
            "debt_ratio": 43.46,
            "inventory_turnover_ratio": 0.54,
            "account_receivable_turnover_ratio": 0.42,
            "reinvestment_rate": 34.14,
            "research_to_sale_ratio": 6.63,
            "price_fair": 67.29,
            "eps_avg_yearly": 1.92,
            "eps_latest_yearly": 1.72,
            "eps_growth_yearly": 786.63
        },
        "20121": {
            "year_quarter": 20121,
            "year": 2012,
            "quarter": 1,
            "eps": 0.24,
            "eps_growth_year": -41.46,
            "eps_4q": 2.34,
            "eps_4q_growth_year": -13.02,
            "roe": 1,
            "roe_4q": 14.240000000000002,
            "gross_profit": 267566,
            "gross_margin": 35.32,
            "gross_margin_4q_avg": 33.99,
            "net_income": 27851,
            "net_income_4q": null,
            "revenue": 757454,
            "revenue_4q": null,
            "common_shares": 1561291,
            "book_valuer_per_share": 17.32,
            "book_valuer_per_share_4q_avg": 16.79,
            "equity": 2805187,
            "current_ratio": 225.7,
            "debt_ratio": 43.38,
            "inventory_turnover_ratio": 0.51,
            "account_receivable_turnover_ratio": 0.39,
            "reinvestment_rate": 37.65,
            "research_to_sale_ratio": 7.22,
            "price_fair": 69.13,
            "eps_avg_yearly": 1.98,
            "eps_latest_yearly": 0.96,
            "eps_growth_yearly": 799.02
        },
        "20122": {
            "year_quarter": 20122,
            "year": 2012,
            "quarter": 2,
            "eps": 0.48,
            "eps_growth_year": -49.28,
            "eps_4q": 1.89,
            "eps_4q_growth_year": -35.16,
            "roe": 2.59,
            "roe_4q": 10.89,
            "gross_profit": 334316,
            "gross_margin": 33.76,
            "gross_margin_4q_avg": 34.35,
            "net_income": 70239,
            "net_income_4q": null,
            "revenue": 990393,
            "revenue_4q": null,
            "common_shares": 1582245,
            "book_valuer_per_share": 15.89,
            "book_valuer_per_share_4q_avg": 16.83,
            "equity": 2619632,
            "current_ratio": 187.11,
            "debt_ratio": 50.98,
            "inventory_turnover_ratio": 0.68,
            "account_receivable_turnover_ratio": 0.5,
            "reinvestment_rate": 49.71,
            "research_to_sale_ratio": 7.09,
            "price_fair": 68.86,
            "eps_avg_yearly": 1.97,
            "eps_latest_yearly": 1.92,
            "eps_growth_yearly": 424.02
        },
        "20123": {
            "year_quarter": 20123,
            "year": 2012,
            "quarter": 3,
            "eps": 0.56,
            "eps_growth_year": -26.13,
            "eps_4q": 1.7,
            "eps_4q_growth_year": -38.17,
            "roe": 2.95,
            "roe_4q": 9.2,
            "gross_profit": 389738,
            "gross_margin": 39.75,
            "gross_margin_4q_avg": 36,
            "net_income": 78472,
            "net_income_4q": null,
            "revenue": 980543,
            "revenue_4q": null,
            "common_shares": 1587445,
            "book_valuer_per_share": 16.26,
            "book_valuer_per_share_4q_avg": 16.64,
            "equity": 2696425,
            "current_ratio": 200.74,
            "debt_ratio": 48.82,
            "inventory_turnover_ratio": 0.6,
            "account_receivable_turnover_ratio": 0.5,
            "reinvestment_rate": 43.19,
            "research_to_sale_ratio": 7.02,
            "price_fair": 70.09,
            "eps_avg_yearly": 2,
            "eps_latest_yearly": 2.24,
            "eps_growth_yearly": 432.6
        },
        "20124": {
            "year_quarter": 20124,
            "year": 2012,
            "quarter": 4,
            "eps": 0.39,
            "eps_growth_year": -9.85,
            "eps_4q": 1.66,
            "eps_4q_growth_year": -34.31,
            "roe": 1.98,
            "roe_4q": 8.52,
            "gross_profit": 280198,
            "gross_margin": 30.31,
            "gross_margin_4q_avg": 34.79,
            "net_income": 53990,
            "net_income_4q": null,
            "revenue": 924401,
            "revenue_4q": null,
            "common_shares": 1587445,
            "book_valuer_per_share": 16.62,
            "book_valuer_per_share_4q_avg": 16.52,
            "equity": 2746025,
            "current_ratio": 210.13,
            "debt_ratio": 46.48,
            "inventory_turnover_ratio": 0.7,
            "account_receivable_turnover_ratio": 0.5,
            "reinvestment_rate": 37.47,
            "research_to_sale_ratio": 5.46,
            "price_fair": 69.74,
            "eps_avg_yearly": 1.99,
            "eps_latest_yearly": 1.56,
            "eps_growth_yearly": 424.42
        },
        "20131": {
            "year_quarter": 20131,
            "year": 2013,
            "quarter": 1,
            "eps": 0.68,
            "eps_growth_year": 183.33,
            "eps_4q": 2.11,
            "eps_4q_growth_year": -9.75,
            "roe": 3.6,
            "roe_4q": 11.120000000000001,
            "gross_profit": 185399,
            "gross_margin": 30.61,
            "gross_margin_4q_avg": 33.61,
            "net_income": 100530,
            "net_income_4q": null,
            "revenue": 605615,
            "revenue_4q": null,
            "common_shares": 1587445,
            "book_valuer_per_share": 17.29,
            "book_valuer_per_share_4q_avg": 16.52,
            "equity": 2845495,
            "current_ratio": 222.68,
            "debt_ratio": 42.48,
            "inventory_turnover_ratio": 0.46,
            "account_receivable_turnover_ratio": 0.36,
            "reinvestment_rate": 33.57,
            "research_to_sale_ratio": 9.15,
            "price_fair": 75.51,
            "eps_avg_yearly": 2.16,
            "eps_latest_yearly": 2.72,
            "eps_growth_yearly": 466.84
        },
        "20132": {
            "year_quarter": 20132,
            "year": 2013,
            "quarter": 2,
            "eps": 0.55,
            "eps_growth_year": 14.14,
            "eps_4q": 2.19,
            "eps_4q_growth_year": 15.57,
            "roe": 3.01,
            "roe_4q": 11.54,
            "gross_profit": 382231,
            "gross_margin": 34.74,
            "gross_margin_4q_avg": 33.85,
            "net_income": 84137,
            "net_income_4q": null,
            "revenue": 1100418,
            "revenue_4q": null,
            "common_shares": 1587445,
            "book_valuer_per_share": 16.69,
            "book_valuer_per_share_4q_avg": 16.72,
            "equity": 2748244,
            "current_ratio": 182.96,
            "debt_ratio": 50.72,
            "inventory_turnover_ratio": 0.7,
            "account_receivable_turnover_ratio": 0.65,
            "reinvestment_rate": 35.67,
            "research_to_sale_ratio": 5.97,
            "price_fair": 77.79,
            "eps_avg_yearly": 2.22,
            "eps_latest_yearly": 2.2,
            "eps_growth_yearly": 124.56
        },
        "20133": {
            "year_quarter": 20133,
            "year": 2013,
            "quarter": 3,
            "eps": 0.27,
            "eps_growth_year": -52.1,
            "eps_4q": 1.9,
            "eps_4q_growth_year": 11.92,
            "roe": 1.55,
            "roe_4q": 10.14,
            "gross_profit": 298062,
            "gross_margin": 33.55,
            "gross_margin_4q_avg": 32.3,
            "net_income": 42274,
            "net_income_4q": null,
            "revenue": 888429,
            "revenue_4q": null,
            "common_shares": 1587445,
            "book_valuer_per_share": 16.77,
            "book_valuer_per_share_4q_avg": 16.84,
            "equity": 2719299,
            "current_ratio": 185.85,
            "debt_ratio": 49.6,
            "inventory_turnover_ratio": 0.55,
            "account_receivable_turnover_ratio": 0.48,
            "reinvestment_rate": 36.06,
            "research_to_sale_ratio": 8.32,
            "price_fair": 79.28,
            "eps_avg_yearly": 2.27,
            "eps_latest_yearly": 1.08,
            "eps_growth_yearly": 128.22
        },
        "20134": {
            "year_quarter": 20134,
            "year": 2013,
            "quarter": 4,
            "eps": 0.28,
            "eps_growth_year": -26.28,
            "eps_4q": 1.8,
            "eps_4q_growth_year": 8.19,
            "roe": 1.59,
            "roe_4q": 9.75,
            "gross_profit": 260750,
            "gross_margin": 30.93,
            "gross_margin_4q_avg": 32.46,
            "net_income": 44290,
            "net_income_4q": null,
            "revenue": 843104,
            "revenue_4q": null,
            "common_shares": 1587445,
            "book_valuer_per_share": 17.63,
            "book_valuer_per_share_4q_avg": 17.1,
            "equity": 2850076,
            "current_ratio": 190.99,
            "debt_ratio": 47.97,
            "inventory_turnover_ratio": 0.58,
            "account_receivable_turnover_ratio": 0.47,
            "reinvestment_rate": 36.91,
            "research_to_sale_ratio": 9.98,
            "price_fair": 77.44,
            "eps_avg_yearly": 2.21,
            "eps_latest_yearly": 1.12,
            "eps_growth_yearly": 31.64
        },
        "20141": {
            "year_quarter": 20141,
            "year": 2014,
            "quarter": 1,
            "eps": 0.33,
            "eps_growth_year": -51.47,
            "eps_4q": 1.44,
            "eps_4q_growth_year": -31.68,
            "roe": 1.76,
            "roe_4q": 7.91,
            "gross_profit": 299551,
            "gross_margin": 35.05,
            "gross_margin_4q_avg": 33.57,
            "net_income": 51479,
            "net_income_4q": null,
            "revenue": 854523,
            "revenue_4q": null,
            "common_shares": 1587445,
            "book_valuer_per_share": 18.38,
            "book_valuer_per_share_4q_avg": 17.37,
            "equity": 2993745,
            "current_ratio": 172.87,
            "debt_ratio": 48.82,
            "inventory_turnover_ratio": 0.54,
            "account_receivable_turnover_ratio": 0.47,
            "reinvestment_rate": 64.03,
            "research_to_sale_ratio": 7.45,
            "price_fair": 75.78,
            "eps_avg_yearly": 2.17,
            "eps_latest_yearly": 1.32,
            "eps_growth_yearly": 34.58
        },
        "20142": {
            "year_quarter": 20142,
            "year": 2014,
            "quarter": 2,
            "eps": 0.5,
            "eps_growth_year": -9.09,
            "eps_4q": 1.39,
            "eps_4q_growth_year": -36.4,
            "roe": 2.66,
            "roe_4q": 7.56,
            "gross_profit": 371544,
            "gross_margin": 35.77,
            "gross_margin_4q_avg": 33.83,
            "net_income": 77075,
            "net_income_4q": null,
            "revenue": 1038841,
            "revenue_4q": null,
            "common_shares": 1587445,
            "book_valuer_per_share": 16.97,
            "book_valuer_per_share_4q_avg": 17.44,
            "equity": 2803724,
            "current_ratio": 153.26,
            "debt_ratio": 53.08,
            "inventory_turnover_ratio": 0.58,
            "account_receivable_turnover_ratio": 0.57,
            "reinvestment_rate": 51.01,
            "research_to_sale_ratio": 6.52,
            "price_fair": 73.85,
            "eps_avg_yearly": 2.11,
            "eps_latest_yearly": 2,
            "eps_growth_yearly": 37.84
        },
        "20143": {
            "year_quarter": 20143,
            "year": 2014,
            "quarter": 3,
            "eps": 0.33,
            "eps_growth_year": 22.22,
            "eps_4q": 1.44,
            "eps_4q_growth_year": -24.18,
            "roe": 1.48,
            "roe_4q": 7.49,
            "gross_profit": 278891,
            "gross_margin": 32.68,
            "gross_margin_4q_avg": 33.61,
            "net_income": 42037,
            "net_income_4q": null,
            "revenue": 853430,
            "revenue_4q": null,
            "common_shares": 1587445,
            "book_valuer_per_share": 17.36,
            "book_valuer_per_share_4q_avg": 17.59,
            "equity": 2864851,
            "current_ratio": 153.33,
            "debt_ratio": 52,
            "inventory_turnover_ratio": 0.47,
            "account_receivable_turnover_ratio": 0.48,
            "reinvestment_rate": 54.16,
            "research_to_sale_ratio": 9.32,
            "price_fair": 61.3,
            "eps_avg_yearly": 1.96,
            "eps_latest_yearly": 1.32,
            "eps_growth_yearly": 21.35
        },
        "20144": {
            "year_quarter": 20144,
            "year": 2014,
            "quarter": 4,
            "eps": 0.37,
            "eps_growth_year": 31.61,
            "eps_4q": 1.53,
            "eps_4q_growth_year": -14.9,
            "roe": 1.98,
            "roe_4q": 7.88,
            "gross_profit": 300461,
            "gross_margin": 30.24,
            "gross_margin_4q_avg": 33.44,
            "net_income": 57854,
            "net_income_4q": null,
            "revenue": 993601,
            "revenue_4q": null,
            "common_shares": 1587445,
            "book_valuer_per_share": 18.15,
            "book_valuer_per_share_4q_avg": 17.72,
            "equity": 2992090,
            "current_ratio": 170.92,
            "debt_ratio": 51.03,
            "inventory_turnover_ratio": 0.57,
            "account_receivable_turnover_ratio": 0.53,
            "reinvestment_rate": 56.5,
            "research_to_sale_ratio": 6.23,
            "price_fair": 65.89,
            "eps_avg_yearly": 1.88,
            "eps_latest_yearly": 1.48,
            "eps_growth_yearly": 32.02
        },
        "20151": {
            "year_quarter": 20151,
            "year": 2015,
            "quarter": 1,
            "eps": -0.19,
            "eps_growth_year": -157.58,
            "eps_4q": 1.01,
            "eps_4q_growth_year": -29.85,
            "roe": -1.59,
            "roe_4q": 4.53,
            "gross_profit": 192811,
            "gross_margin": 30.09,
            "gross_margin_4q_avg": 32.2,
            "net_income": -47129,
            "net_income_4q": null,
            "revenue": 640723,
            "revenue_4q": null,
            "common_shares": 1587445,
            "book_valuer_per_share": 17.97,
            "book_valuer_per_share_4q_avg": 17.61,
            "equity": 2952001,
            "current_ratio": 157.89,
            "debt_ratio": 52.3,
            "inventory_turnover_ratio": 0.35,
            "account_receivable_turnover_ratio": 0.34,
            "reinvestment_rate": 70.15,
            "research_to_sale_ratio": 8.31,
            "price_fair": 66.45,
            "eps_avg_yearly": 1.9,
            "eps_latest_yearly": 1.48,
            "eps_growth_yearly": 44.25
        },
        "20152": {
            "year_quarter": 20152,
            "year": 2015,
            "quarter": 2,
            "eps": 0.32,
            "eps_growth_year": -36,
            "eps_4q": 0.84,
            "eps_4q_growth_year": -39.82,
            "roe": 1.26,
            "roe_4q": 3.13,
            "gross_profit": 303701,
            "gross_margin": 30.89,
            "gross_margin_4q_avg": 30.98,
            "net_income": 35904,
            "net_income_4q": null,
            "revenue": 983086,
            "revenue_4q": null,
            "common_shares": 1587445,
            "book_valuer_per_share": 16.81,
            "book_valuer_per_share_4q_avg": 17.57,
            "equity": 2761882,
            "current_ratio": 153.89,
            "debt_ratio": 56.37,
            "inventory_turnover_ratio": 0.53,
            "account_receivable_turnover_ratio": 0.53,
            "reinvestment_rate": 67.82,
            "research_to_sale_ratio": 5.52,
            "price_fair": 34.87,
            "eps_avg_yearly": 1.76,
            "eps_latest_yearly": 1.48,
            "eps_growth_yearly": 9.78
        },
        "20153": {
            "year_quarter": 20153,
            "year": 2015,
            "quarter": 3,
            "eps": 0,
            "eps_growth_year": -100,
            "eps_4q": 0.51,
            "eps_4q_growth_year": -64.76,
            "roe": -1.15,
            "roe_4q": 0.5,
            "gross_profit": 228444,
            "gross_margin": 26.47,
            "gross_margin_4q_avg": 29.42,
            "net_income": -31739,
            "net_income_4q": null,
            "revenue": 862908,
            "revenue_4q": null,
            "common_shares": 1587445,
            "book_valuer_per_share": 16.89,
            "book_valuer_per_share_4q_avg": 17.46,
            "equity": 2745322,
            "current_ratio": 149.88,
            "debt_ratio": 54.36,
            "inventory_turnover_ratio": 0.51,
            "account_receivable_turnover_ratio": 0.46,
            "reinvestment_rate": 67.8,
            "research_to_sale_ratio": 6.67,
            "price_fair": 44.42,
            "eps_avg_yearly": 1.66,
            "eps_latest_yearly": 1.48,
            "eps_growth_yearly": 16.69
        },
        "20154": {
            "year_quarter": 20154,
            "year": 2015,
            "quarter": 4,
            "eps": -3.26,
            "eps_growth_year": -968.6,
            "eps_4q": -3.12,
            "eps_4q_growth_year": -303.91,
            "roe": -28.45,
            "roe_4q": -29.929999999999996,
            "gross_profit": 19025,
            "gross_margin": 2.17,
            "gross_margin_4q_avg": 22.41,
            "net_income": -686613,
            "net_income_4q": null,
            "revenue": 876000,
            "revenue_4q": null,
            "common_shares": 1587445,
            "book_valuer_per_share": 13.79,
            "book_valuer_per_share_4q_avg": 16.37,
            "equity": 2082056,
            "current_ratio": 153.68,
            "debt_ratio": 62.69,
            "inventory_turnover_ratio": 0.8,
            "account_receivable_turnover_ratio": 0.5,
            "reinvestment_rate": 145.45,
            "research_to_sale_ratio": 6.95,
            "price_fair": 58.1,
            "eps_avg_yearly": 1.66,
            "eps_latest_yearly": 1.48,
            "eps_growth_yearly": 32.55
        },
        "20161": {
            "year_quarter": 20161,
            "year": 2016,
            "quarter": 1,
            "eps": 0.31,
            "eps_growth_year": null,
            "eps_4q": -2.79,
            "eps_4q_growth_year": -375.33,
            "roe": 2.19,
            "roe_4q": -26.149999999999995,
            "gross_profit": 289832,
            "gross_margin": 32.05,
            "gross_margin_4q_avg": 22.9,
            "net_income": 44004,
            "net_income_4q": null,
            "revenue": 904355,
            "revenue_4q": null,
            "common_shares": 1587445,
            "book_valuer_per_share": 13.69,
            "book_valuer_per_share_4q_avg": 15.3,
            "equity": 1929516,
            "current_ratio": 141.09,
            "debt_ratio": 66.2,
            "inventory_turnover_ratio": 0.66,
            "account_receivable_turnover_ratio": 0.51,
            "reinvestment_rate": 121.42,
            "research_to_sale_ratio": 6.04,
            "price_fair": 60.33,
            "eps_avg_yearly": 1.72,
            "eps_latest_yearly": 1.48,
            "eps_growth_yearly": 51.58
        },
        "20162": {
            "year_quarter": 20162,
            "year": 2016,
            "quarter": 2,
            "eps": 0.3,
            "eps_growth_year": -6.25,
            "eps_4q": -2.83,
            "eps_4q_growth_year": -438.06,
            "roe": 2.2,
            "roe_4q": -25.209999999999997,
            "gross_profit": 275947,
            "gross_margin": 29.02,
            "gross_margin_4q_avg": 22.43,
            "net_income": 42520,
            "net_income_4q": null,
            "revenue": 950964,
            "revenue_4q": null,
            "common_shares": 1587445,
            "book_valuer_per_share": 12.51,
            "book_valuer_per_share_4q_avg": 14.22,
            "equity": 1943378,
            "current_ratio": 151.15,
            "debt_ratio": 62.82,
            "inventory_turnover_ratio": 0.74,
            "account_receivable_turnover_ratio": 0.53,
            "reinvestment_rate": 61.45,
            "research_to_sale_ratio": 4.9,
            "price_fair": 39.86,
            "eps_avg_yearly": 1.66,
            "eps_latest_yearly": 1.2,
            "eps_growth_yearly": 14.04
        },
        "20163": {
            "year_quarter": 20163,
            "year": 2016,
            "quarter": 3,
            "eps": 0.42,
            "eps_growth_year": null,
            "eps_4q": -2.41,
            "eps_4q_growth_year": -573.8,
            "roe": 3.1,
            "roe_4q": -20.96,
            "gross_profit": 301743,
            "gross_margin": 32.39,
            "gross_margin_4q_avg": 23.91,
            "net_income": 61690,
            "net_income_4q": null,
            "revenue": 931582,
            "revenue_4q": null,
            "common_shares": 1587445,
            "book_valuer_per_share": 13.12,
            "book_valuer_per_share_4q_avg": 13.28,
            "equity": 2030372,
            "current_ratio": 142.71,
            "debt_ratio": 65.28,
            "inventory_turnover_ratio": 0.7,
            "account_receivable_turnover_ratio": 0.53,
            "reinvestment_rate": 112.02,
            "research_to_sale_ratio": 6.84,
            "price_fair": 52.28,
            "eps_avg_yearly": 1.61,
            "eps_latest_yearly": 1.68,
            "eps_growth_yearly": 22.53
        },
        "20164": {
            "year_quarter": 20164,
            "year": 2016,
            "quarter": 4,
            "eps": 0.35,
            "eps_growth_year": null,
            "eps_4q": 1.41,
            "eps_4q_growth_year": null,
            "roe": 2.55,
            "roe_4q": 10.040000000000001,
            "gross_profit": 300271,
            "gross_margin": 27.35,
            "gross_margin_4q_avg": 30.2,
            "net_income": 51995,
            "net_income_4q": null,
            "revenue": 1097892,
            "revenue_4q": null,
            "common_shares": 1587445,
            "book_valuer_per_share": 13.27,
            "book_valuer_per_share_4q_avg": 13.15,
            "equity": 2050127,
            "current_ratio": 153.35,
            "debt_ratio": 62.17,
            "inventory_turnover_ratio": 0.92,
            "account_receivable_turnover_ratio": 0.62,
            "reinvestment_rate": 134.1,
            "research_to_sale_ratio": 5.74,
            "price_fair": 55.75,
            "eps_avg_yearly": 1.59,
            "eps_latest_yearly": 1.4,
            "eps_growth_yearly": 27.5
        },
        "20171": {
            "year_quarter": 20171,
            "year": 2017,
            "quarter": 1,
            "eps": 0.28,
            "eps_growth_year": -9.68,
            "eps_4q": 1.35,
            "eps_4q_growth_year": null,
            "roe": 2.39,
            "roe_4q": 10.239999999999998,
            "gross_profit": 352287,
            "gross_margin": 31.88,
            "gross_margin_4q_avg": 30.16,
            "net_income": 49768,
            "net_income_4q": null,
            "revenue": 1105037,
            "revenue_4q": null,
            "common_shares": 1587445,
            "book_valuer_per_share": 13.68,
            "book_valuer_per_share_4q_avg": 13.15,
            "equity": 2116162,
            "current_ratio": 146.37,
            "debt_ratio": 64.07,
            "inventory_turnover_ratio": 0.91,
            "account_receivable_turnover_ratio": 0.59,
            "reinvestment_rate": 215.05,
            "research_to_sale_ratio": 4.59,
            "price_fair": 4.34,
            "eps_avg_yearly": 1.45,
            "eps_latest_yearly": 1.12,
            "eps_growth_yearly": -6.81
        },
        "20172": {
            "year_quarter": 20172,
            "year": 2017,
            "quarter": 2,
            "eps": 0.89,
            "eps_growth_year": 196.67,
            "eps_4q": 1.94,
            "eps_4q_growth_year": null,
            "roe": 6.23,
            "roe_4q": 14.270000000000001,
            "gross_profit": 455869,
            "gross_margin": 36.25,
            "gross_margin_4q_avg": 31.97,
            "net_income": 133703,
            "net_income_4q": null,
            "revenue": 1257464,
            "revenue_4q": null,
            "common_shares": 1587445,
            "book_valuer_per_share": 14.08,
            "book_valuer_per_share_4q_avg": 13.54,
            "equity": 2179174,
            "current_ratio": 154.22,
            "debt_ratio": 62.14,
            "inventory_turnover_ratio": 0.93,
            "account_receivable_turnover_ratio": 0.64,
            "reinvestment_rate": 139.59,
            "research_to_sale_ratio": 4.91,
            "price_fair": 54.98,
            "eps_avg_yearly": 1.57,
            "eps_latest_yearly": 3.56,
            "eps_growth_yearly": 79.36
        },
        "20173": {
            "year_quarter": 20173,
            "year": 2017,
            "quarter": 3,
            "eps": 0.86,
            "eps_growth_year": 104.76,
            "eps_4q": 2.37,
            "eps_4q_growth_year": null,
            "roe": 6.09,
            "roe_4q": 17.26,
            "gross_profit": 446941,
            "gross_margin": 34.2,
            "gross_margin_4q_avg": 32.42,
            "net_income": 136594,
            "net_income_4q": null,
            "revenue": 1306707,
            "revenue_4q": null,
            "common_shares": 1587445,
            "book_valuer_per_share": 14.88,
            "book_valuer_per_share_4q_avg": 13.98,
            "equity": 2303155,
            "current_ratio": 158.34,
            "debt_ratio": 61.36,
            "inventory_turnover_ratio": 0.91,
            "account_receivable_turnover_ratio": 0.67,
            "reinvestment_rate": 82.58,
            "research_to_sale_ratio": 5.04,
            "price_fair": 62.49,
            "eps_avg_yearly": 1.79,
            "eps_latest_yearly": 3.44,
            "eps_growth_yearly": 96.65
        },
        "20174": {
            "year_quarter": 20174,
            "year": 2017,
            "quarter": 4,
            "eps": 0.68,
            "eps_growth_year": 93.57,
            "eps_4q": 2.7,
            "eps_4q_growth_year": 91.9,
            "roe": 4.58,
            "roe_4q": 19.29,
            "gross_profit": 402991,
            "gross_margin": 30.22,
            "gross_margin_4q_avg": 33.14,
            "net_income": 107118,
            "net_income_4q": null,
            "revenue": 1333381,
            "revenue_4q": null,
            "common_shares": 1587445,
            "book_valuer_per_share": 15.34,
            "book_valuer_per_share_4q_avg": 14.5,
            "equity": 2378430,
            "current_ratio": 161.26,
            "debt_ratio": 59.81,
            "inventory_turnover_ratio": 0.96,
            "account_receivable_turnover_ratio": 0.65,
            "reinvestment_rate": 51.73,
            "research_to_sale_ratio": 5.28,
            "price_fair": 67.58,
            "eps_avg_yearly": 1.93,
            "eps_latest_yearly": 2.72,
            "eps_growth_yearly": 87.69
        },
        "20181": {
            "year_quarter": 20181,
            "year": 2018,
            "quarter": 1,
            "eps": 0.6,
            "eps_growth_year": 114.29,
            "eps_4q": 3.03,
            "eps_4q_growth_year": 123.64,
            "roe": 4.16,
            "roe_4q": 21.060000000000002,
            "gross_profit": 397750,
            "gross_margin": 30.46,
            "gross_margin_4q_avg": 32.78,
            "net_income": 102196,
            "net_income_4q": null,
            "revenue": 1305949,
            "revenue_4q": null,
            "common_shares": 1587445,
            "book_valuer_per_share": 16.27,
            "book_valuer_per_share_4q_avg": 15.14,
            "equity": 2529956,
            "current_ratio": 150.82,
            "debt_ratio": 62.12,
            "inventory_turnover_ratio": 0.89,
            "account_receivable_turnover_ratio": 0.58,
            "reinvestment_rate": -175.9,
            "research_to_sale_ratio": 4.01,
            "price_fair": 71.02,
            "eps_avg_yearly": 2.03,
            "eps_latest_yearly": 2.4,
            "eps_growth_yearly": 76.92
        },
        "20182": {
            "year_quarter": 20182,
            "year": 2018,
            "quarter": 2,
            "eps": 0.98,
            "eps_growth_year": 10.11,
            "eps_4q": 3.12,
            "eps_4q_growth_year": 61.1,
            "roe": 6.11,
            "roe_4q": 20.939999999999998,
            "gross_profit": 449196,
            "gross_margin": 31.53,
            "gross_margin_4q_avg": 31.6,
            "net_income": 156349,
            "net_income_4q": null,
            "revenue": 1424466,
            "revenue_4q": null,
            "common_shares": 1587445,
            "book_valuer_per_share": 16.61,
            "book_valuer_per_share_4q_avg": 15.78,
            "equity": 2585186,
            "current_ratio": 157.26,
            "debt_ratio": 61.51,
            "inventory_turnover_ratio": 0.88,
            "account_receivable_turnover_ratio": 0.56,
            "reinvestment_rate": -140.15,
            "research_to_sale_ratio": 4.02,
            "price_fair": 77.13,
            "eps_avg_yearly": 2.2,
            "eps_latest_yearly": 3.92,
            "eps_growth_yearly": 81.22
        },
        "20183": {
            "year_quarter": 20183,
            "year": 2018,
            "quarter": 3,
            "eps": 1.09,
            "eps_growth_year": 26.74,
            "eps_4q": 3.35,
            "eps_4q_growth_year": 41.13,
            "roe": 6.63,
            "roe_4q": 21.479999999999997,
            "gross_profit": 434802,
            "gross_margin": 29.33,
            "gross_margin_4q_avg": 30.39,
            "net_income": 174949,
            "net_income_4q": null,
            "revenue": 1482612,
            "revenue_4q": null,
            "common_shares": 1587445,
            "book_valuer_per_share": 17.26,
            "book_valuer_per_share_4q_avg": 16.37,
            "equity": 2691356,
            "current_ratio": 160.54,
            "debt_ratio": 59.72,
            "inventory_turnover_ratio": 0.95,
            "account_receivable_turnover_ratio": 0.58,
            "reinvestment_rate": -104.54,
            "research_to_sale_ratio": 4.47,
            "price_fair": 86.8,
            "eps_avg_yearly": 2.48,
            "eps_latest_yearly": 4.36,
            "eps_growth_yearly": 97.66
        },
        "20184": {
            "year_quarter": 20184,
            "year": 2018,
            "quarter": 4,
            "eps": 1.06,
            "eps_growth_year": 55.98,
            "eps_4q": 3.73,
            "eps_4q_growth_year": 38.07,
            "roe": 6.07,
            "roe_4q": 22.97,
            "gross_profit": 515959,
            "gross_margin": 34.7,
            "gross_margin_4q_avg": 31.51,
            "net_income": 164147,
            "net_income_4q": null,
            "revenue": 1486759,
            "revenue_4q": null,
            "common_shares": 1587445,
            "book_valuer_per_share": 17.4,
            "book_valuer_per_share_4q_avg": 16.89,
            "equity": 2718986,
            "current_ratio": 163.58,
            "debt_ratio": 58.23,
            "inventory_turnover_ratio": 0.95,
            "account_receivable_turnover_ratio": 0.59,
            "reinvestment_rate": -94.4,
            "research_to_sale_ratio": 6.98,
            "price_fair": 95.58,
            "eps_avg_yearly": 2.73,
            "eps_latest_yearly": 4.24,
            "eps_growth_yearly": 92.26
        },
        "20191": {
            "year_quarter": 20191,
            "year": 2019,
            "quarter": 1,
            "eps": 0.58,
            "eps_growth_year": -3.33,
            "eps_4q": 3.71,
            "eps_4q_growth_year": 22.42,
            "roe": 3.28,
            "roe_4q": 22.09,
            "gross_profit": 369722,
            "gross_margin": 33.02,
            "gross_margin_4q_avg": 32.15,
            "net_income": 92841,
            "net_income_4q": null,
            "revenue": 1119529,
            "revenue_4q": null,
            "common_shares": 1587445,
            "book_valuer_per_share": 18.88,
            "book_valuer_per_share_4q_avg": 17.54,
            "equity": 2949047,
            "current_ratio": 158.48,
            "debt_ratio": 55.51,
            "inventory_turnover_ratio": 0.76,
            "account_receivable_turnover_ratio": 0.45,
            "reinvestment_rate": -86.69,
            "research_to_sale_ratio": 5.5,
            "price_fair": 94.38,
            "eps_avg_yearly": 2.7,
            "eps_latest_yearly": 2.32,
            "eps_growth_yearly": 69.47
        },
        "20192": {
            "year_quarter": 20192,
            "year": 2019,
            "quarter": 2,
            "eps": 0.66,
            "eps_growth_year": -32.65,
            "eps_4q": 3.39,
            "eps_4q_growth_year": 8.52,
            "roe": 3.81,
            "roe_4q": 19.79,
            "gross_profit": 370143,
            "gross_margin": 28.86,
            "gross_margin_4q_avg": 31.48,
            "net_income": 104575,
            "net_income_4q": null,
            "revenue": 1282349,
            "revenue_4q": null,
            "common_shares": 1492055,
            "book_valuer_per_share": 16.14,
            "book_valuer_per_share_4q_avg": 17.42,
            "equity": 2539003,
            "current_ratio": 142.86,
            "debt_ratio": 61.08,
            "inventory_turnover_ratio": 1,
            "account_receivable_turnover_ratio": 0.53,
            "reinvestment_rate": -78.85,
            "research_to_sale_ratio": 4.45,
            "price_fair": 94.23,
            "eps_avg_yearly": 2.69,
            "eps_latest_yearly": 2.64,
            "eps_growth_yearly": 68.37
        },
        "20193": {
            "year_quarter": 20193,
            "year": 2019,
            "quarter": 3,
            "eps": 0.56,
            "eps_growth_year": -48.62,
            "eps_4q": 2.85,
            "eps_4q_growth_year": -14.82,
            "roe": 3.45,
            "roe_4q": 16.61,
            "gross_profit": 244644,
            "gross_margin": 25.32,
            "gross_margin_4q_avg": 30.48,
            "net_income": 89446,
            "net_income_4q": null,
            "revenue": 966152,
            "revenue_4q": null,
            "common_shares": 1492055,
            "book_valuer_per_share": 16.85,
            "book_valuer_per_share_4q_avg": 17.32,
            "equity": 2647373,
            "current_ratio": 149.42,
            "debt_ratio": 59.5,
            "inventory_turnover_ratio": 0.95,
            "account_receivable_turnover_ratio": 0.4,
            "reinvestment_rate": -76.59,
            "research_to_sale_ratio": 5.82,
            "price_fair": 93.1,
            "eps_avg_yearly": 2.66,
            "eps_latest_yearly": 2.24,
            "eps_growth_yearly": 59.16
        },
        "20194": {
            "year_quarter": 20194,
            "year": 2019,
            "quarter": 4,
            "eps": 0.3,
            "eps_growth_year": -72.01,
            "eps_4q": 2.09,
            "eps_4q_growth_year": -43.85,
            "roe": 1.95,
            "roe_4q": 12.49,
            "gross_profit": 283791,
            "gross_margin": 26.52,
            "gross_margin_4q_avg": 28.43,
            "net_income": 51551,
            "net_income_4q": null,
            "revenue": 1070258,
            "revenue_4q": null,
            "common_shares": 1492055,
            "book_valuer_per_share": 16.84,
            "book_valuer_per_share_4q_avg": 17.18,
            "equity": 2650320,
            "current_ratio": 154.41,
            "debt_ratio": 58.66,
            "inventory_turnover_ratio": 1.22,
            "account_receivable_turnover_ratio": 0.43,
            "reinvestment_rate": -41.96,
            "research_to_sale_ratio": 6.56,
            "price_fair": 89.69,
            "eps_avg_yearly": 2.56,
            "eps_latest_yearly": 1.2,
            "eps_growth_yearly": 42.84
        },
        "20201": {
            "year_quarter": 20201,
            "year": 2020,
            "quarter": 1,
            "eps": 0.56,
            "eps_growth_year": -3.45,
            "eps_4q": 2.07,
            "eps_4q_growth_year": -44.11,
            "roe": 3.57,
            "roe_4q": 12.78,
            "gross_profit": 386343,
            "gross_margin": 50.48,
            "gross_margin_4q_avg": 32.8,
            "net_income": 93242,
            "net_income_4q": null,
            "revenue": 765267,
            "revenue_4q": null,
            "common_shares": 1492055,
            "book_valuer_per_share": 16.31,
            "book_valuer_per_share_4q_avg": 16.54,
            "equity": 2579225,
            "current_ratio": 172.28,
            "debt_ratio": 57.8,
            "inventory_turnover_ratio": 0.6,
            "account_receivable_turnover_ratio": 0.33,
            "reinvestment_rate": -2.07,
            "research_to_sale_ratio": 6.21,
            "price_fair": 88.99,
            "eps_avg_yearly": 2.54,
            "eps_latest_yearly": 2.24,
            "eps_growth_yearly": 61.83
        },
        "20202": {
            "year_quarter": 20202,
            "year": 2020,
            "quarter": 2,
            "eps": 0.57,
            "eps_growth_year": -13.64,
            "eps_4q": 1.98,
            "eps_4q_growth_year": -41.4,
            "roe": 3.7,
            "roe_4q": 12.669999999999998,
            "gross_profit": 337417,
            "gross_margin": 37.17,
            "gross_margin_4q_avg": 34.87,
            "net_income": 90048,
            "net_income_4q": null,
            "revenue": 907756,
            "revenue_4q": null,
            "common_shares": 1492055,
            "book_valuer_per_share": 14.39,
            "book_valuer_per_share_4q_avg": 16.1,
            "equity": 2291481,
            "current_ratio": 147.38,
            "debt_ratio": 62.65,
            "inventory_turnover_ratio": 0.76,
            "account_receivable_turnover_ratio": 0.46,
            "reinvestment_rate": 1.46,
            "research_to_sale_ratio": 7.38,
            "price_fair": 91.35,
            "eps_avg_yearly": 2.61,
            "eps_latest_yearly": 2.28,
            "eps_growth_yearly": 63.08
        },
        "20203": {
            "year_quarter": 20203,
            "year": 2020,
            "quarter": 3,
            "eps": 0.88,
            "eps_growth_year": 57.14,
            "eps_4q": 2.3,
            "eps_4q_growth_year": -19.33,
            "roe": 5.7,
            "roe_4q": 14.92,
            "gross_profit": 376671,
            "gross_margin": 35.25,
            "gross_margin_4q_avg": 37.36,
            "net_income": 135649,
            "net_income_4q": null,
            "revenue": 1068478,
            "revenue_4q": null,
            "common_shares": 1492055,
            "book_valuer_per_share": 15.51,
            "book_valuer_per_share_4q_avg": 15.76,
            "equity": 2466843,
            "current_ratio": 146.87,
            "debt_ratio": 59.99,
            "inventory_turnover_ratio": 0.81,
            "account_receivable_turnover_ratio": 0.57,
            "reinvestment_rate": 2.06,
            "research_to_sale_ratio": 6.65,
            "price_fair": 95.38,
            "eps_avg_yearly": 2.73,
            "eps_latest_yearly": 3.52,
            "eps_growth_yearly": 66.67
        },
        "20204": {
            "year_quarter": 20204,
            "year": 2020,
            "quarter": 4,
            "eps": 0.93,
            "eps_growth_year": 216.13,
            "eps_4q": 2.94,
            "eps_4q_growth_year": 40.45,
            "roe": 6.07,
            "roe_4q": 19.04,
            "gross_profit": 446883,
            "gross_margin": 33.24,
            "gross_margin_4q_avg": 39.04,
            "net_income": 156306,
            "net_income_4q": null,
            "revenue": 1344305,
            "revenue_4q": null,
            "common_shares": 1492055,
            "book_valuer_per_share": 16.82,
            "book_valuer_per_share_4q_avg": 15.76,
            "equity": 2682492,
            "current_ratio": 145.88,
            "debt_ratio": 60.26,
            "inventory_turnover_ratio": 0.97,
            "account_receivable_turnover_ratio": 0.71,
            "reinvestment_rate": 11.57,
            "research_to_sale_ratio": 5.4,
            "price_fair": 100.45,
            "eps_avg_yearly": 2.87,
            "eps_latest_yearly": 3.72,
            "eps_growth_yearly": 72.26
        },
        "20211": {
            "year_quarter": 20211,
            "year": 2021,
            "quarter": 1,
            "eps": 1.01,
            "eps_growth_year": 80.36,
            "eps_4q": 3.39,
            "eps_4q_growth_year": 63.64,
            "roe": 6,
            "roe_4q": 21.47,
            "gross_profit": 471403,
            "gross_margin": 34.07,
            "gross_margin_4q_avg": 34.93,
            "net_income": 166704,
            "net_income_4q": null,
            "revenue": 1383698,
            "revenue_4q": null,
            "common_shares": 1492055,
            "book_valuer_per_share": 18,
            "book_valuer_per_share_4q_avg": 16.18,
            "equity": 2873157,
            "current_ratio": 144.41,
            "debt_ratio": 61.1,
            "inventory_turnover_ratio": 0.81,
            "account_receivable_turnover_ratio": 0.71,
            "reinvestment_rate": 11.63,
            "research_to_sale_ratio": 4.24,
            "price_fair": 106.84,
            "eps_avg_yearly": 3.05,
            "eps_latest_yearly": 4.04,
            "eps_growth_yearly": 79.41
        },
        "20212": {
            "year_quarter": 20212,
            "year": 2021,
            "quarter": 2,
            "eps": 1.25,
            "eps_growth_year": 119.3,
            "eps_4q": 4.07,
            "eps_4q_growth_year": 105.14,
            "roe": 6.77,
            "roe_4q": 24.54,
            "gross_profit": 532302,
            "gross_margin": 34.77,
            "gross_margin_4q_avg": 34.33,
            "net_income": 202036,
            "net_income_4q": null,
            "revenue": 1531029,
            "revenue_4q": null,
            "common_shares": 1492055,
            "book_valuer_per_share": 19.4,
            "book_valuer_per_share_4q_avg": 17.43,
            "equity": 3092531,
            "current_ratio": 150.32,
            "debt_ratio": 58.9,
            "inventory_turnover_ratio": 0.78,
            "account_receivable_turnover_ratio": 0.79,
            "reinvestment_rate": 20.97,
            "research_to_sale_ratio": 3.81,
            "price_fair": 109.99,
            "eps_avg_yearly": 3.14,
            "eps_latest_yearly": 5,
            "eps_growth_yearly": 30.89
        },
        "20213": {
            "year_quarter": 20213,
            "year": 2021,
            "quarter": 3,
            "eps": 1.02,
            "eps_growth_year": 15.91,
            "eps_4q": 4.17,
            "eps_4q_growth_year": 81.18,
            "roe": 5.95,
            "roe_4q": 24.79,
            "gross_profit": 439101,
            "gross_margin": 33.27,
            "gross_margin_4q_avg": 33.84,
            "net_income": 175465,
            "net_income_4q": null,
            "revenue": 1319864,
            "revenue_4q": null,
            "common_shares": 1521897,
            "book_valuer_per_share": 17.11,
            "book_valuer_per_share_4q_avg": 17.83,
            "equity": 2808473,
            "current_ratio": 146.42,
            "debt_ratio": 62.05,
            "inventory_turnover_ratio": 0.66,
            "account_receivable_turnover_ratio": 0.7,
            "reinvestment_rate": 26.3,
            "research_to_sale_ratio": 5.34,
            "price_fair": 111.39,
            "eps_avg_yearly": 3.18,
            "eps_latest_yearly": 4.08,
            "eps_growth_yearly": 27.13
        },
        "20214": {
            "year_quarter": 20214,
            "year": 2021,
            "quarter": 4,
            "eps": 1.11,
            "eps_growth_year": 18.63,
            "eps_4q": 4.36,
            "eps_4q_growth_year": 48.23,
            "roe": 5.88,
            "roe_4q": 24.6,
            "gross_profit": 499035,
            "gross_margin": 33.52,
            "gross_margin_4q_avg": 33.91,
            "net_income": 172201,
            "net_income_4q": null,
            "revenue": 1488674,
            "revenue_4q": null,
            "common_shares": 1521897,
            "book_valuer_per_share": 18.67,
            "book_valuer_per_share_4q_avg": 18.3,
            "equity": 3049762,
            "current_ratio": 152.86,
            "debt_ratio": 58.44,
            "inventory_turnover_ratio": 0.77,
            "account_receivable_turnover_ratio": 0.76,
            "reinvestment_rate": 29.3,
            "research_to_sale_ratio": 9.13,
            "price_fair": 115.15,
            "eps_avg_yearly": 3.29,
            "eps_latest_yearly": 4.44,
            "eps_growth_yearly": 34.57
        },
        "20221": {
            "year_quarter": 20221,
            "year": 2022,
            "quarter": 1,
            "eps": 1.03,
            "eps_growth_year": 1.98,
            "eps_4q": 4.38,
            "eps_4q_growth_year": 29.11,
            "roe": 5.26,
            "roe_4q": 23.86,
            "gross_profit": 412479,
            "gross_margin": 33.28,
            "gross_margin_4q_avg": 33.71,
            "net_income": 168923,
            "net_income_4q": null,
            "revenue": 1239522,
            "revenue_4q": null,
            "common_shares": 1521897,
            "book_valuer_per_share": 20.54,
            "book_valuer_per_share_4q_avg": 18.93,
            "equity": 3368075,
            "current_ratio": 154.52,
            "debt_ratio": 56.01,
            "inventory_turnover_ratio": 0.72,
            "account_receivable_turnover_ratio": 0.59,
            "reinvestment_rate": 59.29,
            "research_to_sale_ratio": 6,
            "price_fair": 118.91,
            "eps_avg_yearly": 3.4,
            "eps_latest_yearly": 4.12,
            "eps_growth_yearly": 35.71
        },
        "20222": {
            "year_quarter": 20222,
            "year": 2022,
            "quarter": 2,
            "eps": 1.27,
            "eps_growth_year": 1.6,
            "eps_4q": 4.33,
            "eps_4q_growth_year": 6.4,
            "roe": 6.77,
            "roe_4q": 23.86,
            "gross_profit": 516848,
            "gross_margin": 39.15,
            "gross_margin_4q_avg": 34.81,
            "net_income": 216743,
            "net_income_4q": null,
            "revenue": 1320166,
            "revenue_4q": null,
            "common_shares": 1521897,
            "book_valuer_per_share": 18.26,
            "book_valuer_per_share_4q_avg": 18.65,
            "equity": 3033748,
            "current_ratio": 142.48,
            "debt_ratio": 61.89,
            "inventory_turnover_ratio": 0.72,
            "account_receivable_turnover_ratio": 0.61,
            "reinvestment_rate": 55.21,
            "research_to_sale_ratio": 7.15,
            "price_fair": 121.45,
            "eps_avg_yearly": 3.47,
            "eps_latest_yearly": 5.08,
            "eps_growth_yearly": 25.7
        },
        "20223": {
            "year_quarter": 20223,
            "year": 2022,
            "quarter": 3,
            "eps": 1.44,
            "eps_growth_year": 41.18,
            "eps_4q": 4.78,
            "eps_4q_growth_year": 14.66,
            "roe": 7.69,
            "roe_4q": 25.599999999999998,
            "gross_profit": 529801,
            "gross_margin": 34.54,
            "gross_margin_4q_avg": 35.12,
            "net_income": 244567,
            "net_income_4q": null,
            "revenue": 1533975,
            "revenue_4q": null,
            "common_shares": 1567553,
            "book_valuer_per_share": 19.47,
            "book_valuer_per_share_4q_avg": 19.24,
            "equity": 3327010,
            "current_ratio": 141.06,
            "debt_ratio": 60.13,
            "inventory_turnover_ratio": 0.92,
            "account_receivable_turnover_ratio": 0.64,
            "reinvestment_rate": 54.29,
            "research_to_sale_ratio": 4.31,
            "price_fair": 124.51,
            "eps_avg_yearly": 3.56,
            "eps_latest_yearly": 5.76,
            "eps_growth_yearly": 26.24
        },
        "20224": {
            "year_quarter": 20224,
            "year": 2022,
            "quarter": 4,
            "eps": 0.87,
            "eps_growth_year": -21.08,
            "eps_4q": 4.59,
            "eps_4q_growth_year": 5.22,
            "roe": 4.48,
            "roe_4q": 24.200000000000003,
            "gross_profit": 448877,
            "gross_margin": 35.25,
            "gross_margin_4q_avg": 35.56,
            "net_income": 152389,
            "net_income_4q": null,
            "revenue": 1273313,
            "revenue_4q": null,
            "common_shares": 1567553,
            "book_valuer_per_share": 20.35,
            "book_valuer_per_share_4q_avg": 19.66,
            "equity": 3477814,
            "current_ratio": 155.1,
            "debt_ratio": 57.52,
            "inventory_turnover_ratio": 0.81,
            "account_receivable_turnover_ratio": 0.51,
            "reinvestment_rate": 55.53,
            "research_to_sale_ratio": 6.97,
            "price_fair": 94.89,
            "eps_avg_yearly": 3.51,
            "eps_latest_yearly": 3.48,
            "eps_growth_yearly": 17.03
        },
        "20231": {
            "year_quarter": 20231,
            "year": 2023,
            "quarter": 1,
            "eps": 0.83,
            "eps_growth_year": -19.42,
            "eps_4q": 4.42,
            "eps_4q_growth_year": 0.95,
            "roe": 4.21,
            "roe_4q": 23.150000000000002,
            "gross_profit": 361174,
            "gross_margin": 37.36,
            "gross_margin_4q_avg": 36.58,
            "net_income": 140748,
            "net_income_4q": null,
            "revenue": 966854,
            "revenue_4q": null,
            "common_shares": 1567553,
            "book_valuer_per_share": 18.56,
            "book_valuer_per_share_4q_avg": 19.16,
            "equity": 3208206,
            "current_ratio": 154.41,
            "debt_ratio": 58.68,
            "inventory_turnover_ratio": 0.7,
            "account_receivable_turnover_ratio": 0.42,
            "reinvestment_rate": 56.8,
            "research_to_sale_ratio": 7.53,
            "price_fair": 125.04,
            "eps_avg_yearly": 3.57,
            "eps_latest_yearly": 3.32,
            "eps_growth_yearly": 27.2
        },
        "20232": {
            "year_quarter": 20232,
            "year": 2023,
            "quarter": 2,
            "eps": 0.49,
            "eps_growth_year": -61.42,
            "eps_4q": 3.64,
            "eps_4q_growth_year": -15.96,
            "roe": 2.42,
            "roe_4q": 18.8,
            "gross_profit": 281680,
            "gross_margin": 38.66,
            "gross_margin_4q_avg": 36.45,
            "net_income": 79303,
            "net_income_4q": null,
            "revenue": 728682,
            "revenue_4q": null,
            "common_shares": 1567553,
            "book_valuer_per_share": 19.39,
            "book_valuer_per_share_4q_avg": 19.44,
            "equity": 3332428,
            "current_ratio": 163.88,
            "debt_ratio": 56.47,
            "inventory_turnover_ratio": 0.61,
            "account_receivable_turnover_ratio": 0.36,
            "reinvestment_rate": 54.35,
            "research_to_sale_ratio": 9.65,
            "price_fair": 83.01,
            "eps_avg_yearly": 3.53,
            "eps_latest_yearly": 1.96,
            "eps_growth_yearly": 13.52
        },
        "20233": {
            "year_quarter": 20233,
            "year": 2023,
            "quarter": 3,
            "eps": 1.08,
            "eps_growth_year": -25,
            "eps_4q": 3.28,
            "eps_4q_growth_year": -31.5,
            "roe": 5.03,
            "roe_4q": 16.14,
            "gross_profit": 416936,
            "gross_margin": 46.08,
            "gross_margin_4q_avg": 39.34,
            "net_income": 174864,
            "net_income_4q": null,
            "revenue": 904861,
            "revenue_4q": null,
            "common_shares": 1567553,
            "book_valuer_per_share": 21.15,
            "book_valuer_per_share_4q_avg": 19.86,
            "equity": 3627228,
            "current_ratio": 193.15,
            "debt_ratio": 52.72,
            "inventory_turnover_ratio": 0.73,
            "account_receivable_turnover_ratio": 0.48,
            "reinvestment_rate": 52.91,
            "research_to_sale_ratio": 12.44,
            "price_fair": 128.1,
            "eps_avg_yearly": 3.66,
            "eps_latest_yearly": 4.32,
            "eps_growth_yearly": 47.41
        },
        "20234": {
            "year_quarter": 20234,
            "year": 2023,
            "quarter": 4,
            "eps": 0.74,
            "eps_growth_year": -15.82,
            "eps_4q": 3.26,
            "eps_4q_growth_year": -28.96,
            "roe": 3.84,
            "roe_4q": 15.5,
            "gross_profit": 446368,
            "gross_margin": 43.53,
            "gross_margin_4q_avg": 41.41,
            "net_income": 135206,
            "net_income_4q": null,
            "revenue": 1025404,
            "revenue_4q": null,
            "common_shares": 1567553,
            "book_valuer_per_share": 20.7,
            "book_valuer_per_share_4q_avg": 19.95,
            "equity": 3414579,
            "current_ratio": 160.89,
            "debt_ratio": 57.34,
            "inventory_turnover_ratio": 0.85,
            "account_receivable_turnover_ratio": 0.57,
            "reinvestment_rate": 57.95,
            "research_to_sale_ratio": 8.02,
            "price_fair": 131.95,
            "eps_avg_yearly": 3.77,
            "eps_latest_yearly": 2.96,
            "eps_growth_yearly": 51.14
        }
    },
    "months": {
        "2001-09": {
            "month": "2001-09",
            "price": "16.48",
            "revenue": 72188
        },
        "2001-10": {
            "month": "2001-10",
            "price": "16.27",
            "revenue": 71102
        },
        "2001-11": {
            "month": "2001-11",
            "price": "19.99",
            "revenue": 201427
        },
        "2001-12": {
            "month": "2001-12",
            "price": "27.97",
            "revenue": 61012
        },
        "2002-01": {
            "month": "2002-01",
            "price": "27.90",
            "revenue": 87407
        },
        "2002-02": {
            "month": "2002-02",
            "price": "26.45",
            "revenue": 78466
        },
        "2002-03": {
            "month": "2002-03",
            "price": "29.25",
            "revenue": 86286
        },
        "2002-04": {
            "month": "2002-04",
            "price": "30.50",
            "revenue": 89036
        },
        "2002-05": {
            "month": "2002-05",
            "price": "26.88",
            "revenue": 94355
        },
        "2002-06": {
            "month": "2002-06",
            "price": "26.46",
            "revenue": 87644
        },
        "2002-07": {
            "month": "2002-07",
            "price": "22.13",
            "revenue": 96080
        },
        "2002-08": {
            "month": "2002-08",
            "price": "19.14",
            "revenue": 83537
        },
        "2002-09": {
            "month": "2002-09",
            "price": "18.12",
            "revenue": 135216
        },
        "2002-10": {
            "month": "2002-10",
            "price": "16.64",
            "revenue": 71248
        },
        "2002-11": {
            "month": "2002-11",
            "price": "17.45",
            "revenue": 87916
        },
        "2002-12": {
            "month": "2002-12",
            "price": "16.33",
            "revenue": 111916
        },
        "2003-01": {
            "month": "2003-01",
            "price": "16.05",
            "revenue": 70213
        },
        "2003-02": {
            "month": "2003-02",
            "price": "15.91",
            "revenue": 73322
        },
        "2003-03": {
            "month": "2003-03",
            "price": "15.11",
            "revenue": 77565
        },
        "2003-04": {
            "month": "2003-04",
            "price": "13.32",
            "revenue": 104409
        },
        "2003-05": {
            "month": "2003-05",
            "price": "11.63",
            "revenue": 82099
        },
        "2003-06": {
            "month": "2003-06",
            "price": "13.70",
            "revenue": 85335
        },
        "2003-07": {
            "month": "2003-07",
            "price": "21.97",
            "revenue": 103391
        },
        "2003-08": {
            "month": "2003-08",
            "price": "23.27",
            "revenue": 97520
        },
        "2003-09": {
            "month": "2003-09",
            "price": "16.39",
            "revenue": 83039
        },
        "2003-10": {
            "month": "2003-10",
            "price": "16.64",
            "revenue": 90162
        },
        "2003-11": {
            "month": "2003-11",
            "price": "19.02",
            "revenue": 132822
        },
        "2003-12": {
            "month": "2003-12",
            "price": "19.29",
            "revenue": 122018
        },
        "2004-01": {
            "month": "2004-01",
            "price": "18.64",
            "revenue": 86145
        },
        "2004-02": {
            "month": "2004-02",
            "price": "19.37",
            "revenue": 101998
        },
        "2004-03": {
            "month": "2004-03",
            "price": "19.58",
            "revenue": 110490
        },
        "2004-04": {
            "month": "2004-04",
            "price": "23.15",
            "revenue": 155880
        },
        "2004-05": {
            "month": "2004-05",
            "price": "20.07",
            "revenue": 125887
        },
        "2004-06": {
            "month": "2004-06",
            "price": "19.06",
            "revenue": 154561
        },
        "2004-07": {
            "month": "2004-07",
            "price": "18.00",
            "revenue": 136881
        },
        "2004-08": {
            "month": "2004-08",
            "price": "17.16",
            "revenue": 137704
        },
        "2004-09": {
            "month": "2004-09",
            "price": "18.35",
            "revenue": 171978
        },
        "2004-10": {
            "month": "2004-10",
            "price": "20.08",
            "revenue": 142636
        },
        "2004-11": {
            "month": "2004-11",
            "price": "19.05",
            "revenue": 154390
        },
        "2004-12": {
            "month": "2004-12",
            "price": "18.93",
            "revenue": 124030
        },
        "2005-01": {
            "month": "2005-01",
            "price": "17.40",
            "revenue": 116467
        },
        "2005-02": {
            "month": "2005-02",
            "price": "17.41",
            "revenue": 115198
        },
        "2005-03": {
            "month": "2005-03",
            "price": "18.17",
            "revenue": 123510
        },
        "2005-04": {
            "month": "2005-04",
            "price": "17.46",
            "revenue": 92493
        },
        "2005-05": {
            "month": "2005-05",
            "price": "16.90",
            "revenue": 118600
        },
        "2005-06": {
            "month": "2005-06",
            "price": "17.74",
            "revenue": 120141
        },
        "2005-07": {
            "month": "2005-07",
            "price": "18.64",
            "revenue": 144801
        },
        "2005-08": {
            "month": "2005-08",
            "price": "18.69",
            "revenue": 125976
        },
        "2005-09": {
            "month": "2005-09",
            "price": "17.84",
            "revenue": 147089
        },
        "2005-10": {
            "month": "2005-10",
            "price": "15.85",
            "revenue": 128567
        },
        "2005-11": {
            "month": "2005-11",
            "price": "15.61",
            "revenue": 177945
        },
        "2005-12": {
            "month": "2005-12",
            "price": "17.16",
            "revenue": 204002
        },
        "2006-01": {
            "month": "2006-01",
            "price": "18.04",
            "revenue": 105114
        },
        "2006-02": {
            "month": "2006-02",
            "price": "17.41",
            "revenue": 113292
        },
        "2006-03": {
            "month": "2006-03",
            "price": "17.80",
            "revenue": 189168
        },
        "2006-04": {
            "month": "2006-04",
            "price": "19.39",
            "revenue": 179436
        },
        "2006-05": {
            "month": "2006-05",
            "price": "20.69",
            "revenue": 153407
        },
        "2006-06": {
            "month": "2006-06",
            "price": "18.68",
            "revenue": 162235
        },
        "2006-07": {
            "month": "2006-07",
            "price": "18.92",
            "revenue": 215136
        },
        "2006-08": {
            "month": "2006-08",
            "price": "18.48",
            "revenue": 208701
        },
        "2006-09": {
            "month": "2006-09",
            "price": "18.57",
            "revenue": 202554
        },
        "2006-10": {
            "month": "2006-10",
            "price": "19.92",
            "revenue": 208589
        },
        "2006-11": {
            "month": "2006-11",
            "price": "21.87",
            "revenue": 237151
        },
        "2006-12": {
            "month": "2006-12",
            "price": "25.17",
            "revenue": 187503
        },
        "2007-01": {
            "month": "2007-01",
            "price": "25.35",
            "revenue": 121488
        },
        "2007-02": {
            "month": "2007-02",
            "price": "24.35",
            "revenue": 151023
        },
        "2007-03": {
            "month": "2007-03",
            "price": "24.00",
            "revenue": 145441
        },
        "2007-04": {
            "month": "2007-04",
            "price": "24.54",
            "revenue": 140658
        },
        "2007-05": {
            "month": "2007-05",
            "price": "23.15",
            "revenue": 143682
        },
        "2007-06": {
            "month": "2007-06",
            "price": "24.43",
            "revenue": 250362
        },
        "2007-07": {
            "month": "2007-07",
            "price": "25.96",
            "revenue": 234734
        },
        "2007-08": {
            "month": "2007-08",
            "price": "23.85",
            "revenue": 247471
        },
        "2007-09": {
            "month": "2007-09",
            "price": "23.15",
            "revenue": 200021
        },
        "2007-10": {
            "month": "2007-10",
            "price": "22.66",
            "revenue": 197405
        },
        "2007-11": {
            "month": "2007-11",
            "price": "19.50",
            "revenue": 177138
        },
        "2007-12": {
            "month": "2007-12",
            "price": "17.74",
            "revenue": 165557
        },
        "2008-01": {
            "month": "2008-01",
            "price": "17.62",
            "revenue": 121664
        },
        "2008-02": {
            "month": "2008-02",
            "price": "17.26",
            "revenue": 181728
        },
        "2008-03": {
            "month": "2008-03",
            "price": "17.96",
            "revenue": 124756
        },
        "2008-04": {
            "month": "2008-04",
            "price": "18.56",
            "revenue": 229281
        },
        "2008-05": {
            "month": "2008-05",
            "price": "18.85",
            "revenue": 301824
        },
        "2008-06": {
            "month": "2008-06",
            "price": "17.86",
            "revenue": 202282
        },
        "2008-07": {
            "month": "2008-07",
            "price": "15.71",
            "revenue": 157173
        },
        "2008-08": {
            "month": "2008-08",
            "price": "15.02",
            "revenue": 200302
        },
        "2008-09": {
            "month": "2008-09",
            "price": "11.54",
            "revenue": 252040
        },
        "2008-10": {
            "month": "2008-10",
            "price": "9.58",
            "revenue": 229688
        },
        "2008-11": {
            "month": "2008-11",
            "price": "9.37",
            "revenue": 225480
        },
        "2008-12": {
            "month": "2008-12",
            "price": "9.10",
            "revenue": 164664
        },
        "2009-01": {
            "month": "2009-01",
            "price": "8.85",
            "revenue": 72864
        },
        "2009-02": {
            "month": "2009-02",
            "price": "8.33",
            "revenue": 114091
        },
        "2009-03": {
            "month": "2009-03",
            "price": "9.09",
            "revenue": 98113
        },
        "2009-04": {
            "month": "2009-04",
            "price": "10.37",
            "revenue": 147490
        },
        "2009-05": {
            "month": "2009-05",
            "price": "10.55",
            "revenue": 80294
        },
        "2009-06": {
            "month": "2009-06",
            "price": "10.70",
            "revenue": 109401
        },
        "2009-07": {
            "month": "2009-07",
            "price": "11.07",
            "revenue": 66389
        },
        "2009-08": {
            "month": "2009-08",
            "price": "11.54",
            "revenue": 83734
        },
        "2009-09": {
            "month": "2009-09",
            "price": "12.46",
            "revenue": 148863
        },
        "2009-10": {
            "month": "2009-10",
            "price": "14.17",
            "revenue": 100708
        },
        "2009-11": {
            "month": "2009-11",
            "price": "15.98",
            "revenue": 104587
        },
        "2009-12": {
            "month": "2009-12",
            "price": "16.97",
            "revenue": 276409
        },
        "2010-01": {
            "month": "2010-01",
            "price": "19.47",
            "revenue": 174042
        },
        "2010-02": {
            "month": "2010-02",
            "price": "17.37",
            "revenue": 180695
        },
        "2010-03": {
            "month": "2010-03",
            "price": "19.63",
            "revenue": 326823
        },
        "2010-04": {
            "month": "2010-04",
            "price": "21.67",
            "revenue": 250117
        },
        "2010-05": {
            "month": "2010-05",
            "price": "19.52",
            "revenue": 284308
        },
        "2010-06": {
            "month": "2010-06",
            "price": "19.01",
            "revenue": 321663
        },
        "2010-07": {
            "month": "2010-07",
            "price": "21.26",
            "revenue": 377811
        },
        "2010-08": {
            "month": "2010-08",
            "price": "22.49",
            "revenue": 394880
        },
        "2010-09": {
            "month": "2010-09",
            "price": "25.55",
            "revenue": 403786
        },
        "2010-10": {
            "month": "2010-10",
            "price": "25.63",
            "revenue": 345280
        },
        "2010-11": {
            "month": "2010-11",
            "price": "24.37",
            "revenue": 335367
        },
        "2010-12": {
            "month": "2010-12",
            "price": "26.30",
            "revenue": 289307
        },
        "2011-01": {
            "month": "2011-01",
            "price": "26.44",
            "revenue": 286763
        },
        "2011-02": {
            "month": "2011-02",
            "price": "26.28",
            "revenue": 225332
        },
        "2011-03": {
            "month": "2011-03",
            "price": "25.95",
            "revenue": 369148
        },
        "2011-04": {
            "month": "2011-04",
            "price": "26.96",
            "revenue": 358348
        },
        "2011-05": {
            "month": "2011-05",
            "price": "26.66",
            "revenue": 630761
        },
        "2011-06": {
            "month": "2011-06",
            "price": "28.32",
            "revenue": 547083
        },
        "2011-07": {
            "month": "2011-07",
            "price": "27.44",
            "revenue": 436315
        },
        "2011-08": {
            "month": "2011-08",
            "price": "21.74",
            "revenue": 392605
        },
        "2011-09": {
            "month": "2011-09",
            "price": "20.81",
            "revenue": 290783
        },
        "2011-10": {
            "month": "2011-10",
            "price": "20.08",
            "revenue": 300852
        },
        "2011-11": {
            "month": "2011-11",
            "price": "19.93",
            "revenue": 266744
        },
        "2011-12": {
            "month": "2011-12",
            "price": "17.10",
            "revenue": 287932
        },
        "2012-01": {
            "month": "2012-01",
            "price": "17.56",
            "revenue": 242202
        },
        "2012-02": {
            "month": "2012-02",
            "price": "21.28",
            "revenue": 214596
        },
        "2012-03": {
            "month": "2012-03",
            "price": "22.10",
            "revenue": 294157
        },
        "2012-04": {
            "month": "2012-04",
            "price": "21.79",
            "revenue": 246390
        },
        "2012-05": {
            "month": "2012-05",
            "price": "21.24",
            "revenue": 363005
        },
        "2012-06": {
            "month": "2012-06",
            "price": "21.25",
            "revenue": 372751
        },
        "2012-07": {
            "month": "2012-07",
            "price": "19.47",
            "revenue": 364674
        },
        "2012-08": {
            "month": "2012-08",
            "price": "19.47",
            "revenue": 346390
        },
        "2012-09": {
            "month": "2012-09",
            "price": "19.88",
            "revenue": 263739
        },
        "2012-10": {
            "month": "2012-10",
            "price": "19.37",
            "revenue": 223134
        },
        "2012-11": {
            "month": "2012-11",
            "price": "18.65",
            "revenue": 261101
        },
        "2012-12": {
            "month": "2012-12",
            "price": "18.56",
            "revenue": 443698
        },
        "2013-01": {
            "month": "2013-01",
            "price": "19.40",
            "revenue": 214312
        },
        "2013-02": {
            "month": "2013-02",
            "price": "19.96",
            "revenue": 124025
        },
        "2013-03": {
            "month": "2013-03",
            "price": "20.93",
            "revenue": 267542
        },
        "2013-04": {
            "month": "2013-04",
            "price": "21.15",
            "revenue": 344329
        },
        "2013-05": {
            "month": "2013-05",
            "price": "21.18",
            "revenue": 388496
        },
        "2013-06": {
            "month": "2013-06",
            "price": "21.17",
            "revenue": 363324
        },
        "2013-07": {
            "month": "2013-07",
            "price": "21.15",
            "revenue": 279669
        },
        "2013-08": {
            "month": "2013-08",
            "price": "20.00",
            "revenue": 265063
        },
        "2013-09": {
            "month": "2013-09",
            "price": "20.15",
            "revenue": 347941
        },
        "2013-10": {
            "month": "2013-10",
            "price": "20.67",
            "revenue": 267246
        },
        "2013-11": {
            "month": "2013-11",
            "price": "20.15",
            "revenue": 301255
        },
        "2013-12": {
            "month": "2013-12",
            "price": "20.23",
            "revenue": 276404
        },
        "2014-01": {
            "month": "2014-01",
            "price": "20.62",
            "revenue": 263417
        },
        "2014-02": {
            "month": "2014-02",
            "price": "21.25",
            "revenue": 224153
        },
        "2014-03": {
            "month": "2014-03",
            "price": "24.15",
            "revenue": 368277
        },
        "2014-04": {
            "month": "2014-04",
            "price": "29.85",
            "revenue": 250851
        },
        "2014-05": {
            "month": "2014-05",
            "price": "27.57",
            "revenue": 390533
        },
        "2014-06": {
            "month": "2014-06",
            "price": "27.70",
            "revenue": 396237
        },
        "2014-07": {
            "month": "2014-07",
            "price": "25.57",
            "revenue": 284359
        },
        "2014-08": {
            "month": "2014-08",
            "price": "24.26",
            "revenue": 270365
        },
        "2014-09": {
            "month": "2014-09",
            "price": "24.74",
            "revenue": 295128
        },
        "2014-10": {
            "month": "2014-10",
            "price": "22.51",
            "revenue": 233905
        },
        "2014-11": {
            "month": "2014-11",
            "price": "21.37",
            "revenue": 229541
        },
        "2014-12": {
            "month": "2014-12",
            "price": "21.61",
            "revenue": 530031
        },
        "2015-01": {
            "month": "2015-01",
            "price": "22.96",
            "revenue": 219754
        },
        "2015-02": {
            "month": "2015-02",
            "price": "22.15",
            "revenue": 108966
        },
        "2015-03": {
            "month": "2015-03",
            "price": "21.85",
            "revenue": 307652
        },
        "2015-04": {
            "month": "2015-04",
            "price": "21.73",
            "revenue": 239908
        },
        "2015-05": {
            "month": "2015-05",
            "price": "19.70",
            "revenue": 275908
        },
        "2015-06": {
            "month": "2015-06",
            "price": "18.18",
            "revenue": 465711
        },
        "2015-07": {
            "month": "2015-07",
            "price": "17.48",
            "revenue": 298947
        },
        "2015-08": {
            "month": "2015-08",
            "price": "14.50",
            "revenue": 271987
        },
        "2015-09": {
            "month": "2015-09",
            "price": "13.89",
            "revenue": 284683
        },
        "2015-10": {
            "month": "2015-10",
            "price": "14.57",
            "revenue": 216911
        },
        "2015-11": {
            "month": "2015-11",
            "price": "13.19",
            "revenue": 178343
        },
        "2015-12": {
            "month": "2015-12",
            "price": "12.17",
            "revenue": 520616
        },
        "2016-01": {
            "month": "2016-01",
            "price": "12.06",
            "revenue": 241817
        },
        "2016-02": {
            "month": "2016-02",
            "price": "13.90",
            "revenue": 218183
        },
        "2016-03": {
            "month": "2016-03",
            "price": "15.86",
            "revenue": 443664
        },
        "2016-04": {
            "month": "2016-04",
            "price": "15.17",
            "revenue": 292570
        },
        "2016-05": {
            "month": "2016-05",
            "price": "14.25",
            "revenue": 300220
        },
        "2016-06": {
            "month": "2016-06",
            "price": "14.75",
            "revenue": 350072
        },
        "2016-07": {
            "month": "2016-07",
            "price": "15.19",
            "revenue": 271558
        },
        "2016-08": {
            "month": "2016-08",
            "price": "14.82",
            "revenue": 301461
        },
        "2016-09": {
            "month": "2016-09",
            "price": "15.61",
            "revenue": 365940
        },
        "2016-10": {
            "month": "2016-10",
            "price": "15.82",
            "revenue": 329663
        },
        "2016-11": {
            "month": "2016-11",
            "price": "15.89",
            "revenue": 357707
        },
        "2016-12": {
            "month": "2016-12",
            "price": "17.98",
            "revenue": 425775
        },
        "2017-01": {
            "month": "2017-01",
            "price": "20.38",
            "revenue": 305684
        },
        "2017-02": {
            "month": "2017-02",
            "price": "20.55",
            "revenue": 398976
        },
        "2017-03": {
            "month": "2017-03",
            "price": "21.28",
            "revenue": 396368
        },
        "2017-04": {
            "month": "2017-04",
            "price": "19.91",
            "revenue": 339471
        },
        "2017-05": {
            "month": "2017-05",
            "price": "18.08",
            "revenue": 410876
        },
        "2017-06": {
            "month": "2017-06",
            "price": "19.03",
            "revenue": 510132
        },
        "2017-07": {
            "month": "2017-07",
            "price": "19.62",
            "revenue": 405246
        },
        "2017-08": {
            "month": "2017-08",
            "price": "24.40",
            "revenue": 447209
        },
        "2017-09": {
            "month": "2017-09",
            "price": "27.13",
            "revenue": 456629
        },
        "2017-10": {
            "month": "2017-10",
            "price": "27.07",
            "revenue": 421019
        },
        "2017-11": {
            "month": "2017-11",
            "price": "27.35",
            "revenue": 448457
        },
        "2017-12": {
            "month": "2017-12",
            "price": "26.51",
            "revenue": 462091
        },
        "2018-01": {
            "month": "2018-01",
            "price": "28.41",
            "revenue": 370087
        },
        "2018-02": {
            "month": "2018-02",
            "price": "26.42",
            "revenue": 386671
        },
        "2018-03": {
            "month": "2018-03",
            "price": "26.92",
            "revenue": 548750
        },
        "2018-04": {
            "month": "2018-04",
            "price": "26.97",
            "revenue": 444791
        },
        "2018-05": {
            "month": "2018-05",
            "price": "26.76",
            "revenue": 390841
        },
        "2018-06": {
            "month": "2018-06",
            "price": "27.96",
            "revenue": 591529
        },
        "2018-07": {
            "month": "2018-07",
            "price": "26.52",
            "revenue": 519087
        },
        "2018-08": {
            "month": "2018-08",
            "price": "27.98",
            "revenue": 453625
        },
        "2018-09": {
            "month": "2018-09",
            "price": "26.08",
            "revenue": 501815
        },
        "2018-10": {
            "month": "2018-10",
            "price": "25.17",
            "revenue": 492563
        },
        "2018-11": {
            "month": "2018-11",
            "price": "25.34",
            "revenue": 503699
        },
        "2018-12": {
            "month": "2018-12",
            "price": "25.74",
            "revenue": 495619
        },
        "2019-01": {
            "month": "2019-01",
            "price": "26.84",
            "revenue": 375047
        },
        "2019-02": {
            "month": "2019-02",
            "price": "27.90",
            "revenue": 339661
        },
        "2019-03": {
            "month": "2019-03",
            "price": "28.90",
            "revenue": 404362
        },
        "2019-04": {
            "month": "2019-04",
            "price": "33.20",
            "revenue": 434928
        },
        "2019-05": {
            "month": "2019-05",
            "price": "32.54",
            "revenue": 399442
        },
        "2019-06": {
            "month": "2019-06",
            "price": "31.91",
            "revenue": 450167
        },
        "2019-07": {
            "month": "2019-07",
            "price": "30.42",
            "revenue": 344533
        },
        "2019-08": {
            "month": "2019-08",
            "price": "27.71",
            "revenue": 332380
        },
        "2019-09": {
            "month": "2019-09",
            "price": "27.58",
            "revenue": 292325
        },
        "2019-10": {
            "month": "2019-10",
            "price": "25.87",
            "revenue": 285261
        },
        "2019-11": {
            "month": "2019-11",
            "price": "25.50",
            "revenue": 351923
        },
        "2019-12": {
            "month": "2019-12",
            "price": "26.30",
            "revenue": 434249
        },
        "2020-01": {
            "month": "2020-01",
            "price": "25.59",
            "revenue": 224620
        },
        "2020-02": {
            "month": "2020-02",
            "price": "23.47",
            "revenue": 206381
        },
        "2020-03": {
            "month": "2020-03",
            "price": "25.44",
            "revenue": 336387
        },
        "2020-04": {
            "month": "2020-04",
            "price": "26.65",
            "revenue": 293200
        },
        "2020-05": {
            "month": "2020-05",
            "price": "29.16",
            "revenue": 268926
        },
        "2020-06": {
            "month": "2020-06",
            "price": "29.28",
            "revenue": 339563
        },
        "2020-07": {
            "month": "2020-07",
            "price": "28.77",
            "revenue": 348974
        },
        "2020-08": {
            "month": "2020-08",
            "price": "27.72",
            "revenue": 312561
        },
        "2020-09": {
            "month": "2020-09",
            "price": "27.57",
            "revenue": 419251
        },
        "2020-10": {
            "month": "2020-10",
            "price": "29.94",
            "revenue": 329218
        },
        "2020-11": {
            "month": "2020-11",
            "price": "33.69",
            "revenue": 425652
        },
        "2020-12": {
            "month": "2020-12",
            "price": "35.92",
            "revenue": 581074
        },
        "2021-01": {
            "month": "2021-01",
            "price": "41.14",
            "revenue": 420206
        },
        "2021-02": {
            "month": "2021-02",
            "price": "43.47",
            "revenue": 391166
        },
        "2021-03": {
            "month": "2021-03",
            "price": "47.92",
            "revenue": 572326
        },
        "2021-04": {
            "month": "2021-04",
            "price": "56.39",
            "revenue": 609269
        },
        "2021-05": {
            "month": "2021-05",
            "price": "51.76",
            "revenue": 445171
        },
        "2021-06": {
            "month": "2021-06",
            "price": "54.10",
            "revenue": 476589
        },
        "2021-07": {
            "month": "2021-07",
            "price": "59.43",
            "revenue": 427063
        },
        "2021-08": {
            "month": "2021-08",
            "price": "50.67",
            "revenue": 444021
        },
        "2021-09": {
            "month": "2021-09",
            "price": "47.16",
            "revenue": 457603
        },
        "2021-10": {
            "month": "2021-10",
            "price": "44.45",
            "revenue": 423710
        },
        "2021-11": {
            "month": "2021-11",
            "price": "48.09",
            "revenue": 512851
        },
        "2021-12": {
            "month": "2021-12",
            "price": "50.70",
            "revenue": 543294
        },
        "2022-01": {
            "month": "2022-01",
            "price": "50.31",
            "revenue": 436393
        },
        "2022-02": {
            "month": "2022-02",
            "price": "49.04",
            "revenue": 364783
        },
        "2022-03": {
            "month": "2022-03",
            "price": "49.60",
            "revenue": 438364
        },
        "2022-04": {
            "month": "2022-04",
            "price": "45.75",
            "revenue": 416519
        },
        "2022-05": {
            "month": "2022-05",
            "price": "43.41",
            "revenue": 445504
        },
        "2022-06": {
            "month": "2022-06",
            "price": "44.58",
            "revenue": 458127
        },
        "2022-07": {
            "month": "2022-07",
            "price": "41.37",
            "revenue": 447143
        },
        "2022-08": {
            "month": "2022-08",
            "price": "46.02",
            "revenue": 497632
        },
        "2022-09": {
            "month": "2022-09",
            "price": "46.79",
            "revenue": 589232
        },
        "2022-10": {
            "month": "2022-10",
            "price": "44.02",
            "revenue": 447984
        },
        "2022-11": {
            "month": "2022-11",
            "price": "45.01",
            "revenue": 398755
        },
        "2022-12": {
            "month": "2022-12",
            "price": "43.91",
            "revenue": 426541
        },
        "2023-01": {
            "month": "2023-01",
            "price": "43.77",
            "revenue": 311683
        },
        "2023-02": {
            "month": "2023-02",
            "price": "45.27",
            "revenue": 315132
        },
        "2023-03": {
            "month": "2023-03",
            "price": "48.72",
            "revenue": 340039
        },
        "2023-04": {
            "month": "2023-04",
            "price": "47.98",
            "revenue": 189033
        },
        "2023-05": {
            "month": "2023-05",
            "price": "48.73",
            "revenue": 302563
        },
        "2023-06": {
            "month": "2023-06",
            "price": "49.84",
            "revenue": 237086
        },
        "2023-07": {
            "month": "2023-07",
            "price": "47.69",
            "revenue": 243647
        },
        "2023-08": {
            "month": "2023-08",
            "price": "45.54",
            "revenue": 363330
        },
        "2023-09": {
            "month": "2023-09",
            "price": "45.40",
            "revenue": 297884
        },
        "2023-10": {
            "month": "2023-10",
            "price": "44.47",
            "revenue": 271078
        },
        "2023-11": {
            "month": "2023-11",
            "price": "50.04",
            "revenue": 412285
        },
        "2023-12": {
            "month": "2023-12",
            "price": "62.25",
            "revenue": 342041
        }
    }
}
