{
    "summary": {
        "stock_name": "華經",
        "stock_id": "2468",
        "category": "資訊服務",
        "main_business": "系統整合、軟體服務、電腦諮詢顧問<br>影像處理、知識管理服務、數位學習系統建置諮詢服務及教材製作<br>電腦週邊及耗材銷售、維護支援",
        "website_url": "http://www.fis.com.tw",
        "ceo": "唐宇華",
        "pe_ratio": 26,
        "report_year_from": 2001,
        "report_year_to": 2023,
        "age": 22,
        "eps_negative_percentage": 22,
        "eps_growth_avg": {
            "last_all": 7.1,
            "last_2y": 14.17,
            "last_4y": 13.15,
            "last_8y": 11.06,
            "last_12y": 7.01,
            "last_16y": 11.21,
            "last_20y": 7.1,
            "at_2006_last_3y": 19.53,
            "at_2007_last_3y": 44.63,
            "at_2008_last_3y": 30.96,
            "at_2009_last_3y": 24.85,
            "at_2010_last_3y": 2.79,
            "at_2011_last_3y": -23.08,
            "at_2012_last_3y": -28.49,
            "at_2013_last_3y": -2.1,
            "at_2014_last_3y": 4.05,
            "at_2015_last_3y": 22.42,
            "at_2016_last_3y": 38.07,
            "at_2017_last_3y": 8.46,
            "at_2018_last_3y": 2.67,
            "at_2019_last_3y": -4,
            "at_2020_last_3y": -3.36,
            "at_2021_last_3y": 5.89,
            "at_2022_last_3y": 13.13,
            "at_2023_last_3y": 13.13,
            "at_2006_last_all": 11.7,
            "at_2007_last_all": 20.86,
            "at_2008_last_all": 9.07,
            "at_2009_last_all": 7.24,
            "at_2010_last_all": 7.74,
            "at_2011_last_all": 3.28,
            "at_2012_last_all": -4.59,
            "at_2013_last_all": 4.13,
            "at_2014_last_all": 6.61,
            "at_2015_last_all": 8.75,
            "at_2016_last_all": 6.79,
            "at_2017_last_all": 5.21,
            "at_2018_last_all": 5.68,
            "at_2019_last_all": 5.92,
            "at_2020_last_all": 4.65,
            "at_2021_last_all": 5.34,
            "at_2022_last_all": 7.1,
            "at_2023_last_all": 7.1
        },
        "latest_eps": 0.94,
        "latest_price": 24.8,
        "latest_roe": 5.53,
        "latest_gross_margin": 12.4,
        "latest_equity": 1209702,
        "latest_revenue": 489168,
        "latest_gross_profit": 60666,
        "latest_net_income": 12659,
        "latest_debt_ratio": 44.7,
        "latest_current_ratio": 170.61,
        "latest_account_receivable_turnover_ratio": 1.55,
        "latest_inventory_turnover_ratio": 1.74,
        "latest_reinvestment_rate": -4.9,
        "latest_research_to_sale_ratio": null
    },
    "eps_dividends": {
        "1999": {
            "cash": 0,
            "stock": 2,
            "eps": 0
        },
        "2000": {
            "cash": 0,
            "stock": 3,
            "eps": 0
        },
        "2001": {
            "cash": 0,
            "stock": 2,
            "eps": 1.07
        },
        "2002": {
            "cash": 0,
            "stock": 1,
            "eps": 0.86
        },
        "2003": {
            "cash": 0,
            "stock": 1,
            "eps": 0.57
        },
        "2004": {
            "cash": 0,
            "stock": 1,
            "eps": 0.53
        },
        "2005": {
            "cash": 0,
            "stock": 0,
            "eps": 0.63
        },
        "2006": {
            "cash": 0,
            "stock": 0,
            "eps": 1.41
        },
        "2007": {
            "cash": 1,
            "stock": 1,
            "eps": 2.35
        },
        "2008": {
            "cash": 1,
            "stock": 0,
            "eps": 0.9
        },
        "2009": {
            "cash": 1,
            "stock": 0,
            "eps": 0.85
        },
        "2010": {
            "cash": 1,
            "stock": 0,
            "eps": 0.95
        },
        "2011": {
            "cash": 2,
            "stock": 0,
            "eps": 0.6
        },
        "2012": {
            "cash": 0,
            "stock": 0,
            "eps": 0.1
        },
        "2013": {
            "cash": 0,
            "stock": 0,
            "eps": 0.44
        },
        "2014": {
            "cash": 0,
            "stock": 0,
            "eps": 0.6
        },
        "2015": {
            "cash": 1,
            "stock": 0,
            "eps": 0.82
        },
        "2016": {
            "cash": 1,
            "stock": 0,
            "eps": 0.65
        },
        "2017": {
            "cash": 1,
            "stock": 0,
            "eps": 0.53
        },
        "2018": {
            "cash": 0,
            "stock": 0,
            "eps": 0.6
        },
        "2019": {
            "cash": 1,
            "stock": 0,
            "eps": 0.66
        },
        "2020": {
            "cash": 1,
            "stock": 0,
            "eps": 0.54
        },
        "2021": {
            "cash": 0,
            "stock": 0,
            "eps": 0.64
        },
        "2022": {
            "cash": 0,
            "stock": 0,
            "eps": 0.91
        },
        "2023": {
            "cash": 1,
            "stock": 0,
            "eps": 0.18
        }
    },
    "dividends": {
        "1999-05-06": {
            "cash": 0,
            "stock": 2.18
        },
        "2000-06-16": {
            "cash": 0,
            "stock": 2.5
        },
        "2001-05-10": {
            "cash": 0,
            "stock": 1.5
        },
        "2002-05-27": {
            "cash": 0,
            "stock": 1
        },
        "2003-02-24": {
            "cash": 0,
            "stock": 0.7
        },
        "2004-03-02": {
            "cash": 0,
            "stock": 0.5
        },
        "2005-03-28": {
            "cash": 0.2,
            "stock": 0.3
        },
        "2006-03-21": {
            "cash": 0.25,
            "stock": 0.25
        },
        "2007-03-27": {
            "cash": 0.5,
            "stock": 0.5
        },
        "2008-03-25": {
            "cash": 1,
            "stock": 0
        },
        "2009-03-20": {
            "cash": 0.7,
            "stock": 0
        },
        "2010-03-22": {
            "cash": 0.7,
            "stock": 0
        },
        "2011-01-01": {
            "cash": 0.5,
            "stock": 0
        },
        "2011-03-24": {
            "cash": 0.7,
            "stock": 0
        },
        "2013-03-25": {
            "cash": 0.1,
            "stock": 0
        },
        "2014-08-25": {
            "cash": 0.3,
            "stock": 0
        },
        "2015-08-20": {
            "cash": 0.5,
            "stock": 0
        },
        "2016-09-10": {
            "cash": 0.5,
            "stock": 0
        },
        "2017-08-23": {
            "cash": 0.5,
            "stock": 0
        },
        "2018-08-23": {
            "cash": 0.4,
            "stock": 0
        },
        "2019-09-25": {
            "cash": 0.5,
            "stock": 0
        },
        "2020-09-18": {
            "cash": 0.5,
            "stock": 0
        },
        "2021-09-15": {
            "cash": 0.4,
            "stock": 0
        },
        "2022-09-26": {
            "cash": 0.4,
            "stock": 0
        },
        "2023-03-24": {
            "cash": 0.6,
            "stock": 0
        }
    },
    "prices": {
        "200101": "無",
        "200102": "無",
        "200103": "無",
        "200104": "無",
        "200105": "無",
        "200106": "無",
        "200107": "無",
        "200108": "無",
        "200109": "8.68",
        "200110": "8.81",
        "200111": "13.25",
        "200112": "17.85",
        "200201": "21.63",
        "200202": "20.60",
        "200203": "20.79",
        "200204": "21.02",
        "200205": "16.29",
        "200206": "15.72",
        "200207": "14.36",
        "200208": "14.48",
        "200209": "13.66",
        "200210": "12.93",
        "200211": "13.30",
        "200212": "12.88",
        "200301": "12.80",
        "200302": "12.63",
        "200303": "12.60",
        "200304": "12.37",
        "200305": "10.82",
        "200306": "12.06",
        "200307": "13.00",
        "200308": "11.98",
        "200309": "10.78",
        "200310": "10.75",
        "200311": "10.98",
        "200312": "11.11",
        "200401": "12.01",
        "200402": "12.92",
        "200403": "12.29",
        "200404": "11.93",
        "200405": "11.50",
        "200406": "10.94",
        "200407": "10.12",
        "200408": "9.41",
        "200409": "8.61",
        "200410": "7.52",
        "200411": "7.06",
        "200412": "7.25",
        "200501": "7.25",
        "200502": "7.96",
        "200503": "8.11",
        "200504": "7.69",
        "200505": "7.77",
        "200506": "8.32",
        "200507": "10.80",
        "200508": "8.65",
        "200509": "8.08",
        "200510": "7.60",
        "200511": "7.76",
        "200512": "8.65",
        "200601": "8.85",
        "200602": "8.28",
        "200603": "8.01",
        "200604": "8.44",
        "200605": "9.59",
        "200606": "9.24",
        "200607": "8.91",
        "200608": "8.76",
        "200609": "8.70",
        "200610": "9.99",
        "200611": "11.02",
        "200612": "12.54",
        "200701": "13.13",
        "200702": "13.19",
        "200703": "13.94",
        "200704": "15.22",
        "200705": "14.28",
        "200706": "15.44",
        "200707": "17.24",
        "200708": "16.91",
        "200709": "14.67",
        "200710": "14.05",
        "200711": "15.84",
        "200712": "15.18",
        "200801": "14.52",
        "200802": "13.91",
        "200803": "14.13",
        "200804": "14.70",
        "200805": "14.45",
        "200806": "12.86",
        "200807": "10.52",
        "200808": "10.05",
        "200809": "9.01",
        "200810": "7.94",
        "200811": "6.70",
        "200812": "6.29",
        "200901": "6.50",
        "200902": "7.37",
        "200903": "8.95",
        "200904": "10.36",
        "200905": "10.86",
        "200906": "10.70",
        "200907": "11.41",
        "200908": "11.06",
        "200909": "11.25",
        "200910": "12.34",
        "200911": "12.85",
        "200912": "15.01",
        "201001": "15.00",
        "201002": "12.91",
        "201003": "14.73",
        "201004": "17.99",
        "201005": "17.97",
        "201006": "17.10",
        "201007": "21.07",
        "201008": "18.97",
        "201009": "17.60",
        "201010": "16.42",
        "201011": "14.95",
        "201012": "15.53",
        "201101": "14.63",
        "201102": "14.38",
        "201103": "14.42",
        "201104": "14.49",
        "201105": "13.65",
        "201106": "13.93",
        "201107": "13.37",
        "201108": "12.73",
        "201109": "14.16",
        "201110": "12.09",
        "201111": "10.99",
        "201112": "10.03",
        "201201": "10.00",
        "201202": "11.85",
        "201203": "12.16",
        "201204": "11.82",
        "201205": "10.96",
        "201206": "10.38",
        "201207": "10.21",
        "201208": "10.08",
        "201209": "10.64",
        "201210": "10.24",
        "201211": "9.15",
        "201212": "9.71",
        "201301": "9.99",
        "201302": "10.07",
        "201303": "10.02",
        "201304": "9.98",
        "201305": "10.10",
        "201306": "10.09",
        "201307": "9.81",
        "201308": "10.31",
        "201309": "10.64",
        "201310": "10.78",
        "201311": "10.37",
        "201312": "10.81",
        "201401": "11.75",
        "201402": "11.55",
        "201403": "13.91",
        "201404": "15.45",
        "201405": "14.17",
        "201406": "15.34",
        "201407": "15.98",
        "201408": "14.29",
        "201409": "13.30",
        "201410": "12.93",
        "201411": "12.70",
        "201412": "12.63",
        "201501": "13.22",
        "201502": "13.07",
        "201503": "12.89",
        "201504": "12.71",
        "201505": "11.97",
        "201506": "11.19",
        "201507": "10.89",
        "201508": "10.54",
        "201509": "10.10",
        "201510": "10.46",
        "201511": "10.54",
        "201512": "10.22",
        "201601": "10.23",
        "201602": "10.17",
        "201603": "10.54",
        "201604": "10.73",
        "201605": "10.35",
        "201606": "10.51",
        "201607": "10.77",
        "201608": "10.98",
        "201609": "11.16",
        "201610": "11.03",
        "201611": "10.50",
        "201612": "10.56",
        "201701": "10.60",
        "201702": "11.19",
        "201703": "11.31",
        "201704": "11.45",
        "201705": "11.34",
        "201706": "11.15",
        "201707": "11.05",
        "201708": "10.84",
        "201709": "11.26",
        "201710": "11.28",
        "201711": "11.35",
        "201712": "11.14",
        "201801": "12.36",
        "201802": "12.03",
        "201803": "12.69",
        "201804": "12.81",
        "201805": "12.39",
        "201806": "12.26",
        "201807": "11.68",
        "201808": "11.20",
        "201809": "11.16",
        "201810": "12.04",
        "201811": "11.92",
        "201812": "11.15",
        "201901": "10.80",
        "201902": "11.32",
        "201903": "12.06",
        "201904": "12.18",
        "201905": "11.93",
        "201906": "11.88",
        "201907": "12.37",
        "201908": "12.66",
        "201909": "12.54",
        "201910": "12.57",
        "201911": "12.60",
        "201912": "12.60",
        "202001": "13.23",
        "202002": "12.76",
        "202003": "12.84",
        "202004": "12.51",
        "202005": "12.57",
        "202006": "14.33",
        "202007": "14.96",
        "202008": "14.18",
        "202009": "13.58",
        "202010": "13.14",
        "202011": "13.16",
        "202012": "13.68",
        "202101": "13.20",
        "202102": "12.91",
        "202103": "13.34",
        "202104": "14.26",
        "202105": "14.31",
        "202106": "13.61",
        "202107": "13.46",
        "202108": "13.07",
        "202109": "13.00",
        "202110": "13.04",
        "202111": "13.44",
        "202112": "13.61",
        "202201": "13.69",
        "202202": "13.51",
        "202203": "13.33",
        "202204": "13.39",
        "202205": "13.05",
        "202206": "13.03",
        "202207": "12.64",
        "202208": "17.53",
        "202209": "18.21",
        "202210": "19.26",
        "202211": "28.19",
        "202212": "28.19",
        "202301": "26.98",
        "202302": "29.11",
        "202303": "26.33",
        "202304": "25.36",
        "202305": "25.69"
    },
    "quarters": {
        "20011": {
            "year_quarter": 20011,
            "year": 2001,
            "quarter": 1,
            "eps": 0.12,
            "eps_growth_year": -80.33,
            "eps_4q": 1.87,
            "eps_4q_growth_year": -31.18,
            "roe": 0.72,
            "gross_profit": 54943,
            "gross_margin": 12.16,
            "net_income": 5923,
            "revenue": 451870,
            "common_shares": 507500,
            "equity": 771704,
            "current_ratio": 183.47,
            "debt_ratio": 37.96,
            "inventory_turnover_ratio": 1.65,
            "account_receivable_turnover_ratio": null,
            "reinvestment_rate": null,
            "research_to_sale_ratio": null,
            "price_fair": 0,
            "eps_avg_yearly": 0,
            "eps_latest_yearly": 0,
            "eps_growth_yearly": 0
        },
        "20012": {
            "year_quarter": 20012,
            "year": 2001,
            "quarter": 2,
            "eps": 0.16,
            "eps_growth_year": -85.45,
            "eps_4q": 1.14,
            "eps_4q_growth_year": -60.98,
            "roe": 1.02,
            "gross_profit": 59140,
            "gross_margin": 11.56,
            "net_income": 7869,
            "revenue": 511585,
            "common_shares": 507500,
            "equity": 778717,
            "current_ratio": 306.66,
            "debt_ratio": 47.44,
            "inventory_turnover_ratio": 3.04,
            "account_receivable_turnover_ratio": null,
            "reinvestment_rate": null,
            "research_to_sale_ratio": null,
            "price_fair": 0,
            "eps_avg_yearly": 0,
            "eps_latest_yearly": 0,
            "eps_growth_yearly": 0
        },
        "20013": {
            "year_quarter": 20013,
            "year": 2001,
            "quarter": 3,
            "eps": 0.21,
            "eps_growth_year": -46.15,
            "eps_4q": 0.83,
            "eps_4q_growth_year": -65.31,
            "roe": 1.55,
            "gross_profit": 53529,
            "gross_margin": 9.93,
            "net_income": 12186,
            "revenue": 539301,
            "common_shares": 587500,
            "equity": 790451,
            "current_ratio": 240.38,
            "debt_ratio": 49.31,
            "inventory_turnover_ratio": 3.06,
            "account_receivable_turnover_ratio": null,
            "reinvestment_rate": null,
            "research_to_sale_ratio": null,
            "price_fair": 0,
            "eps_avg_yearly": 0,
            "eps_latest_yearly": 0,
            "eps_growth_yearly": 0
        },
        "20014": {
            "year_quarter": 20014,
            "year": 2001,
            "quarter": 4,
            "eps": 0.58,
            "eps_growth_year": 31.82,
            "eps_4q": 1.02,
            "eps_4q_growth_year": -52.85,
            "roe": 3.97,
            "gross_profit": 97476,
            "gross_margin": 15.22,
            "net_income": 33934,
            "revenue": 640261,
            "common_shares": 580880,
            "equity": 919371,
            "current_ratio": 210.68,
            "debt_ratio": 56.53,
            "inventory_turnover_ratio": 2.08,
            "account_receivable_turnover_ratio": null,
            "reinvestment_rate": null,
            "research_to_sale_ratio": null,
            "price_fair": 0,
            "eps_avg_yearly": 0,
            "eps_latest_yearly": 0,
            "eps_growth_yearly": 0
        },
        "20021": {
            "year_quarter": 20021,
            "year": 2002,
            "quarter": 1,
            "eps": 0.12,
            "eps_growth_year": 0,
            "eps_4q": 1.03,
            "eps_4q_growth_year": -44.77,
            "roe": 0.81,
            "gross_profit": 48094,
            "gross_margin": 14.21,
            "net_income": 7094,
            "revenue": 338553,
            "common_shares": 580880,
            "equity": 826799,
            "current_ratio": 284.35,
            "debt_ratio": 44.72,
            "inventory_turnover_ratio": 1.15,
            "account_receivable_turnover_ratio": null,
            "reinvestment_rate": null,
            "research_to_sale_ratio": null,
            "price_fair": 1.44,
            "eps_avg_yearly": 0.48,
            "eps_latest_yearly": 0.48,
            "eps_growth_yearly": -317.24
        },
        "20022": {
            "year_quarter": 20022,
            "year": 2002,
            "quarter": 2,
            "eps": 0.34,
            "eps_growth_year": 112.5,
            "eps_4q": 1.17,
            "eps_4q_growth_year": 3.09,
            "roe": 2.6,
            "gross_profit": 71316,
            "gross_margin": 12.56,
            "net_income": 21759,
            "revenue": 567805,
            "common_shares": 580880,
            "equity": 847780,
            "current_ratio": 275.45,
            "debt_ratio": 45.39,
            "inventory_turnover_ratio": 3.37,
            "account_receivable_turnover_ratio": null,
            "reinvestment_rate": null,
            "research_to_sale_ratio": null,
            "price_fair": 32.2,
            "eps_avg_yearly": 0.92,
            "eps_latest_yearly": 1.36,
            "eps_growth_yearly": 208.05
        },
        "20023": {
            "year_quarter": 20023,
            "year": 2002,
            "quarter": 3,
            "eps": 0.07,
            "eps_growth_year": -66.67,
            "eps_4q": 1.04,
            "eps_4q_growth_year": 25.11,
            "roe": 0.53,
            "gross_profit": 47410,
            "gross_margin": 9.08,
            "net_income": 4511,
            "revenue": 522203,
            "common_shares": 644019,
            "equity": 855390,
            "current_ratio": 266.22,
            "debt_ratio": 45.58,
            "inventory_turnover_ratio": 3.27,
            "account_receivable_turnover_ratio": null,
            "reinvestment_rate": null,
            "research_to_sale_ratio": null,
            "price_fair": 24.73,
            "eps_avg_yearly": 0.71,
            "eps_latest_yearly": 0.28,
            "eps_growth_yearly": 32.81
        },
        "20024": {
            "year_quarter": 20024,
            "year": 2002,
            "quarter": 4,
            "eps": 0.33,
            "eps_growth_year": -43.1,
            "eps_4q": 0.85,
            "eps_4q_growth_year": -17.41,
            "roe": 2.33,
            "gross_profit": 92345,
            "gross_margin": 12.76,
            "net_income": 21348,
            "revenue": 723523,
            "common_shares": 644019,
            "equity": 976743,
            "current_ratio": 232.47,
            "debt_ratio": 52.22,
            "inventory_turnover_ratio": 2.74,
            "account_receivable_turnover_ratio": null,
            "reinvestment_rate": 2.62,
            "research_to_sale_ratio": null,
            "price_fair": 30.1,
            "eps_avg_yearly": 0.86,
            "eps_latest_yearly": 1.32,
            "eps_growth_yearly": 396.04
        },
        "20031": {
            "year_quarter": 20031,
            "year": 2003,
            "quarter": 1,
            "eps": -0.07,
            "eps_growth_year": -158.33,
            "eps_4q": 0.65,
            "eps_4q_growth_year": -37.38,
            "roe": -0.5,
            "gross_profit": 46073,
            "gross_margin": 9.88,
            "net_income": -4649,
            "revenue": 466434,
            "common_shares": 644019,
            "equity": 871311,
            "current_ratio": 290.72,
            "debt_ratio": 43.22,
            "inventory_turnover_ratio": 1.75,
            "account_receivable_turnover_ratio": null,
            "reinvestment_rate": 3.32,
            "research_to_sale_ratio": null,
            "price_fair": 30.1,
            "eps_avg_yearly": 0.86,
            "eps_latest_yearly": 1.32,
            "eps_growth_yearly": 396.04
        },
        "20032": {
            "year_quarter": 20032,
            "year": 2003,
            "quarter": 2,
            "eps": 0.13,
            "eps_growth_year": -61.76,
            "eps_4q": 0.45,
            "eps_4q_growth_year": -61.86,
            "roe": 0.99,
            "gross_profit": 55906,
            "gross_margin": 10.47,
            "net_income": 8704,
            "revenue": 534083,
            "common_shares": 644019,
            "equity": 879825,
            "current_ratio": 165.69,
            "debt_ratio": 43.3,
            "inventory_turnover_ratio": 2.8,
            "account_receivable_turnover_ratio": null,
            "reinvestment_rate": 5.69,
            "research_to_sale_ratio": null,
            "price_fair": 30.1,
            "eps_avg_yearly": 0.86,
            "eps_latest_yearly": 1.32,
            "eps_growth_yearly": 396.04
        },
        "20033": {
            "year_quarter": 20033,
            "year": 2003,
            "quarter": 3,
            "eps": 0.22,
            "eps_growth_year": 214.29,
            "eps_4q": 0.59,
            "eps_4q_growth_year": -43.24,
            "roe": 1.69,
            "gross_profit": 59954,
            "gross_margin": 11.47,
            "net_income": 14993,
            "revenue": 522669,
            "common_shares": 693021,
            "equity": 895045,
            "current_ratio": 161.89,
            "debt_ratio": 43.19,
            "inventory_turnover_ratio": 2.75,
            "account_receivable_turnover_ratio": null,
            "reinvestment_rate": 7.5,
            "research_to_sale_ratio": null,
            "price_fair": 30.24,
            "eps_avg_yearly": 0.86,
            "eps_latest_yearly": 0.88,
            "eps_growth_yearly": 372.22
        },
        "20034": {
            "year_quarter": 20034,
            "year": 2003,
            "quarter": 4,
            "eps": 0.29,
            "eps_growth_year": -12.12,
            "eps_4q": 0.56,
            "eps_4q_growth_year": -33.47,
            "roe": 2.13,
            "gross_profit": 91575,
            "gross_margin": 12.84,
            "net_income": 20261,
            "revenue": 712935,
            "common_shares": 693021,
            "equity": 1005074,
            "current_ratio": 153.33,
            "debt_ratio": 57.2,
            "inventory_turnover_ratio": 2.01,
            "account_receivable_turnover_ratio": null,
            "reinvestment_rate": 4.16,
            "research_to_sale_ratio": null,
            "price_fair": 31.97,
            "eps_avg_yearly": 0.91,
            "eps_latest_yearly": 1.16,
            "eps_growth_yearly": 331.39
        },
        "20041": {
            "year_quarter": 20041,
            "year": 2004,
            "quarter": 1,
            "eps": -0.04,
            "eps_growth_year": null,
            "eps_4q": 0.55,
            "eps_4q_growth_year": -15.29,
            "roe": -0.31,
            "gross_profit": 48175,
            "gross_margin": 12.33,
            "net_income": -2990,
            "revenue": 390590,
            "common_shares": 693021,
            "equity": 911359,
            "current_ratio": 178.21,
            "debt_ratio": 38.31,
            "inventory_turnover_ratio": 1.07,
            "account_receivable_turnover_ratio": null,
            "reinvestment_rate": 4.33,
            "research_to_sale_ratio": null,
            "price_fair": 31.97,
            "eps_avg_yearly": 0.91,
            "eps_latest_yearly": 1.16,
            "eps_growth_yearly": 331.39
        },
        "20042": {
            "year_quarter": 20042,
            "year": 2004,
            "quarter": 2,
            "eps": 0.06,
            "eps_growth_year": -53.85,
            "eps_4q": 0.55,
            "eps_4q_growth_year": 22.18,
            "roe": 0.44,
            "gross_profit": 61184,
            "gross_margin": 11.06,
            "net_income": 3984,
            "revenue": 553098,
            "common_shares": 687231,
            "equity": 909696,
            "current_ratio": 164.73,
            "debt_ratio": 42.71,
            "inventory_turnover_ratio": 2.96,
            "account_receivable_turnover_ratio": null,
            "reinvestment_rate": 1.68,
            "research_to_sale_ratio": null,
            "price_fair": 31.97,
            "eps_avg_yearly": 0.91,
            "eps_latest_yearly": 1.16,
            "eps_growth_yearly": 331.39
        },
        "20043": {
            "year_quarter": 20043,
            "year": 2004,
            "quarter": 3,
            "eps": 0,
            "eps_growth_year": -100,
            "eps_4q": 0.29,
            "eps_4q_growth_year": -50.25,
            "roe": 0.01,
            "gross_profit": 46846,
            "gross_margin": 9.27,
            "net_income": 122,
            "revenue": 505226,
            "common_shares": 724895,
            "equity": 899966,
            "current_ratio": 171.77,
            "debt_ratio": 40.85,
            "inventory_turnover_ratio": 3.62,
            "account_receivable_turnover_ratio": null,
            "reinvestment_rate": 2.23,
            "research_to_sale_ratio": null,
            "price_fair": 31.97,
            "eps_avg_yearly": 0.91,
            "eps_latest_yearly": 1.16,
            "eps_growth_yearly": 331.39
        },
        "20044": {
            "year_quarter": 20044,
            "year": 2004,
            "quarter": 4,
            "eps": 0.51,
            "eps_growth_year": 75.86,
            "eps_4q": 0.53,
            "eps_4q_growth_year": -6.59,
            "roe": 3.84,
            "gross_profit": 105473,
            "gross_margin": 16.08,
            "net_income": 36537,
            "revenue": 655980,
            "common_shares": 724895,
            "equity": 1000554,
            "current_ratio": 183.76,
            "debt_ratio": 46.7,
            "inventory_turnover_ratio": 3.06,
            "account_receivable_turnover_ratio": null,
            "reinvestment_rate": -2.17,
            "research_to_sale_ratio": null,
            "price_fair": 31.97,
            "eps_avg_yearly": 0.91,
            "eps_latest_yearly": 1.16,
            "eps_growth_yearly": 331.39
        },
        "20051": {
            "year_quarter": 20051,
            "year": 2005,
            "quarter": 1,
            "eps": 0.01,
            "eps_growth_year": null,
            "eps_4q": 0.55,
            "eps_4q_growth_year": 1.23,
            "roe": 0.08,
            "gross_profit": 45993,
            "gross_margin": 10.8,
            "net_income": 746,
            "revenue": 425833,
            "common_shares": 694895,
            "equity": 913814,
            "current_ratio": 205.36,
            "debt_ratio": 33.81,
            "inventory_turnover_ratio": 1.91,
            "account_receivable_turnover_ratio": null,
            "reinvestment_rate": 3.06,
            "research_to_sale_ratio": null,
            "price_fair": 27.6,
            "eps_avg_yearly": 0.79,
            "eps_latest_yearly": 0.04,
            "eps_growth_yearly": 228.03
        },
        "20052": {
            "year_quarter": 20052,
            "year": 2005,
            "quarter": 2,
            "eps": 0.1,
            "eps_growth_year": 66.67,
            "eps_4q": 0.64,
            "eps_4q_growth_year": 17.19,
            "roe": 0.77,
            "gross_profit": 59006,
            "gross_margin": 12.17,
            "net_income": 6930,
            "revenue": 484829,
            "common_shares": 694895,
            "equity": 897160,
            "current_ratio": 175.89,
            "debt_ratio": 38.47,
            "inventory_turnover_ratio": 2.88,
            "account_receivable_turnover_ratio": null,
            "reinvestment_rate": -0.7,
            "research_to_sale_ratio": null,
            "price_fair": 25.9,
            "eps_avg_yearly": 0.74,
            "eps_latest_yearly": 0.4,
            "eps_growth_yearly": 649.52
        },
        "20053": {
            "year_quarter": 20053,
            "year": 2005,
            "quarter": 3,
            "eps": 0.24,
            "eps_growth_year": null,
            "eps_4q": 0.9,
            "eps_4q_growth_year": 204.06,
            "roe": 1.79,
            "gross_profit": 65166,
            "gross_margin": 14.32,
            "net_income": 16159,
            "revenue": 455093,
            "common_shares": 698696,
            "equity": 907206,
            "current_ratio": 180.34,
            "debt_ratio": 37.1,
            "inventory_turnover_ratio": 2.81,
            "account_receivable_turnover_ratio": null,
            "reinvestment_rate": 0.75,
            "research_to_sale_ratio": null,
            "price_fair": 26.76,
            "eps_avg_yearly": 0.76,
            "eps_latest_yearly": 0.96,
            "eps_growth_yearly": 639.58
        },
        "20054": {
            "year_quarter": 20054,
            "year": 2005,
            "quarter": 4,
            "eps": 0.28,
            "eps_growth_year": -45.1,
            "eps_4q": 0.63,
            "eps_4q_growth_year": 19.23,
            "roe": 1.98,
            "gross_profit": 68477,
            "gross_margin": 13.27,
            "net_income": 19253,
            "revenue": 515924,
            "common_shares": 698696,
            "equity": 1041469,
            "current_ratio": 216.65,
            "debt_ratio": 38.97,
            "inventory_turnover_ratio": 2.64,
            "account_receivable_turnover_ratio": null,
            "reinvestment_rate": 6.08,
            "research_to_sale_ratio": null,
            "price_fair": 28,
            "eps_avg_yearly": 0.8,
            "eps_latest_yearly": 1.12,
            "eps_growth_yearly": 582.29
        },
        "20061": {
            "year_quarter": 20061,
            "year": 2006,
            "quarter": 1,
            "eps": 0.22,
            "eps_growth_year": 2100,
            "eps_4q": 0.85,
            "eps_4q_growth_year": 52.48,
            "roe": 1.5,
            "gross_profit": 69402,
            "gross_margin": 15.42,
            "net_income": 14881,
            "revenue": 449931,
            "common_shares": 684346,
            "equity": 937324,
            "current_ratio": 203.4,
            "debt_ratio": 32.46,
            "inventory_turnover_ratio": 2.15,
            "account_receivable_turnover_ratio": null,
            "reinvestment_rate": -4.47,
            "research_to_sale_ratio": null,
            "price_fair": 29.4,
            "eps_avg_yearly": 0.84,
            "eps_latest_yearly": 0.88,
            "eps_growth_yearly": 605.44
        },
        "20062": {
            "year_quarter": 20062,
            "year": 2006,
            "quarter": 2,
            "eps": 0.4,
            "eps_growth_year": 300,
            "eps_4q": 1.13,
            "eps_4q_growth_year": 77.22,
            "roe": 2.91,
            "gross_profit": 76377,
            "gross_margin": 16.16,
            "net_income": 27417,
            "revenue": 472561,
            "common_shares": 684346,
            "equity": 945299,
            "current_ratio": 177,
            "debt_ratio": 37.92,
            "inventory_turnover_ratio": 3.04,
            "account_receivable_turnover_ratio": null,
            "reinvestment_rate": 36.03,
            "research_to_sale_ratio": null,
            "price_fair": 30.24,
            "eps_avg_yearly": 0.86,
            "eps_latest_yearly": 1.6,
            "eps_growth_yearly": 564.83
        },
        "20063": {
            "year_quarter": 20063,
            "year": 2006,
            "quarter": 3,
            "eps": 0.44,
            "eps_growth_year": 83.33,
            "eps_4q": 1.33,
            "eps_4q_growth_year": 47.95,
            "roe": 3.19,
            "gross_profit": 67122,
            "gross_margin": 13,
            "net_income": 30546,
            "revenue": 516225,
            "common_shares": 702942,
            "equity": 968557,
            "current_ratio": 144.27,
            "debt_ratio": 39.2,
            "inventory_turnover_ratio": 3.5,
            "account_receivable_turnover_ratio": null,
            "reinvestment_rate": 143.99,
            "research_to_sale_ratio": null,
            "price_fair": 35.42,
            "eps_avg_yearly": 1.01,
            "eps_latest_yearly": 1.76,
            "eps_growth_yearly": 600.6
        },
        "20064": {
            "year_quarter": 20064,
            "year": 2006,
            "quarter": 4,
            "eps": 0.35,
            "eps_growth_year": 25,
            "eps_4q": 1.41,
            "eps_4q_growth_year": 124.91,
            "roe": 2.36,
            "gross_profit": 52162,
            "gross_margin": 11.96,
            "net_income": 24067,
            "revenue": 436198,
            "common_shares": 692942,
            "equity": 1072506,
            "current_ratio": 195.59,
            "debt_ratio": 34.97,
            "inventory_turnover_ratio": 2.54,
            "account_receivable_turnover_ratio": null,
            "reinvestment_rate": 151.16,
            "research_to_sale_ratio": null,
            "price_fair": 35.7,
            "eps_avg_yearly": 1.02,
            "eps_latest_yearly": 1.4,
            "eps_growth_yearly": 443.84
        },
        "20071": {
            "year_quarter": 20071,
            "year": 2007,
            "quarter": 1,
            "eps": 0.21,
            "eps_growth_year": -4.55,
            "eps_4q": 1.38,
            "eps_4q_growth_year": 63.38,
            "roe": 1.41,
            "gross_profit": 54133,
            "gross_margin": 14.71,
            "net_income": 14696,
            "revenue": 368053,
            "common_shares": 692942,
            "equity": 1007788,
            "current_ratio": 184.25,
            "debt_ratio": 26.84,
            "inventory_turnover_ratio": 1.84,
            "account_receivable_turnover_ratio": null,
            "reinvestment_rate": 132.77,
            "research_to_sale_ratio": null,
            "price_fair": 35.13,
            "eps_avg_yearly": 1,
            "eps_latest_yearly": 0.84,
            "eps_growth_yearly": 388.95
        },
        "20072": {
            "year_quarter": 20072,
            "year": 2007,
            "quarter": 2,
            "eps": 0.3,
            "eps_growth_year": -25,
            "eps_4q": 1.29,
            "eps_4q_growth_year": 13.64,
            "roe": 2.1,
            "gross_profit": 65690,
            "gross_margin": 14.85,
            "net_income": 21037,
            "revenue": 442486,
            "common_shares": 692942,
            "equity": 992131,
            "current_ratio": 163.35,
            "debt_ratio": 31.97,
            "inventory_turnover_ratio": 2.14,
            "account_receivable_turnover_ratio": null,
            "reinvestment_rate": 123.06,
            "research_to_sale_ratio": null,
            "price_fair": 35.7,
            "eps_avg_yearly": 1.02,
            "eps_latest_yearly": 1.2,
            "eps_growth_yearly": 370.82
        },
        "20073": {
            "year_quarter": 20073,
            "year": 2007,
            "quarter": 3,
            "eps": 1.65,
            "eps_growth_year": 275,
            "eps_4q": 2.47,
            "eps_4q_growth_year": 85.94,
            "roe": 11.47,
            "gross_profit": 63384,
            "gross_margin": 13.59,
            "net_income": 120815,
            "revenue": 466544,
            "common_shares": 732302,
            "equity": 1114133,
            "current_ratio": 265.65,
            "debt_ratio": 29.4,
            "inventory_turnover_ratio": 2.4,
            "account_receivable_turnover_ratio": null,
            "reinvestment_rate": 17.08,
            "research_to_sale_ratio": null,
            "price_fair": 52.38,
            "eps_avg_yearly": 1.5,
            "eps_latest_yearly": 6.6,
            "eps_growth_yearly": 497.75
        },
        "20074": {
            "year_quarter": 20074,
            "year": 2007,
            "quarter": 4,
            "eps": 0.19,
            "eps_growth_year": -45.71,
            "eps_4q": 2.38,
            "eps_4q_growth_year": 68.97,
            "roe": 1.19,
            "gross_profit": 61349,
            "gross_margin": 10.85,
            "net_income": 13573,
            "revenue": 565198,
            "common_shares": 732302,
            "equity": 1175858,
            "current_ratio": 293.38,
            "debt_ratio": 29.03,
            "inventory_turnover_ratio": 3.22,
            "account_receivable_turnover_ratio": null,
            "reinvestment_rate": 22.29,
            "research_to_sale_ratio": null,
            "price_fair": 51.22,
            "eps_avg_yearly": 1.46,
            "eps_latest_yearly": 0.76,
            "eps_growth_yearly": 457.64
        },
        "20081": {
            "year_quarter": 20081,
            "year": 2008,
            "quarter": 1,
            "eps": 0,
            "eps_growth_year": -100,
            "eps_4q": 2.12,
            "eps_4q_growth_year": 53.38,
            "roe": -0.16,
            "gross_profit": 75831,
            "gross_margin": 16.69,
            "net_income": -1845,
            "revenue": 454349,
            "common_shares": 732302,
            "equity": 1168914,
            "current_ratio": 358.27,
            "debt_ratio": 23.59,
            "inventory_turnover_ratio": 2.1,
            "account_receivable_turnover_ratio": null,
            "reinvestment_rate": 22.47,
            "research_to_sale_ratio": null,
            "price_fair": 51.22,
            "eps_avg_yearly": 1.46,
            "eps_latest_yearly": 0.76,
            "eps_growth_yearly": 457.64
        },
        "20082": {
            "year_quarter": 20082,
            "year": 2008,
            "quarter": 2,
            "eps": 0.23,
            "eps_growth_year": -23.33,
            "eps_4q": 2.16,
            "eps_4q_growth_year": 67.39,
            "roe": 1.42,
            "gross_profit": 83020,
            "gross_margin": 16.25,
            "net_income": 16119,
            "revenue": 510739,
            "common_shares": 732302,
            "equity": 1106305,
            "current_ratio": 298.87,
            "debt_ratio": 28.26,
            "inventory_turnover_ratio": 1.97,
            "account_receivable_turnover_ratio": null,
            "reinvestment_rate": 22.48,
            "research_to_sale_ratio": null,
            "price_fair": 51.22,
            "eps_avg_yearly": 1.46,
            "eps_latest_yearly": 0.76,
            "eps_growth_yearly": 457.64
        },
        "20083": {
            "year_quarter": 20083,
            "year": 2008,
            "quarter": 3,
            "eps": 0.24,
            "eps_growth_year": -85.45,
            "eps_4q": 0.61,
            "eps_4q_growth_year": -75.17,
            "roe": 1.7,
            "gross_profit": 67724,
            "gross_margin": 14.23,
            "net_income": 18823,
            "revenue": 475860,
            "common_shares": 732302,
            "equity": 1111142,
            "current_ratio": 343.23,
            "debt_ratio": 24.09,
            "inventory_turnover_ratio": 1.74,
            "account_receivable_turnover_ratio": null,
            "reinvestment_rate": 25.12,
            "research_to_sale_ratio": null,
            "price_fair": 49.86,
            "eps_avg_yearly": 1.42,
            "eps_latest_yearly": 0.96,
            "eps_growth_yearly": 423.78
        },
        "20084": {
            "year_quarter": 20084,
            "year": 2008,
            "quarter": 4,
            "eps": 0.43,
            "eps_growth_year": 126.32,
            "eps_4q": 0.98,
            "eps_4q_growth_year": -58.85,
            "roe": 2.57,
            "gross_profit": 101196,
            "gross_margin": 19.17,
            "net_income": 28668,
            "revenue": 527817,
            "common_shares": 712302,
            "equity": 1123381,
            "current_ratio": 330.15,
            "debt_ratio": 24.73,
            "inventory_turnover_ratio": 1.9,
            "account_receivable_turnover_ratio": 2.59,
            "reinvestment_rate": 32.49,
            "research_to_sale_ratio": null,
            "price_fair": 50.6,
            "eps_avg_yearly": 1.45,
            "eps_latest_yearly": 1.72,
            "eps_growth_yearly": 416.13
        },
        "20091": {
            "year_quarter": 20091,
            "year": 2009,
            "quarter": 1,
            "eps": 0.22,
            "eps_growth_year": null,
            "eps_4q": 1.2,
            "eps_4q_growth_year": -43.36,
            "roe": 1.32,
            "gross_profit": 67260,
            "gross_margin": 14.62,
            "net_income": 14907,
            "revenue": 460028,
            "common_shares": 712302,
            "equity": 1138674,
            "current_ratio": 400.26,
            "debt_ratio": 20.23,
            "inventory_turnover_ratio": 1.87,
            "account_receivable_turnover_ratio": 1.26,
            "reinvestment_rate": 31.54,
            "research_to_sale_ratio": null,
            "price_fair": 52.7,
            "eps_avg_yearly": 1.51,
            "eps_latest_yearly": 0.88,
            "eps_growth_yearly": 430.19
        },
        "20092": {
            "year_quarter": 20092,
            "year": 2009,
            "quarter": 2,
            "eps": 0.16,
            "eps_growth_year": -30.43,
            "eps_4q": 1.12,
            "eps_4q_growth_year": -47.87,
            "roe": 0.96,
            "gross_profit": 56618,
            "gross_margin": 12.99,
            "net_income": 10767,
            "revenue": 435831,
            "common_shares": 703452,
            "equity": 1094825,
            "current_ratio": 320.38,
            "debt_ratio": 25.22,
            "inventory_turnover_ratio": 1.74,
            "account_receivable_turnover_ratio": 1.22,
            "reinvestment_rate": 31.48,
            "research_to_sale_ratio": null,
            "price_fair": 53.3,
            "eps_avg_yearly": 1.52,
            "eps_latest_yearly": 0.64,
            "eps_growth_yearly": 165.25
        },
        "20093": {
            "year_quarter": 20093,
            "year": 2009,
            "quarter": 3,
            "eps": 0.05,
            "eps_growth_year": -79.17,
            "eps_4q": 0.95,
            "eps_4q_growth_year": 55.88,
            "roe": 0.3,
            "gross_profit": 46929,
            "gross_margin": 9.81,
            "net_income": 3228,
            "revenue": 478400,
            "common_shares": 703452,
            "equity": 1093185,
            "current_ratio": 317.96,
            "debt_ratio": 25.63,
            "inventory_turnover_ratio": 2.13,
            "account_receivable_turnover_ratio": 1.1,
            "reinvestment_rate": 32.12,
            "research_to_sale_ratio": null,
            "price_fair": 51.4,
            "eps_avg_yearly": 1.47,
            "eps_latest_yearly": 0.2,
            "eps_growth_yearly": 105.61
        },
        "20094": {
            "year_quarter": 20094,
            "year": 2009,
            "quarter": 4,
            "eps": 0.42,
            "eps_growth_year": -2.33,
            "eps_4q": 0.86,
            "eps_4q_growth_year": -12.7,
            "roe": 2.62,
            "gross_profit": 95523,
            "gross_margin": 13.88,
            "net_income": 29065,
            "revenue": 688188,
            "common_shares": 703452,
            "equity": 1121637,
            "current_ratio": 268.68,
            "debt_ratio": 30.96,
            "inventory_turnover_ratio": 3.36,
            "account_receivable_turnover_ratio": 2.38,
            "reinvestment_rate": 31.63,
            "research_to_sale_ratio": null,
            "price_fair": 52.8,
            "eps_avg_yearly": 1.51,
            "eps_latest_yearly": 1.68,
            "eps_growth_yearly": 312.27
        },
        "20101": {
            "year_quarter": 20101,
            "year": 2010,
            "quarter": 1,
            "eps": 0.12,
            "eps_growth_year": -45.45,
            "eps_4q": 0.75,
            "eps_4q_growth_year": -37.35,
            "roe": 0.76,
            "gross_profit": 48081,
            "gross_margin": 12.54,
            "net_income": 8499,
            "revenue": 383425,
            "common_shares": 703452,
            "equity": 1109882,
            "current_ratio": 388.4,
            "debt_ratio": 20.91,
            "inventory_turnover_ratio": 1.86,
            "account_receivable_turnover_ratio": 0.85,
            "reinvestment_rate": 33.5,
            "research_to_sale_ratio": null,
            "price_fair": 51.8,
            "eps_avg_yearly": 1.48,
            "eps_latest_yearly": 0.48,
            "eps_growth_yearly": 297.99
        },
        "20102": {
            "year_quarter": 20102,
            "year": 2010,
            "quarter": 2,
            "eps": 0.24,
            "eps_growth_year": 49.21,
            "eps_4q": 0.83,
            "eps_4q_growth_year": -26.03,
            "roe": 1.56,
            "gross_profit": 71031,
            "gross_margin": 14.81,
            "net_income": 17026,
            "revenue": 479530,
            "common_shares": 703452,
            "equity": 1078666,
            "current_ratio": 299.28,
            "debt_ratio": 27.24,
            "inventory_turnover_ratio": 1.94,
            "account_receivable_turnover_ratio": 1.35,
            "reinvestment_rate": 12.07,
            "research_to_sale_ratio": null,
            "price_fair": 50.2,
            "eps_avg_yearly": 1.43,
            "eps_latest_yearly": 0.96,
            "eps_growth_yearly": 303.18
        },
        "20103": {
            "year_quarter": 20103,
            "year": 2010,
            "quarter": 3,
            "eps": 0.28,
            "eps_growth_year": 457.28,
            "eps_4q": 1.06,
            "eps_4q_growth_year": 10.74,
            "roe": 1.81,
            "gross_profit": 56172,
            "gross_margin": 15.13,
            "net_income": 19617,
            "revenue": 371160,
            "common_shares": 703452,
            "equity": 1093260,
            "current_ratio": 396.26,
            "debt_ratio": 20.77,
            "inventory_turnover_ratio": 1.3,
            "account_receivable_turnover_ratio": 1.05,
            "reinvestment_rate": -58.41,
            "research_to_sale_ratio": null,
            "price_fair": 48.6,
            "eps_avg_yearly": 1.39,
            "eps_latest_yearly": 1.12,
            "eps_growth_yearly": 305.09
        },
        "20104": {
            "year_quarter": 20104,
            "year": 2010,
            "quarter": 4,
            "eps": 0.31,
            "eps_growth_year": -25.34,
            "eps_4q": 0.95,
            "eps_4q_growth_year": 11.37,
            "roe": 2,
            "gross_profit": 65334,
            "gross_margin": 11.86,
            "net_income": 22048,
            "revenue": 550849,
            "common_shares": 703452,
            "equity": 1106848,
            "current_ratio": 337.31,
            "debt_ratio": 24.52,
            "inventory_turnover_ratio": 2.24,
            "account_receivable_turnover_ratio": 1.68,
            "reinvestment_rate": -60.66,
            "research_to_sale_ratio": null,
            "price_fair": 48.2,
            "eps_avg_yearly": 1.38,
            "eps_latest_yearly": 1.24,
            "eps_growth_yearly": 313.99
        },
        "20111": {
            "year_quarter": 20111,
            "year": 2011,
            "quarter": 1,
            "eps": 0.03,
            "eps_growth_year": -75,
            "eps_4q": 0.86,
            "eps_4q_growth_year": 14.58,
            "roe": 0.2,
            "gross_profit": 45251,
            "gross_margin": 13.57,
            "net_income": 2180,
            "revenue": 333538,
            "common_shares": 703452,
            "equity": 1103652,
            "current_ratio": 407.89,
            "debt_ratio": 19.82,
            "inventory_turnover_ratio": 1.45,
            "account_receivable_turnover_ratio": 1.03,
            "reinvestment_rate": -52.46,
            "research_to_sale_ratio": null,
            "price_fair": 46.4,
            "eps_avg_yearly": 1.33,
            "eps_latest_yearly": 0.12,
            "eps_growth_yearly": 299.62
        },
        "20112": {
            "year_quarter": 20112,
            "year": 2011,
            "quarter": 2,
            "eps": 0.15,
            "eps_growth_year": -35.46,
            "eps_4q": 0.78,
            "eps_4q_growth_year": -6.53,
            "roe": 1,
            "gross_profit": 56089,
            "gross_margin": 15.74,
            "net_income": 10839,
            "revenue": 356445,
            "common_shares": 703452,
            "equity": 1063918,
            "current_ratio": 310.02,
            "debt_ratio": 25.66,
            "inventory_turnover_ratio": 1.2,
            "account_receivable_turnover_ratio": 1.08,
            "reinvestment_rate": -45.95,
            "research_to_sale_ratio": null,
            "price_fair": 44.9,
            "eps_avg_yearly": 1.28,
            "eps_latest_yearly": 0.6,
            "eps_growth_yearly": 401.66
        },
        "20113": {
            "year_quarter": 20113,
            "year": 2011,
            "quarter": 3,
            "eps": 0.15,
            "eps_growth_year": -45.62,
            "eps_4q": 0.65,
            "eps_4q_growth_year": -38.51,
            "roe": 0.99,
            "gross_profit": 64824,
            "gross_margin": 13.02,
            "net_income": 10660,
            "revenue": 497722,
            "common_shares": 703452,
            "equity": 1079805,
            "current_ratio": 327.56,
            "debt_ratio": 23.84,
            "inventory_turnover_ratio": 1.78,
            "account_receivable_turnover_ratio": 1.35,
            "reinvestment_rate": 46.3,
            "research_to_sale_ratio": null,
            "price_fair": 29.9,
            "eps_avg_yearly": 0.85,
            "eps_latest_yearly": 0.6,
            "eps_growth_yearly": 273.09
        },
        "20114": {
            "year_quarter": 20114,
            "year": 2011,
            "quarter": 4,
            "eps": 0.27,
            "eps_growth_year": -14.38,
            "eps_4q": 0.61,
            "eps_4q_growth_year": -36.3,
            "roe": 1.73,
            "gross_profit": 60479,
            "gross_margin": 13.75,
            "net_income": 18784,
            "revenue": 439994,
            "common_shares": 703452,
            "equity": 1094257,
            "current_ratio": 309.24,
            "debt_ratio": 24.97,
            "inventory_turnover_ratio": 2.09,
            "account_receivable_turnover_ratio": 1.13,
            "reinvestment_rate": 48.7,
            "research_to_sale_ratio": null,
            "price_fair": 30.7,
            "eps_avg_yearly": 0.88,
            "eps_latest_yearly": 1.08,
            "eps_growth_yearly": 321.22
        },
        "20121": {
            "year_quarter": 20121,
            "year": 2012,
            "quarter": 1,
            "eps": -0.16,
            "eps_growth_year": -633.33,
            "eps_4q": 0.42,
            "eps_4q_growth_year": -51.61,
            "roe": -1.02,
            "gross_profit": 34149,
            "gross_margin": 9.66,
            "net_income": -11105,
            "revenue": 353618,
            "common_shares": 699612,
            "equity": 1081142,
            "current_ratio": 336.99,
            "debt_ratio": 22.62,
            "inventory_turnover_ratio": 1.73,
            "account_receivable_turnover_ratio": 0.99,
            "reinvestment_rate": 56.5,
            "research_to_sale_ratio": null,
            "price_fair": 30.7,
            "eps_avg_yearly": 0.88,
            "eps_latest_yearly": 1.08,
            "eps_growth_yearly": 321.22
        },
        "20122": {
            "year_quarter": 20122,
            "year": 2012,
            "quarter": 2,
            "eps": 0.2,
            "eps_growth_year": 32.24,
            "eps_4q": 0.47,
            "eps_4q_growth_year": -40.06,
            "roe": 1.33,
            "gross_profit": 54217,
            "gross_margin": 13.1,
            "net_income": 14255,
            "revenue": 414000,
            "common_shares": 699612,
            "equity": 1061621,
            "current_ratio": 236.76,
            "debt_ratio": 30.95,
            "inventory_turnover_ratio": 1.91,
            "account_receivable_turnover_ratio": 1.15,
            "reinvestment_rate": 125.87,
            "research_to_sale_ratio": null,
            "price_fair": 30.7,
            "eps_avg_yearly": 0.88,
            "eps_latest_yearly": 1.08,
            "eps_growth_yearly": 321.22
        },
        "20123": {
            "year_quarter": 20123,
            "year": 2012,
            "quarter": 3,
            "eps": -0.13,
            "eps_growth_year": -186.32,
            "eps_4q": 0.18,
            "eps_4q_growth_year": -71.9,
            "roe": -0.87,
            "gross_profit": 39783,
            "gross_margin": 9.97,
            "net_income": -9152,
            "revenue": 399165,
            "common_shares": 699612,
            "equity": 1052683,
            "current_ratio": 204.48,
            "debt_ratio": 35.56,
            "inventory_turnover_ratio": 1.87,
            "account_receivable_turnover_ratio": 1.01,
            "reinvestment_rate": 154.9,
            "research_to_sale_ratio": null,
            "price_fair": 30.48,
            "eps_avg_yearly": 0.87,
            "eps_latest_yearly": 1.08,
            "eps_growth_yearly": 344.6
        },
        "20124": {
            "year_quarter": 20124,
            "year": 2012,
            "quarter": 4,
            "eps": 0.19,
            "eps_growth_year": -30.74,
            "eps_4q": 0.1,
            "eps_4q_growth_year": -83.5,
            "roe": 1.23,
            "gross_profit": 56696,
            "gross_margin": 12.26,
            "net_income": 13010,
            "revenue": 462324,
            "common_shares": 699612,
            "equity": 1061272,
            "current_ratio": 197.26,
            "debt_ratio": 35.81,
            "inventory_turnover_ratio": 1.99,
            "account_receivable_turnover_ratio": 1.17,
            "reinvestment_rate": 163.53,
            "research_to_sale_ratio": null,
            "price_fair": 28,
            "eps_avg_yearly": 0.8,
            "eps_latest_yearly": 1.08,
            "eps_growth_yearly": 346.92
        },
        "20131": {
            "year_quarter": 20131,
            "year": 2013,
            "quarter": 1,
            "eps": 0,
            "eps_growth_year": null,
            "eps_4q": 0.26,
            "eps_4q_growth_year": -37.51,
            "roe": 0.01,
            "gross_profit": 34675,
            "gross_margin": 11.07,
            "net_income": 120,
            "revenue": 313138,
            "common_shares": 699612,
            "equity": 1053679,
            "current_ratio": 195.91,
            "debt_ratio": 35.48,
            "inventory_turnover_ratio": 1.35,
            "account_receivable_turnover_ratio": 0.85,
            "reinvestment_rate": 139.2,
            "research_to_sale_ratio": null,
            "price_fair": 27.75,
            "eps_avg_yearly": 0.79,
            "eps_latest_yearly": 1.08,
            "eps_growth_yearly": 396.22
        },
        "20132": {
            "year_quarter": 20132,
            "year": 2013,
            "quarter": 2,
            "eps": 0.04,
            "eps_growth_year": -80.37,
            "eps_4q": 0.1,
            "eps_4q_growth_year": -78.97,
            "roe": 0.27,
            "gross_profit": 42504,
            "gross_margin": 11.75,
            "net_income": 2876,
            "revenue": 361823,
            "common_shares": 699612,
            "equity": 1042380,
            "current_ratio": 180.29,
            "debt_ratio": 38.99,
            "inventory_turnover_ratio": 1.46,
            "account_receivable_turnover_ratio": 0.97,
            "reinvestment_rate": 109.17,
            "research_to_sale_ratio": null,
            "price_fair": 28.28,
            "eps_avg_yearly": 0.81,
            "eps_latest_yearly": 1.08,
            "eps_growth_yearly": 446.75
        },
        "20133": {
            "year_quarter": 20133,
            "year": 2013,
            "quarter": 3,
            "eps": 0.03,
            "eps_growth_year": null,
            "eps_4q": 0.26,
            "eps_4q_growth_year": 41.7,
            "roe": 0.2,
            "gross_profit": 37926,
            "gross_margin": 11.18,
            "net_income": 2106,
            "revenue": 339088,
            "common_shares": 699612,
            "equity": 1049016,
            "current_ratio": 201.19,
            "debt_ratio": 35.23,
            "inventory_turnover_ratio": 1.38,
            "account_receivable_turnover_ratio": 0.83,
            "reinvestment_rate": 90.69,
            "research_to_sale_ratio": null,
            "price_fair": 28,
            "eps_avg_yearly": 0.8,
            "eps_latest_yearly": 0.12,
            "eps_growth_yearly": 464.25
        },
        "20134": {
            "year_quarter": 20134,
            "year": 2013,
            "quarter": 4,
            "eps": 0.37,
            "eps_growth_year": 98.29,
            "eps_4q": 0.44,
            "eps_4q_growth_year": 340.92,
            "roe": 2.43,
            "gross_profit": 53485,
            "gross_margin": 12.17,
            "net_income": 25798,
            "revenue": 439551,
            "common_shares": 699612,
            "equity": 1076680,
            "current_ratio": 210.52,
            "debt_ratio": 33.32,
            "inventory_turnover_ratio": 1.73,
            "account_receivable_turnover_ratio": 1.03,
            "reinvestment_rate": 83.25,
            "research_to_sale_ratio": null,
            "price_fair": 27.3,
            "eps_avg_yearly": 0.78,
            "eps_latest_yearly": 1.48,
            "eps_growth_yearly": 621.59
        },
        "20141": {
            "year_quarter": 20141,
            "year": 2014,
            "quarter": 1,
            "eps": 0.11,
            "eps_growth_year": null,
            "eps_4q": 0.55,
            "eps_4q_growth_year": 112.21,
            "roe": 0.73,
            "gross_profit": 45031,
            "gross_margin": 11.06,
            "net_income": 7913,
            "revenue": 407116,
            "common_shares": 699612,
            "equity": 1084871,
            "current_ratio": 228.23,
            "debt_ratio": 30.32,
            "inventory_turnover_ratio": 1.64,
            "account_receivable_turnover_ratio": 1.01,
            "reinvestment_rate": 86.76,
            "research_to_sale_ratio": null,
            "price_fair": 27.16,
            "eps_avg_yearly": 0.78,
            "eps_latest_yearly": 0.44,
            "eps_growth_yearly": 622.05
        },
        "20142": {
            "year_quarter": 20142,
            "year": 2014,
            "quarter": 2,
            "eps": -0.01,
            "eps_growth_year": -125,
            "eps_4q": 0.5,
            "eps_4q_growth_year": 413.77,
            "roe": -0.06,
            "gross_profit": 35302,
            "gross_margin": 10.08,
            "net_income": -603,
            "revenue": 350126,
            "common_shares": 699612,
            "equity": 1060972,
            "current_ratio": 229.12,
            "debt_ratio": 29.62,
            "inventory_turnover_ratio": 1.56,
            "account_receivable_turnover_ratio": 0.88,
            "reinvestment_rate": 97.67,
            "research_to_sale_ratio": null,
            "price_fair": 26.44,
            "eps_avg_yearly": 0.76,
            "eps_latest_yearly": 0.44,
            "eps_growth_yearly": 646.72
        },
        "20143": {
            "year_quarter": 20143,
            "year": 2014,
            "quarter": 3,
            "eps": 0.17,
            "eps_growth_year": 466.67,
            "eps_4q": 0.64,
            "eps_4q_growth_year": 145.4,
            "roe": 1.06,
            "gross_profit": 44855,
            "gross_margin": 12,
            "net_income": 11338,
            "revenue": 373637,
            "common_shares": 699612,
            "equity": 1073258,
            "current_ratio": 254.53,
            "debt_ratio": 26.36,
            "inventory_turnover_ratio": 1.75,
            "account_receivable_turnover_ratio": 0.86,
            "reinvestment_rate": 118.12,
            "research_to_sale_ratio": null,
            "price_fair": 24.85,
            "eps_avg_yearly": 0.71,
            "eps_latest_yearly": 0.44,
            "eps_growth_yearly": 719.23
        },
        "20144": {
            "year_quarter": 20144,
            "year": 2014,
            "quarter": 4,
            "eps": 0.33,
            "eps_growth_year": -9.33,
            "eps_4q": 0.6,
            "eps_4q_growth_year": 36.05,
            "roe": 2.15,
            "gross_profit": 58459,
            "gross_margin": 14.6,
            "net_income": 23390,
            "revenue": 400534,
            "common_shares": 699612,
            "equity": 1099628,
            "current_ratio": 330.22,
            "debt_ratio": 19.83,
            "inventory_turnover_ratio": 2.08,
            "account_receivable_turnover_ratio": 0.97,
            "reinvestment_rate": 111.73,
            "research_to_sale_ratio": null,
            "price_fair": 25.2,
            "eps_avg_yearly": 0.72,
            "eps_latest_yearly": 1.32,
            "eps_growth_yearly": 760.93
        },
        "20151": {
            "year_quarter": 20151,
            "year": 2015,
            "quarter": 1,
            "eps": 0.09,
            "eps_growth_year": -18.18,
            "eps_4q": 0.57,
            "eps_4q_growth_year": 3.93,
            "roe": 0.55,
            "gross_profit": 42521,
            "gross_margin": 13.34,
            "net_income": 6090,
            "revenue": 318856,
            "common_shares": 699612,
            "equity": 1104287,
            "current_ratio": 313.96,
            "debt_ratio": 20.96,
            "inventory_turnover_ratio": 1.71,
            "account_receivable_turnover_ratio": 0.88,
            "reinvestment_rate": 96.74,
            "research_to_sale_ratio": null,
            "price_fair": 26.25,
            "eps_avg_yearly": 0.75,
            "eps_latest_yearly": 0.36,
            "eps_growth_yearly": 769.73
        },
        "20152": {
            "year_quarter": 20152,
            "year": 2015,
            "quarter": 2,
            "eps": 0.2,
            "eps_growth_year": null,
            "eps_4q": 0.78,
            "eps_4q_growth_year": 55.87,
            "roe": 1.29,
            "gross_profit": 49266,
            "gross_margin": 13.51,
            "net_income": 14071,
            "revenue": 364611,
            "common_shares": 699612,
            "equity": 1080265,
            "current_ratio": 266.19,
            "debt_ratio": 25.01,
            "inventory_turnover_ratio": 1.96,
            "account_receivable_turnover_ratio": 0.98,
            "reinvestment_rate": 71.31,
            "research_to_sale_ratio": null,
            "price_fair": 27.13,
            "eps_avg_yearly": 0.78,
            "eps_latest_yearly": 0.8,
            "eps_growth_yearly": 630.84
        },
        "20153": {
            "year_quarter": 20153,
            "year": 2015,
            "quarter": 3,
            "eps": 0.19,
            "eps_growth_year": 11.76,
            "eps_4q": 0.81,
            "eps_4q_growth_year": 27.95,
            "roe": 1.23,
            "gross_profit": 46488,
            "gross_margin": 13.79,
            "net_income": 13317,
            "revenue": 337065,
            "common_shares": 699612,
            "equity": 1092434,
            "current_ratio": 295.75,
            "debt_ratio": 22.22,
            "inventory_turnover_ratio": 2.03,
            "account_receivable_turnover_ratio": 0.85,
            "reinvestment_rate": 57.94,
            "research_to_sale_ratio": null,
            "price_fair": 27.83,
            "eps_avg_yearly": 0.8,
            "eps_latest_yearly": 0.76,
            "eps_growth_yearly": 628.34
        },
        "20154": {
            "year_quarter": 20154,
            "year": 2015,
            "quarter": 4,
            "eps": 0.34,
            "eps_growth_year": 1.92,
            "eps_4q": 0.82,
            "eps_4q_growth_year": 36.34,
            "roe": 2.16,
            "gross_profit": 71480,
            "gross_margin": 16.47,
            "net_income": 23838,
            "revenue": 433992,
            "common_shares": 699612,
            "equity": 1113191,
            "current_ratio": 275.38,
            "debt_ratio": 24.45,
            "inventory_turnover_ratio": 2.79,
            "account_receivable_turnover_ratio": 1.08,
            "reinvestment_rate": 37.26,
            "research_to_sale_ratio": null,
            "price_fair": 29.05,
            "eps_avg_yearly": 0.83,
            "eps_latest_yearly": 1.36,
            "eps_growth_yearly": 627.81
        },
        "20161": {
            "year_quarter": 20161,
            "year": 2016,
            "quarter": 1,
            "eps": 0.1,
            "eps_growth_year": 11.11,
            "eps_4q": 0.83,
            "eps_4q_growth_year": 45.05,
            "roe": 0.64,
            "gross_profit": 45229,
            "gross_margin": 14.52,
            "net_income": 7106,
            "revenue": 311562,
            "common_shares": 699612,
            "equity": 1120528,
            "current_ratio": 268.91,
            "debt_ratio": 25.02,
            "inventory_turnover_ratio": 1.97,
            "account_receivable_turnover_ratio": 0.78,
            "reinvestment_rate": 26.73,
            "research_to_sale_ratio": null,
            "price_fair": 27.38,
            "eps_avg_yearly": 0.78,
            "eps_latest_yearly": 0.4,
            "eps_growth_yearly": 526.68
        },
        "20162": {
            "year_quarter": 20162,
            "year": 2016,
            "quarter": 2,
            "eps": 0.22,
            "eps_growth_year": 10,
            "eps_4q": 0.85,
            "eps_4q_growth_year": 8.92,
            "roe": 1.4,
            "gross_profit": 55399,
            "gross_margin": 15.54,
            "net_income": 15524,
            "revenue": 356459,
            "common_shares": 699612,
            "equity": 1103708,
            "current_ratio": 261.1,
            "debt_ratio": 25.87,
            "inventory_turnover_ratio": 2.14,
            "account_receivable_turnover_ratio": 0.84,
            "reinvestment_rate": -75.3,
            "research_to_sale_ratio": null,
            "price_fair": 27.72,
            "eps_avg_yearly": 0.79,
            "eps_latest_yearly": 0.88,
            "eps_growth_yearly": 522.01
        },
        "20163": {
            "year_quarter": 20163,
            "year": 2016,
            "quarter": 3,
            "eps": 0.1,
            "eps_growth_year": -47.37,
            "eps_4q": 0.76,
            "eps_4q_growth_year": -6.32,
            "roe": 0.62,
            "gross_profit": 44560,
            "gross_margin": 13.18,
            "net_income": 6808,
            "revenue": 337963,
            "common_shares": 699612,
            "equity": 1109566,
            "current_ratio": 275.76,
            "debt_ratio": 24.25,
            "inventory_turnover_ratio": 2.24,
            "account_receivable_turnover_ratio": 0.75,
            "reinvestment_rate": -87.9,
            "research_to_sale_ratio": null,
            "price_fair": 26.47,
            "eps_avg_yearly": 0.76,
            "eps_latest_yearly": 0.4,
            "eps_growth_yearly": 454.72
        },
        "20164": {
            "year_quarter": 20164,
            "year": 2016,
            "quarter": 4,
            "eps": 0.23,
            "eps_growth_year": -32.31,
            "eps_4q": 0.65,
            "eps_4q_growth_year": -20.49,
            "roe": 1.45,
            "gross_profit": 56790,
            "gross_margin": 13.57,
            "net_income": 16136,
            "revenue": 418608,
            "common_shares": 699612,
            "equity": 1120218,
            "current_ratio": 269.22,
            "debt_ratio": 25.25,
            "inventory_turnover_ratio": 3.39,
            "account_receivable_turnover_ratio": 0.93,
            "reinvestment_rate": -91.77,
            "research_to_sale_ratio": null,
            "price_fair": 26.95,
            "eps_avg_yearly": 0.77,
            "eps_latest_yearly": 0.92,
            "eps_growth_yearly": 460.16
        },
        "20171": {
            "year_quarter": 20171,
            "year": 2017,
            "quarter": 1,
            "eps": 0.09,
            "eps_growth_year": -10,
            "eps_4q": 0.64,
            "eps_4q_growth_year": -23.34,
            "roe": 0.56,
            "gross_profit": 45203,
            "gross_margin": 15.11,
            "net_income": 6247,
            "revenue": 299181,
            "common_shares": 699612,
            "equity": 1125320,
            "current_ratio": 332.08,
            "debt_ratio": 20.11,
            "inventory_turnover_ratio": 3.18,
            "account_receivable_turnover_ratio": 0.67,
            "reinvestment_rate": -58.1,
            "research_to_sale_ratio": null,
            "price_fair": 25.85,
            "eps_avg_yearly": 0.74,
            "eps_latest_yearly": 0.36,
            "eps_growth_yearly": 406.04
        },
        "20172": {
            "year_quarter": 20172,
            "year": 2017,
            "quarter": 2,
            "eps": 0.15,
            "eps_growth_year": -31.82,
            "eps_4q": 0.56,
            "eps_4q_growth_year": -34,
            "roe": 0.92,
            "gross_profit": 43955,
            "gross_margin": 14.38,
            "net_income": 10270,
            "revenue": 305672,
            "common_shares": 699612,
            "equity": 1099794,
            "current_ratio": 284.82,
            "debt_ratio": 23.4,
            "inventory_turnover_ratio": 3.35,
            "account_receivable_turnover_ratio": 0.71,
            "reinvestment_rate": -24.3,
            "research_to_sale_ratio": null,
            "price_fair": 25.5,
            "eps_avg_yearly": 0.73,
            "eps_latest_yearly": 0.6,
            "eps_growth_yearly": 396.08
        },
        "20173": {
            "year_quarter": 20173,
            "year": 2017,
            "quarter": 3,
            "eps": 0.12,
            "eps_growth_year": 20,
            "eps_4q": 0.59,
            "eps_4q_growth_year": -22.39,
            "roe": 0.79,
            "gross_profit": 45298,
            "gross_margin": 12.91,
            "net_income": 8693,
            "revenue": 350961,
            "common_shares": 699612,
            "equity": 1108669,
            "current_ratio": 278.47,
            "debt_ratio": 24.28,
            "inventory_turnover_ratio": 3.71,
            "account_receivable_turnover_ratio": 0.77,
            "reinvestment_rate": -10.01,
            "research_to_sale_ratio": null,
            "price_fair": 26.4,
            "eps_avg_yearly": 0.75,
            "eps_latest_yearly": 0.48,
            "eps_growth_yearly": 397.51
        },
        "20174": {
            "year_quarter": 20174,
            "year": 2017,
            "quarter": 4,
            "eps": 0.17,
            "eps_growth_year": -27.43,
            "eps_4q": 0.53,
            "eps_4q_growth_year": -18.99,
            "roe": 1.05,
            "gross_profit": 52438,
            "gross_margin": 12.7,
            "net_income": 11710,
            "revenue": 412892,
            "common_shares": 699612,
            "equity": 1117777,
            "current_ratio": 246.08,
            "debt_ratio": 28.48,
            "inventory_turnover_ratio": 3.48,
            "account_receivable_turnover_ratio": 0.91,
            "reinvestment_rate": -17.55,
            "research_to_sale_ratio": null,
            "price_fair": 24.4,
            "eps_avg_yearly": 0.7,
            "eps_latest_yearly": 0.68,
            "eps_growth_yearly": 85.61
        },
        "20181": {
            "year_quarter": 20181,
            "year": 2018,
            "quarter": 1,
            "eps": 0.05,
            "eps_growth_year": -44.44,
            "eps_4q": 0.49,
            "eps_4q_growth_year": -23.11,
            "roe": 0.33,
            "gross_profit": 39299,
            "gross_margin": 11.54,
            "net_income": 3709,
            "revenue": 340656,
            "common_shares": 699612,
            "equity": 1118961,
            "current_ratio": 272.81,
            "debt_ratio": 25.52,
            "inventory_turnover_ratio": 2.34,
            "account_receivable_turnover_ratio": 1.02,
            "reinvestment_rate": -44.48,
            "research_to_sale_ratio": null,
            "price_fair": 23.8,
            "eps_avg_yearly": 0.68,
            "eps_latest_yearly": 0.2,
            "eps_growth_yearly": 85.51
        },
        "20182": {
            "year_quarter": 20182,
            "year": 2018,
            "quarter": 2,
            "eps": 0.22,
            "eps_growth_year": 46.67,
            "eps_4q": 0.57,
            "eps_4q_growth_year": 0.65,
            "roe": 1.4,
            "gross_profit": 49342,
            "gross_margin": 13.05,
            "net_income": 15606,
            "revenue": 378089,
            "common_shares": 699612,
            "equity": 1108778,
            "current_ratio": 229.25,
            "debt_ratio": 31.36,
            "inventory_turnover_ratio": 2.5,
            "account_receivable_turnover_ratio": 1.86,
            "reinvestment_rate": -39.24,
            "research_to_sale_ratio": null,
            "price_fair": 24.27,
            "eps_avg_yearly": 0.69,
            "eps_latest_yearly": 0.88,
            "eps_growth_yearly": 170.48
        },
        "20183": {
            "year_quarter": 20183,
            "year": 2018,
            "quarter": 3,
            "eps": 0.17,
            "eps_growth_year": 41.67,
            "eps_4q": 0.62,
            "eps_4q_growth_year": 4.13,
            "roe": 1.08,
            "gross_profit": 52367,
            "gross_margin": 10.1,
            "net_income": 12030,
            "revenue": 518358,
            "common_shares": 699612,
            "equity": 1120813,
            "current_ratio": 243.17,
            "debt_ratio": 29.45,
            "inventory_turnover_ratio": 3.69,
            "account_receivable_turnover_ratio": 2.23,
            "reinvestment_rate": -41.17,
            "research_to_sale_ratio": null,
            "price_fair": 24.24,
            "eps_avg_yearly": 0.69,
            "eps_latest_yearly": 0.68,
            "eps_growth_yearly": 154.14
        },
        "20184": {
            "year_quarter": 20184,
            "year": 2018,
            "quarter": 4,
            "eps": 0.16,
            "eps_growth_year": -4.86,
            "eps_4q": 0.61,
            "eps_4q_growth_year": 15.08,
            "roe": 0.99,
            "gross_profit": 47194,
            "gross_margin": 11.19,
            "net_income": 11141,
            "revenue": 421620,
            "common_shares": 699612,
            "equity": 1129088,
            "current_ratio": 255.54,
            "debt_ratio": 27.95,
            "inventory_turnover_ratio": 3.13,
            "account_receivable_turnover_ratio": 1.4,
            "reinvestment_rate": -47.49,
            "research_to_sale_ratio": null,
            "price_fair": 22.75,
            "eps_avg_yearly": 0.65,
            "eps_latest_yearly": 0.64,
            "eps_growth_yearly": 129.14
        },
        "20191": {
            "year_quarter": 20191,
            "year": 2019,
            "quarter": 1,
            "eps": 0.1,
            "eps_growth_year": 100,
            "eps_4q": 0.66,
            "eps_4q_growth_year": 33.39,
            "roe": 0.63,
            "gross_profit": 44875,
            "gross_margin": 11.47,
            "net_income": 7086,
            "revenue": 391196,
            "common_shares": 699612,
            "equity": 1136482,
            "current_ratio": 272.66,
            "debt_ratio": 26.38,
            "inventory_turnover_ratio": 2.69,
            "account_receivable_turnover_ratio": 1.43,
            "reinvestment_rate": -46.75,
            "research_to_sale_ratio": null,
            "price_fair": 22.84,
            "eps_avg_yearly": 0.65,
            "eps_latest_yearly": 0.4,
            "eps_growth_yearly": 137.95
        },
        "20192": {
            "year_quarter": 20192,
            "year": 2019,
            "quarter": 2,
            "eps": 0.16,
            "eps_growth_year": -27.27,
            "eps_4q": 0.59,
            "eps_4q_growth_year": 4.76,
            "roe": 1.01,
            "gross_profit": 48926,
            "gross_margin": 10.82,
            "net_income": 11350,
            "revenue": 452257,
            "common_shares": 699612,
            "equity": 1113631,
            "current_ratio": 212.61,
            "debt_ratio": 34.65,
            "inventory_turnover_ratio": 2.54,
            "account_receivable_turnover_ratio": 1.79,
            "reinvestment_rate": -45.12,
            "research_to_sale_ratio": null,
            "price_fair": 22.49,
            "eps_avg_yearly": 0.64,
            "eps_latest_yearly": 0.64,
            "eps_growth_yearly": 122.39
        },
        "20193": {
            "year_quarter": 20193,
            "year": 2019,
            "quarter": 3,
            "eps": 0.21,
            "eps_growth_year": 23.53,
            "eps_4q": 0.63,
            "eps_4q_growth_year": 2.27,
            "roe": 1.29,
            "gross_profit": 54477,
            "gross_margin": 8.85,
            "net_income": 14455,
            "revenue": 615303,
            "common_shares": 699612,
            "equity": 1127596,
            "current_ratio": 190.9,
            "debt_ratio": 40.2,
            "inventory_turnover_ratio": 3.16,
            "account_receivable_turnover_ratio": 1.7,
            "reinvestment_rate": -47.22,
            "research_to_sale_ratio": null,
            "price_fair": 22.66,
            "eps_avg_yearly": 0.65,
            "eps_latest_yearly": 0.84,
            "eps_growth_yearly": 131.46
        },
        "20194": {
            "year_quarter": 20194,
            "year": 2019,
            "quarter": 4,
            "eps": 0.19,
            "eps_growth_year": 17.13,
            "eps_4q": 0.66,
            "eps_4q_growth_year": 8.13,
            "roe": 1.15,
            "gross_profit": 62192,
            "gross_margin": 8.17,
            "net_income": 13049,
            "revenue": 761185,
            "common_shares": 699612,
            "equity": 1138329,
            "current_ratio": 191.42,
            "debt_ratio": 40.34,
            "inventory_turnover_ratio": 3.27,
            "account_receivable_turnover_ratio": 1.45,
            "reinvestment_rate": -50.08,
            "research_to_sale_ratio": null,
            "price_fair": 21.35,
            "eps_avg_yearly": 0.61,
            "eps_latest_yearly": 0.76,
            "eps_growth_yearly": 109.34
        },
        "20201": {
            "year_quarter": 20201,
            "year": 2020,
            "quarter": 1,
            "eps": 0.2,
            "eps_growth_year": 100,
            "eps_4q": 0.76,
            "eps_4q_growth_year": 15.95,
            "roe": 1.25,
            "gross_profit": 58720,
            "gross_margin": 10.93,
            "net_income": 14322,
            "revenue": 537473,
            "common_shares": 699612,
            "equity": 1153545,
            "current_ratio": 243.84,
            "debt_ratio": 30.4,
            "inventory_turnover_ratio": 2,
            "account_receivable_turnover_ratio": 1.21,
            "reinvestment_rate": -12.38,
            "research_to_sale_ratio": null,
            "price_fair": 22.23,
            "eps_avg_yearly": 0.64,
            "eps_latest_yearly": 0.8,
            "eps_growth_yearly": 128.3
        },
        "20202": {
            "year_quarter": 20202,
            "year": 2020,
            "quarter": 2,
            "eps": 0.09,
            "eps_growth_year": -43.75,
            "eps_4q": 0.69,
            "eps_4q_growth_year": 16.15,
            "roe": 0.57,
            "gross_profit": 49675,
            "gross_margin": 10.73,
            "net_income": 6499,
            "revenue": 462820,
            "common_shares": 699612,
            "equity": 1123695,
            "current_ratio": 252.02,
            "debt_ratio": 29.07,
            "inventory_turnover_ratio": 1.83,
            "account_receivable_turnover_ratio": 1.77,
            "reinvestment_rate": -8.5,
            "research_to_sale_ratio": null,
            "price_fair": 21.09,
            "eps_avg_yearly": 0.6,
            "eps_latest_yearly": 0.36,
            "eps_growth_yearly": 84.55
        },
        "20203": {
            "year_quarter": 20203,
            "year": 2020,
            "quarter": 3,
            "eps": 0.28,
            "eps_growth_year": 33.33,
            "eps_4q": 0.77,
            "eps_4q_growth_year": 21.93,
            "roe": 1.75,
            "gross_profit": 67627,
            "gross_margin": 10.03,
            "net_income": 19817,
            "revenue": 674543,
            "common_shares": 699612,
            "equity": 1142276,
            "current_ratio": 228.61,
            "debt_ratio": 31.91,
            "inventory_turnover_ratio": 3.01,
            "account_receivable_turnover_ratio": 2.51,
            "reinvestment_rate": -7.23,
            "research_to_sale_ratio": null,
            "price_fair": 22.66,
            "eps_avg_yearly": 0.65,
            "eps_latest_yearly": 1.12,
            "eps_growth_yearly": 150.97
        },
        "20204": {
            "year_quarter": 20204,
            "year": 2020,
            "quarter": 4,
            "eps": -0.03,
            "eps_growth_year": -114.27,
            "eps_4q": 0.55,
            "eps_4q_growth_year": -15.59,
            "roe": -0.16,
            "gross_profit": 46122,
            "gross_margin": 9.49,
            "net_income": -1862,
            "revenue": 486162,
            "common_shares": 699612,
            "equity": 1138068,
            "current_ratio": 183.81,
            "debt_ratio": 41.72,
            "inventory_turnover_ratio": 1.86,
            "account_receivable_turnover_ratio": 1.26,
            "reinvestment_rate": -12.66,
            "research_to_sale_ratio": null,
            "price_fair": 22.03,
            "eps_avg_yearly": 0.63,
            "eps_latest_yearly": 1.12,
            "eps_growth_yearly": 126.36
        },
        "20211": {
            "year_quarter": 20211,
            "year": 2021,
            "quarter": 1,
            "eps": 0.11,
            "eps_growth_year": -45,
            "eps_4q": 0.46,
            "eps_4q_growth_year": -39.17,
            "roe": 0.69,
            "gross_profit": 50684,
            "gross_margin": 9.48,
            "net_income": 7895,
            "revenue": 534599,
            "common_shares": 699612,
            "equity": 1145723,
            "current_ratio": 195.1,
            "debt_ratio": 39.07,
            "inventory_turnover_ratio": 1.7,
            "account_receivable_turnover_ratio": 1.22,
            "reinvestment_rate": -7.94,
            "research_to_sale_ratio": null,
            "price_fair": 22.7,
            "eps_avg_yearly": 0.65,
            "eps_latest_yearly": 1.12,
            "eps_growth_yearly": 152.78
        },
        "20212": {
            "year_quarter": 20212,
            "year": 2021,
            "quarter": 2,
            "eps": 0.2,
            "eps_growth_year": 122.22,
            "eps_4q": 0.57,
            "eps_4q_growth_year": -17.79,
            "roe": 1.22,
            "gross_profit": 61839,
            "gross_margin": 11.58,
            "net_income": 13877,
            "revenue": 533955,
            "common_shares": 699612,
            "equity": 1130047,
            "current_ratio": 191.77,
            "debt_ratio": 39.74,
            "inventory_turnover_ratio": 2.06,
            "account_receivable_turnover_ratio": 1.11,
            "reinvestment_rate": -8.58,
            "research_to_sale_ratio": null,
            "price_fair": 23.2,
            "eps_avg_yearly": 0.66,
            "eps_latest_yearly": 0.8,
            "eps_growth_yearly": 157.11
        },
        "20213": {
            "year_quarter": 20213,
            "year": 2021,
            "quarter": 3,
            "eps": 0.15,
            "eps_growth_year": -46.43,
            "eps_4q": 0.44,
            "eps_4q_growth_year": -43.05,
            "roe": 0.94,
            "gross_profit": 54677,
            "gross_margin": 10.68,
            "net_income": 10665,
            "revenue": 511990,
            "common_shares": 699612,
            "equity": 1140413,
            "current_ratio": 223.38,
            "debt_ratio": 33.12,
            "inventory_turnover_ratio": 2.66,
            "account_receivable_turnover_ratio": 1,
            "reinvestment_rate": -5.6,
            "research_to_sale_ratio": null,
            "price_fair": 23.5,
            "eps_avg_yearly": 0.67,
            "eps_latest_yearly": 0.6,
            "eps_growth_yearly": 155.68
        },
        "20214": {
            "year_quarter": 20214,
            "year": 2021,
            "quarter": 4,
            "eps": 0.18,
            "eps_growth_year": null,
            "eps_4q": 0.64,
            "eps_4q_growth_year": 15.23,
            "roe": 1.07,
            "gross_profit": 64764,
            "gross_margin": 11.4,
            "net_income": 12246,
            "revenue": 567959,
            "common_shares": 699612,
            "equity": 1148764,
            "current_ratio": 200.27,
            "debt_ratio": 38.19,
            "inventory_turnover_ratio": 3.39,
            "account_receivable_turnover_ratio": 1.4,
            "reinvestment_rate": 2.09,
            "research_to_sale_ratio": null,
            "price_fair": 23.6,
            "eps_avg_yearly": 0.67,
            "eps_latest_yearly": 0.72,
            "eps_growth_yearly": 149.49
        },
        "20221": {
            "year_quarter": 20221,
            "year": 2022,
            "quarter": 1,
            "eps": 0.15,
            "eps_growth_year": 36.36,
            "eps_4q": 0.68,
            "eps_4q_growth_year": 46.51,
            "roe": 0.92,
            "gross_profit": 55042,
            "gross_margin": 10.54,
            "net_income": 10608,
            "revenue": 522313,
            "common_shares": 699612,
            "equity": 1161041,
            "current_ratio": 217.38,
            "debt_ratio": 34.99,
            "inventory_turnover_ratio": 3.69,
            "account_receivable_turnover_ratio": 1.66,
            "reinvestment_rate": 26.68,
            "research_to_sale_ratio": null,
            "price_fair": 24.6,
            "eps_avg_yearly": 0.7,
            "eps_latest_yearly": 0.6,
            "eps_growth_yearly": 164.9
        },
        "20222": {
            "year_quarter": 20222,
            "year": 2022,
            "quarter": 2,
            "eps": 0.32,
            "eps_growth_year": 60,
            "eps_4q": 0.8,
            "eps_4q_growth_year": 40.11,
            "roe": 1.91,
            "gross_profit": 62812,
            "gross_margin": 12.11,
            "net_income": 22143,
            "revenue": 518579,
            "common_shares": 699612,
            "equity": 1157407,
            "current_ratio": 193.22,
            "debt_ratio": 39.57,
            "inventory_turnover_ratio": 2.93,
            "account_receivable_turnover_ratio": 1.58,
            "reinvestment_rate": 24.74,
            "research_to_sale_ratio": null,
            "price_fair": 25.6,
            "eps_avg_yearly": 0.73,
            "eps_latest_yearly": 1.28,
            "eps_growth_yearly": 100.14
        },
        "20223": {
            "year_quarter": 20223,
            "year": 2022,
            "quarter": 3,
            "eps": 0.19,
            "eps_growth_year": 26.67,
            "eps_4q": 0.84,
            "eps_4q_growth_year": 91.46,
            "roe": 1.16,
            "gross_profit": 54271,
            "gross_margin": 9.39,
            "net_income": 13541,
            "revenue": 577711,
            "common_shares": 699612,
            "equity": 1175359,
            "current_ratio": 164.74,
            "debt_ratio": 47.85,
            "inventory_turnover_ratio": 2.49,
            "account_receivable_turnover_ratio": 1.55,
            "reinvestment_rate": 26.77,
            "research_to_sale_ratio": null,
            "price_fair": 25.8,
            "eps_avg_yearly": 0.74,
            "eps_latest_yearly": 0.76,
            "eps_growth_yearly": 95.02
        },
        "20224": {
            "year_quarter": 20224,
            "year": 2022,
            "quarter": 4,
            "eps": 0.25,
            "eps_growth_year": 40.76,
            "eps_4q": 0.91,
            "eps_4q_growth_year": 42.18,
            "roe": 1.45,
            "gross_profit": 74369,
            "gross_margin": 11.42,
            "net_income": 17238,
            "revenue": 651430,
            "common_shares": 699612,
            "equity": 1198095,
            "current_ratio": 172.82,
            "debt_ratio": 44.49,
            "inventory_turnover_ratio": 2.64,
            "account_receivable_turnover_ratio": 1.77,
            "reinvestment_rate": -6.1,
            "research_to_sale_ratio": null,
            "price_fair": 26.7,
            "eps_avg_yearly": 0.76,
            "eps_latest_yearly": 1,
            "eps_growth_yearly": 105.73
        },
        "20231": {
            "year_quarter": 20231,
            "year": 2023,
            "quarter": 1,
            "eps": 0.18,
            "eps_growth_year": 20,
            "eps_4q": 0.94,
            "eps_4q_growth_year": 38.37,
            "roe": 1.05,
            "gross_profit": 60666,
            "gross_margin": 12.4,
            "net_income": 12659,
            "revenue": 489168,
            "common_shares": 699612,
            "equity": 1209702,
            "current_ratio": 170.61,
            "debt_ratio": 44.7,
            "inventory_turnover_ratio": 1.74,
            "account_receivable_turnover_ratio": 1.55,
            "reinvestment_rate": -4.9,
            "research_to_sale_ratio": null,
            "price_fair": 27.5,
            "eps_avg_yearly": 0.79,
            "eps_latest_yearly": 0.72,
            "eps_growth_yearly": 108.44
        }
    },
    "months": {
        "2001-09": {
            "month": "2001-09",
            "price": "8.68",
            "revenue": 166033
        },
        "2001-10": {
            "month": "2001-10",
            "price": "8.81",
            "revenue": 183348
        },
        "2001-11": {
            "month": "2001-11",
            "price": "13.25",
            "revenue": 228708
        },
        "2001-12": {
            "month": "2001-12",
            "price": "17.85",
            "revenue": 228205
        },
        "2002-01": {
            "month": "2002-01",
            "price": "21.63",
            "revenue": 100207
        },
        "2002-02": {
            "month": "2002-02",
            "price": "20.60",
            "revenue": 92644
        },
        "2002-03": {
            "month": "2002-03",
            "price": "20.79",
            "revenue": 145701
        },
        "2002-04": {
            "month": "2002-04",
            "price": "21.02",
            "revenue": 155145
        },
        "2002-05": {
            "month": "2002-05",
            "price": "16.29",
            "revenue": 171878
        },
        "2002-06": {
            "month": "2002-06",
            "price": "15.72",
            "revenue": 240782
        },
        "2002-07": {
            "month": "2002-07",
            "price": "14.36",
            "revenue": 199756
        },
        "2002-08": {
            "month": "2002-08",
            "price": "14.48",
            "revenue": 159515
        },
        "2002-09": {
            "month": "2002-09",
            "price": "13.66",
            "revenue": 162932
        },
        "2002-10": {
            "month": "2002-10",
            "price": "12.93",
            "revenue": 214136
        },
        "2002-11": {
            "month": "2002-11",
            "price": "13.30",
            "revenue": 200174
        },
        "2002-12": {
            "month": "2002-12",
            "price": "12.88",
            "revenue": 309214
        },
        "2003-01": {
            "month": "2003-01",
            "price": "12.80",
            "revenue": 176548
        },
        "2003-02": {
            "month": "2003-02",
            "price": "12.63",
            "revenue": 136071
        },
        "2003-03": {
            "month": "2003-03",
            "price": "12.60",
            "revenue": 153814
        },
        "2003-04": {
            "month": "2003-04",
            "price": "12.37",
            "revenue": 160551
        },
        "2003-05": {
            "month": "2003-05",
            "price": "10.82",
            "revenue": 171331
        },
        "2003-06": {
            "month": "2003-06",
            "price": "12.06",
            "revenue": 202202
        },
        "2003-07": {
            "month": "2003-07",
            "price": "13.00",
            "revenue": 171591
        },
        "2003-08": {
            "month": "2003-08",
            "price": "11.98",
            "revenue": 186055
        },
        "2003-09": {
            "month": "2003-09",
            "price": "10.78",
            "revenue": 165022
        },
        "2003-10": {
            "month": "2003-10",
            "price": "10.75",
            "revenue": 169566
        },
        "2003-11": {
            "month": "2003-11",
            "price": "10.98",
            "revenue": 209292
        },
        "2003-12": {
            "month": "2003-12",
            "price": "11.11",
            "revenue": 334096
        },
        "2004-01": {
            "month": "2004-01",
            "price": "12.01",
            "revenue": 111993
        },
        "2004-02": {
            "month": "2004-02",
            "price": "12.92",
            "revenue": 124255
        },
        "2004-03": {
            "month": "2004-03",
            "price": "12.29",
            "revenue": 154342
        },
        "2004-04": {
            "month": "2004-04",
            "price": "11.93",
            "revenue": 139209
        },
        "2004-05": {
            "month": "2004-05",
            "price": "11.50",
            "revenue": 150377
        },
        "2004-06": {
            "month": "2004-06",
            "price": "10.94",
            "revenue": 263511
        },
        "2004-07": {
            "month": "2004-07",
            "price": "10.12",
            "revenue": 177132
        },
        "2004-08": {
            "month": "2004-08",
            "price": "9.41",
            "revenue": 143569
        },
        "2004-09": {
            "month": "2004-09",
            "price": "8.61",
            "revenue": 184525
        },
        "2004-10": {
            "month": "2004-10",
            "price": "7.52",
            "revenue": 192091
        },
        "2004-11": {
            "month": "2004-11",
            "price": "7.06",
            "revenue": 176192
        },
        "2004-12": {
            "month": "2004-12",
            "price": "7.25",
            "revenue": 287697
        },
        "2005-01": {
            "month": "2005-01",
            "price": "7.25",
            "revenue": 130635
        },
        "2005-02": {
            "month": "2005-02",
            "price": "7.96",
            "revenue": 126623
        },
        "2005-03": {
            "month": "2005-03",
            "price": "8.11",
            "revenue": 168575
        },
        "2005-04": {
            "month": "2005-04",
            "price": "7.69",
            "revenue": 175883
        },
        "2005-05": {
            "month": "2005-05",
            "price": "7.77",
            "revenue": 150699
        },
        "2005-06": {
            "month": "2005-06",
            "price": "8.32",
            "revenue": 158247
        },
        "2005-07": {
            "month": "2005-07",
            "price": "10.80",
            "revenue": 146332
        },
        "2005-08": {
            "month": "2005-08",
            "price": "8.65",
            "revenue": 153970
        },
        "2005-09": {
            "month": "2005-09",
            "price": "8.08",
            "revenue": 154789
        },
        "2005-10": {
            "month": "2005-10",
            "price": "7.60",
            "revenue": 146625
        },
        "2005-11": {
            "month": "2005-11",
            "price": "7.76",
            "revenue": 174978
        },
        "2005-12": {
            "month": "2005-12",
            "price": "8.65",
            "revenue": 194323
        },
        "2006-01": {
            "month": "2006-01",
            "price": "8.85",
            "revenue": 128233
        },
        "2006-02": {
            "month": "2006-02",
            "price": "8.28",
            "revenue": 106171
        },
        "2006-03": {
            "month": "2006-03",
            "price": "8.01",
            "revenue": 215527
        },
        "2006-04": {
            "month": "2006-04",
            "price": "8.44",
            "revenue": 225016
        },
        "2006-05": {
            "month": "2006-05",
            "price": "9.59",
            "revenue": 112268
        },
        "2006-06": {
            "month": "2006-06",
            "price": "9.24",
            "revenue": 135278
        },
        "2006-07": {
            "month": "2006-07",
            "price": "8.91",
            "revenue": 130298
        },
        "2006-08": {
            "month": "2006-08",
            "price": "8.76",
            "revenue": 181046
        },
        "2006-09": {
            "month": "2006-09",
            "price": "8.70",
            "revenue": 204882
        },
        "2006-10": {
            "month": "2006-10",
            "price": "9.99",
            "revenue": 122132
        },
        "2006-11": {
            "month": "2006-11",
            "price": "11.02",
            "revenue": 172515
        },
        "2006-12": {
            "month": "2006-12",
            "price": "12.54",
            "revenue": 141551
        },
        "2007-01": {
            "month": "2007-01",
            "price": "13.13",
            "revenue": 148855
        },
        "2007-02": {
            "month": "2007-02",
            "price": "13.19",
            "revenue": 81452
        },
        "2007-03": {
            "month": "2007-03",
            "price": "13.94",
            "revenue": 137745
        },
        "2007-04": {
            "month": "2007-04",
            "price": "15.22",
            "revenue": 153143
        },
        "2007-05": {
            "month": "2007-05",
            "price": "14.28",
            "revenue": 137199
        },
        "2007-06": {
            "month": "2007-06",
            "price": "15.44",
            "revenue": 152144
        },
        "2007-07": {
            "month": "2007-07",
            "price": "17.24",
            "revenue": 137991
        },
        "2007-08": {
            "month": "2007-08",
            "price": "16.91",
            "revenue": 156703
        },
        "2007-09": {
            "month": "2007-09",
            "price": "14.67",
            "revenue": 171851
        },
        "2007-10": {
            "month": "2007-10",
            "price": "14.05",
            "revenue": 180542
        },
        "2007-11": {
            "month": "2007-11",
            "price": "15.84",
            "revenue": 184604
        },
        "2007-12": {
            "month": "2007-12",
            "price": "15.18",
            "revenue": 200052
        },
        "2008-01": {
            "month": "2008-01",
            "price": "14.52",
            "revenue": 154914
        },
        "2008-02": {
            "month": "2008-02",
            "price": "13.91",
            "revenue": 102472
        },
        "2008-03": {
            "month": "2008-03",
            "price": "14.13",
            "revenue": 162204
        },
        "2008-04": {
            "month": "2008-04",
            "price": "14.70",
            "revenue": 172236
        },
        "2008-05": {
            "month": "2008-05",
            "price": "14.45",
            "revenue": 146993
        },
        "2008-06": {
            "month": "2008-06",
            "price": "12.86",
            "revenue": 157599
        },
        "2008-07": {
            "month": "2008-07",
            "price": "10.52",
            "revenue": 123121
        },
        "2008-08": {
            "month": "2008-08",
            "price": "10.05",
            "revenue": 149957
        },
        "2008-09": {
            "month": "2008-09",
            "price": "9.01",
            "revenue": 159904
        },
        "2008-10": {
            "month": "2008-10",
            "price": "7.94",
            "revenue": 171850
        },
        "2008-11": {
            "month": "2008-11",
            "price": "6.70",
            "revenue": 148273
        },
        "2008-12": {
            "month": "2008-12",
            "price": "6.29",
            "revenue": 165047
        },
        "2009-01": {
            "month": "2009-01",
            "price": "6.50",
            "revenue": 94754
        },
        "2009-02": {
            "month": "2009-02",
            "price": "7.37",
            "revenue": 190287
        },
        "2009-03": {
            "month": "2009-03",
            "price": "8.95",
            "revenue": 141554
        },
        "2009-04": {
            "month": "2009-04",
            "price": "10.36",
            "revenue": 124358
        },
        "2009-05": {
            "month": "2009-05",
            "price": "10.86",
            "revenue": 114881
        },
        "2009-06": {
            "month": "2009-06",
            "price": "10.70",
            "revenue": 166993
        },
        "2009-07": {
            "month": "2009-07",
            "price": "11.41",
            "revenue": 118345
        },
        "2009-08": {
            "month": "2009-08",
            "price": "11.06",
            "revenue": 144228
        },
        "2009-09": {
            "month": "2009-09",
            "price": "11.25",
            "revenue": 190808
        },
        "2009-10": {
            "month": "2009-10",
            "price": "12.34",
            "revenue": 216376
        },
        "2009-11": {
            "month": "2009-11",
            "price": "12.85",
            "revenue": 191032
        },
        "2009-12": {
            "month": "2009-12",
            "price": "15.01",
            "revenue": 248787
        },
        "2010-01": {
            "month": "2010-01",
            "price": "15.00",
            "revenue": 117484
        },
        "2010-02": {
            "month": "2010-02",
            "price": "12.91",
            "revenue": 112904
        },
        "2010-03": {
            "month": "2010-03",
            "price": "14.73",
            "revenue": 119689
        },
        "2010-04": {
            "month": "2010-04",
            "price": "17.99",
            "revenue": 146835
        },
        "2010-05": {
            "month": "2010-05",
            "price": "17.97",
            "revenue": 124495
        },
        "2010-06": {
            "month": "2010-06",
            "price": "17.10",
            "revenue": 174495
        },
        "2010-07": {
            "month": "2010-07",
            "price": "21.07",
            "revenue": 98955
        },
        "2010-08": {
            "month": "2010-08",
            "price": "18.97",
            "revenue": 114183
        },
        "2010-09": {
            "month": "2010-09",
            "price": "17.60",
            "revenue": 125720
        },
        "2010-10": {
            "month": "2010-10",
            "price": "16.42",
            "revenue": 231314
        },
        "2010-11": {
            "month": "2010-11",
            "price": "14.95",
            "revenue": 125582
        },
        "2010-12": {
            "month": "2010-12",
            "price": "15.53",
            "revenue": 162282
        },
        "2011-01": {
            "month": "2011-01",
            "price": "14.63",
            "revenue": 93180
        },
        "2011-02": {
            "month": "2011-02",
            "price": "14.38",
            "revenue": 79376
        },
        "2011-03": {
            "month": "2011-03",
            "price": "14.42",
            "revenue": 142568
        },
        "2011-04": {
            "month": "2011-04",
            "price": "14.49",
            "revenue": 97484
        },
        "2011-05": {
            "month": "2011-05",
            "price": "13.65",
            "revenue": 113522
        },
        "2011-06": {
            "month": "2011-06",
            "price": "13.93",
            "revenue": 119278
        },
        "2011-07": {
            "month": "2011-07",
            "price": "13.37",
            "revenue": 209531
        },
        "2011-08": {
            "month": "2011-08",
            "price": "12.73",
            "revenue": 132647
        },
        "2011-09": {
            "month": "2011-09",
            "price": "14.16",
            "revenue": 129306
        },
        "2011-10": {
            "month": "2011-10",
            "price": "12.09",
            "revenue": 101139
        },
        "2011-11": {
            "month": "2011-11",
            "price": "10.99",
            "revenue": 103484
        },
        "2011-12": {
            "month": "2011-12",
            "price": "10.03",
            "revenue": 202501
        },
        "2012-01": {
            "month": "2012-01",
            "price": "10.00",
            "revenue": 77866
        },
        "2012-02": {
            "month": "2012-02",
            "price": "11.85",
            "revenue": 118043
        },
        "2012-03": {
            "month": "2012-03",
            "price": "12.16",
            "revenue": 131017
        },
        "2012-04": {
            "month": "2012-04",
            "price": "11.82",
            "revenue": 159319
        },
        "2012-05": {
            "month": "2012-05",
            "price": "10.96",
            "revenue": 95962
        },
        "2012-06": {
            "month": "2012-06",
            "price": "10.38",
            "revenue": 129723
        },
        "2012-07": {
            "month": "2012-07",
            "price": "10.21",
            "revenue": 119821
        },
        "2012-08": {
            "month": "2012-08",
            "price": "10.08",
            "revenue": 127132
        },
        "2012-09": {
            "month": "2012-09",
            "price": "10.64",
            "revenue": 123415
        },
        "2012-10": {
            "month": "2012-10",
            "price": "10.24",
            "revenue": 144958
        },
        "2012-11": {
            "month": "2012-11",
            "price": "9.15",
            "revenue": 143620
        },
        "2012-12": {
            "month": "2012-12",
            "price": "9.71",
            "revenue": 157450
        },
        "2013-01": {
            "month": "2013-01",
            "price": "9.99",
            "revenue": 124491
        },
        "2013-02": {
            "month": "2013-02",
            "price": "10.07",
            "revenue": 84420
        },
        "2013-03": {
            "month": "2013-03",
            "price": "10.02",
            "revenue": 104227
        },
        "2013-04": {
            "month": "2013-04",
            "price": "9.98",
            "revenue": 127852
        },
        "2013-05": {
            "month": "2013-05",
            "price": "10.10",
            "revenue": 109680
        },
        "2013-06": {
            "month": "2013-06",
            "price": "10.09",
            "revenue": 124291
        },
        "2013-07": {
            "month": "2013-07",
            "price": "9.81",
            "revenue": 114864
        },
        "2013-08": {
            "month": "2013-08",
            "price": "10.31",
            "revenue": 124116
        },
        "2013-09": {
            "month": "2013-09",
            "price": "10.64",
            "revenue": 100108
        },
        "2013-10": {
            "month": "2013-10",
            "price": "10.78",
            "revenue": 108620
        },
        "2013-11": {
            "month": "2013-11",
            "price": "10.37",
            "revenue": 137393
        },
        "2013-12": {
            "month": "2013-12",
            "price": "10.81",
            "revenue": 193538
        },
        "2014-01": {
            "month": "2014-01",
            "price": "11.75",
            "revenue": 78656
        },
        "2014-02": {
            "month": "2014-02",
            "price": "11.55",
            "revenue": 196881
        },
        "2014-03": {
            "month": "2014-03",
            "price": "13.91",
            "revenue": 131579
        },
        "2014-04": {
            "month": "2014-04",
            "price": "15.45",
            "revenue": 97790
        },
        "2014-05": {
            "month": "2014-05",
            "price": "14.17",
            "revenue": 123207
        },
        "2014-06": {
            "month": "2014-06",
            "price": "15.34",
            "revenue": 129129
        },
        "2014-07": {
            "month": "2014-07",
            "price": "15.98",
            "revenue": 90947
        },
        "2014-08": {
            "month": "2014-08",
            "price": "14.29",
            "revenue": 159872
        },
        "2014-09": {
            "month": "2014-09",
            "price": "13.30",
            "revenue": 122818
        },
        "2014-10": {
            "month": "2014-10",
            "price": "12.93",
            "revenue": 122709
        },
        "2014-11": {
            "month": "2014-11",
            "price": "12.70",
            "revenue": 95231
        },
        "2014-12": {
            "month": "2014-12",
            "price": "12.63",
            "revenue": 182593
        },
        "2015-01": {
            "month": "2015-01",
            "price": "13.22",
            "revenue": 110919
        },
        "2015-02": {
            "month": "2015-02",
            "price": "13.07",
            "revenue": 81255
        },
        "2015-03": {
            "month": "2015-03",
            "price": "12.89",
            "revenue": 126682
        },
        "2015-04": {
            "month": "2015-04",
            "price": "12.71",
            "revenue": 134114
        },
        "2015-05": {
            "month": "2015-05",
            "price": "11.97",
            "revenue": 88286
        },
        "2015-06": {
            "month": "2015-06",
            "price": "11.19",
            "revenue": 142211
        },
        "2015-07": {
            "month": "2015-07",
            "price": "10.89",
            "revenue": 120593
        },
        "2015-08": {
            "month": "2015-08",
            "price": "10.54",
            "revenue": 103810
        },
        "2015-09": {
            "month": "2015-09",
            "price": "10.10",
            "revenue": 112662
        },
        "2015-10": {
            "month": "2015-10",
            "price": "10.46",
            "revenue": 125179
        },
        "2015-11": {
            "month": "2015-11",
            "price": "10.54",
            "revenue": 110635
        },
        "2015-12": {
            "month": "2015-12",
            "price": "10.22",
            "revenue": 198178
        },
        "2016-01": {
            "month": "2016-01",
            "price": "10.23",
            "revenue": 93279
        },
        "2016-02": {
            "month": "2016-02",
            "price": "10.17",
            "revenue": 80156
        },
        "2016-03": {
            "month": "2016-03",
            "price": "10.54",
            "revenue": 138127
        },
        "2016-04": {
            "month": "2016-04",
            "price": "10.73",
            "revenue": 98958
        },
        "2016-05": {
            "month": "2016-05",
            "price": "10.35",
            "revenue": 126610
        },
        "2016-06": {
            "month": "2016-06",
            "price": "10.51",
            "revenue": 130891
        },
        "2016-07": {
            "month": "2016-07",
            "price": "10.77",
            "revenue": 104913
        },
        "2016-08": {
            "month": "2016-08",
            "price": "10.98",
            "revenue": 119371
        },
        "2016-09": {
            "month": "2016-09",
            "price": "11.16",
            "revenue": 113679
        },
        "2016-10": {
            "month": "2016-10",
            "price": "11.03",
            "revenue": 84343
        },
        "2016-11": {
            "month": "2016-11",
            "price": "10.50",
            "revenue": 161916
        },
        "2016-12": {
            "month": "2016-12",
            "price": "10.56",
            "revenue": 172349
        },
        "2017-01": {
            "month": "2017-01",
            "price": "10.60",
            "revenue": 109335
        },
        "2017-02": {
            "month": "2017-02",
            "price": "11.19",
            "revenue": 82048
        },
        "2017-03": {
            "month": "2017-03",
            "price": "11.31",
            "revenue": 107797
        },
        "2017-04": {
            "month": "2017-04",
            "price": "11.45",
            "revenue": 79864
        },
        "2017-05": {
            "month": "2017-05",
            "price": "11.34",
            "revenue": 87928
        },
        "2017-06": {
            "month": "2017-06",
            "price": "11.15",
            "revenue": 137880
        },
        "2017-07": {
            "month": "2017-07",
            "price": "11.05",
            "revenue": 92568
        },
        "2017-08": {
            "month": "2017-08",
            "price": "10.84",
            "revenue": 156331
        },
        "2017-09": {
            "month": "2017-09",
            "price": "11.26",
            "revenue": 102062
        },
        "2017-10": {
            "month": "2017-10",
            "price": "11.28",
            "revenue": 111657
        },
        "2017-11": {
            "month": "2017-11",
            "price": "11.35",
            "revenue": 120419
        },
        "2017-12": {
            "month": "2017-12",
            "price": "11.14",
            "revenue": 180816
        },
        "2018-01": {
            "month": "2018-01",
            "price": "12.36",
            "revenue": 108798
        },
        "2018-02": {
            "month": "2018-02",
            "price": "12.03",
            "revenue": 75005
        },
        "2018-03": {
            "month": "2018-03",
            "price": "12.69",
            "revenue": 156853
        },
        "2018-04": {
            "month": "2018-04",
            "price": "12.81",
            "revenue": 136535
        },
        "2018-05": {
            "month": "2018-05",
            "price": "12.39",
            "revenue": 117423
        },
        "2018-06": {
            "month": "2018-06",
            "price": "12.26",
            "revenue": 124131
        },
        "2018-07": {
            "month": "2018-07",
            "price": "11.68",
            "revenue": 119138
        },
        "2018-08": {
            "month": "2018-08",
            "price": "11.20",
            "revenue": 139281
        },
        "2018-09": {
            "month": "2018-09",
            "price": "11.16",
            "revenue": 259939
        },
        "2018-10": {
            "month": "2018-10",
            "price": "12.04",
            "revenue": 150301
        },
        "2018-11": {
            "month": "2018-11",
            "price": "11.92",
            "revenue": 147884
        },
        "2018-12": {
            "month": "2018-12",
            "price": "11.15",
            "revenue": 123435
        },
        "2019-01": {
            "month": "2019-01",
            "price": "10.80",
            "revenue": 112149
        },
        "2019-02": {
            "month": "2019-02",
            "price": "11.32",
            "revenue": 109292
        },
        "2019-03": {
            "month": "2019-03",
            "price": "12.06",
            "revenue": 169755
        },
        "2019-04": {
            "month": "2019-04",
            "price": "12.18",
            "revenue": 171278
        },
        "2019-05": {
            "month": "2019-05",
            "price": "11.93",
            "revenue": 122944
        },
        "2019-06": {
            "month": "2019-06",
            "price": "11.88",
            "revenue": 158035
        },
        "2019-07": {
            "month": "2019-07",
            "price": "12.37",
            "revenue": 199973
        },
        "2019-08": {
            "month": "2019-08",
            "price": "12.66",
            "revenue": 189241
        },
        "2019-09": {
            "month": "2019-09",
            "price": "12.54",
            "revenue": 226089
        },
        "2019-10": {
            "month": "2019-10",
            "price": "12.57",
            "revenue": 228512
        },
        "2019-11": {
            "month": "2019-11",
            "price": "12.60",
            "revenue": 239796
        },
        "2019-12": {
            "month": "2019-12",
            "price": "12.60",
            "revenue": 292877
        },
        "2020-01": {
            "month": "2020-01",
            "price": "13.23",
            "revenue": 188630
        },
        "2020-02": {
            "month": "2020-02",
            "price": "12.76",
            "revenue": 220755
        },
        "2020-03": {
            "month": "2020-03",
            "price": "12.84",
            "revenue": 128088
        },
        "2020-04": {
            "month": "2020-04",
            "price": "12.51",
            "revenue": 162323
        },
        "2020-05": {
            "month": "2020-05",
            "price": "12.57",
            "revenue": 157256
        },
        "2020-06": {
            "month": "2020-06",
            "price": "14.33",
            "revenue": 143241
        },
        "2020-07": {
            "month": "2020-07",
            "price": "14.96",
            "revenue": 212289
        },
        "2020-08": {
            "month": "2020-08",
            "price": "14.18",
            "revenue": 246214
        },
        "2020-09": {
            "month": "2020-09",
            "price": "13.58",
            "revenue": 216040
        },
        "2020-10": {
            "month": "2020-10",
            "price": "13.14",
            "revenue": 135853
        },
        "2020-11": {
            "month": "2020-11",
            "price": "13.16",
            "revenue": 144041
        },
        "2020-12": {
            "month": "2020-12",
            "price": "13.68",
            "revenue": 206268
        },
        "2021-01": {
            "month": "2021-01",
            "price": "13.20",
            "revenue": 191072
        },
        "2021-02": {
            "month": "2021-02",
            "price": "12.91",
            "revenue": 136224
        },
        "2021-03": {
            "month": "2021-03",
            "price": "13.34",
            "revenue": 207303
        },
        "2021-04": {
            "month": "2021-04",
            "price": "14.26",
            "revenue": 226481
        },
        "2021-05": {
            "month": "2021-05",
            "price": "14.31",
            "revenue": 161987
        },
        "2021-06": {
            "month": "2021-06",
            "price": "13.61",
            "revenue": 145487
        },
        "2021-07": {
            "month": "2021-07",
            "price": "13.46",
            "revenue": 184115
        },
        "2021-08": {
            "month": "2021-08",
            "price": "13.07",
            "revenue": 166050
        },
        "2021-09": {
            "month": "2021-09",
            "price": "13.00",
            "revenue": 161825
        },
        "2021-10": {
            "month": "2021-10",
            "price": "13.04",
            "revenue": 126486
        },
        "2021-11": {
            "month": "2021-11",
            "price": "13.44",
            "revenue": 217247
        },
        "2021-12": {
            "month": "2021-12",
            "price": "13.61",
            "revenue": 224226
        },
        "2022-01": {
            "month": "2022-01",
            "price": "13.69",
            "revenue": 186204
        },
        "2022-02": {
            "month": "2022-02",
            "price": "13.51",
            "revenue": 132089
        },
        "2022-03": {
            "month": "2022-03",
            "price": "13.33",
            "revenue": 204020
        },
        "2022-04": {
            "month": "2022-04",
            "price": "13.39",
            "revenue": 153887
        },
        "2022-05": {
            "month": "2022-05",
            "price": "13.05",
            "revenue": 186493
        },
        "2022-06": {
            "month": "2022-06",
            "price": "13.03",
            "revenue": 178199
        },
        "2022-07": {
            "month": "2022-07",
            "price": "12.64",
            "revenue": 198200
        },
        "2022-08": {
            "month": "2022-08",
            "price": "17.53",
            "revenue": 196864
        },
        "2022-09": {
            "month": "2022-09",
            "price": "18.21",
            "revenue": 246647
        },
        "2022-10": {
            "month": "2022-10",
            "price": "19.26",
            "revenue": 176053
        },
        "2022-11": {
            "month": "2022-11",
            "price": "28.19",
            "revenue": 214384
        },
        "2022-12": {
            "month": "2022-12",
            "price": "28.19",
            "revenue": 260993
        },
        "2023-01": {
            "month": "2023-01",
            "price": "26.98",
            "revenue": 145299
        },
        "2023-02": {
            "month": "2023-02",
            "price": "29.11",
            "revenue": 123540
        },
        "2023-03": {
            "month": "2023-03",
            "price": "26.33",
            "revenue": 220329
        },
        "2023-04": {
            "month": "2023-04",
            "price": "25.36",
            "revenue": 187425
        }
    }
}
