{
    "summary": {
        "stock_name": "資通",
        "stock_id": "2471",
        "category": "資訊服務",
        "main_business": "應用套裝軟體之分析.設計.修改.安裝及維護等業務.<br>各型電腦設備.網路設備及其相關軟體之買賣.<br>有關前項之系統整合.網路規劃.資料庫管理及應用軟體設計等.",
        "website_url": "http://www.ares.com.tw",
        "ceo": "林聖懿",
        "pe_ratio": 22,
        "report_year_from": 2001,
        "report_year_to": 2023,
        "age": 22,
        "eps_negative_percentage": 26,
        "eps_growth_avg": {
            "last_all": -1.13,
            "last_2y": 21.15,
            "last_4y": 37.53,
            "last_8y": 22.99,
            "last_12y": 23.58,
            "last_16y": 14.08,
            "last_20y": -1.13,
            "at_2006_last_3y": -100,
            "at_2007_last_3y": -100,
            "at_2008_last_3y": -100,
            "at_2009_last_3y": -100,
            "at_2010_last_3y": -100,
            "at_2011_last_3y": 100,
            "at_2012_last_3y": 59.18,
            "at_2013_last_3y": 25.37,
            "at_2014_last_3y": 24.35,
            "at_2015_last_3y": -10.38,
            "at_2016_last_3y": 10.03,
            "at_2017_last_3y": 4.81,
            "at_2018_last_3y": 20.7,
            "at_2019_last_3y": 40.27,
            "at_2020_last_3y": 20.56,
            "at_2021_last_3y": 40.71,
            "at_2022_last_3y": 25.7,
            "at_2023_last_3y": 25.7,
            "at_2006_last_all": -100,
            "at_2007_last_all": -100,
            "at_2008_last_all": -100,
            "at_2009_last_all": -100,
            "at_2010_last_all": -100,
            "at_2011_last_all": -50,
            "at_2012_last_all": -36.33,
            "at_2013_last_all": -37.32,
            "at_2014_last_all": -28.94,
            "at_2015_last_all": -30.19,
            "at_2016_last_all": -15.73,
            "at_2017_last_all": -20.47,
            "at_2018_last_all": -10.89,
            "at_2019_last_all": -6.71,
            "at_2020_last_all": -4.56,
            "at_2021_last_all": -2.99,
            "at_2022_last_all": -1.13,
            "at_2023_last_all": -1.13
        },
        "latest_eps": 2.78,
        "latest_price": 62,
        "latest_roe": 15.17,
        "latest_gross_margin": 33.12,
        "latest_equity": 885464,
        "latest_revenue": 199564,
        "latest_gross_profit": 66096,
        "latest_net_income": 8562,
        "latest_debt_ratio": 35.32,
        "latest_current_ratio": 317.65,
        "latest_account_receivable_turnover_ratio": 1.78,
        "latest_inventory_turnover_ratio": null,
        "latest_reinvestment_rate": 17.4,
        "latest_research_to_sale_ratio": 14.87
    },
    "eps_dividends": {
        "1997": {
            "cash": 0.17,
            "stock": 1,
            "eps": 0
        },
        "1998": {
            "cash": 0,
            "stock": 1.5,
            "eps": 0
        },
        "1999": {
            "cash": 0,
            "stock": 1.9,
            "eps": 0
        },
        "2000": {
            "cash": 0,
            "stock": 2.5,
            "eps": 0
        },
        "2001": {
            "cash": 0,
            "stock": 1.6,
            "eps": 0.76
        },
        "2002": {
            "cash": 0,
            "stock": 0.5,
            "eps": -1.02
        },
        "2003": {
            "cash": 0,
            "stock": 0,
            "eps": -0.08
        },
        "2004": {
            "cash": 0,
            "stock": 0,
            "eps": 0.16
        },
        "2005": {
            "cash": 0,
            "stock": 0,
            "eps": -0.99
        },
        "2006": {
            "cash": 0,
            "stock": 0,
            "eps": 0.76
        },
        "2007": {
            "cash": 0.6,
            "stock": 0,
            "eps": -0.74
        },
        "2008": {
            "cash": 0,
            "stock": 0,
            "eps": -1.06
        },
        "2009": {
            "cash": 0,
            "stock": 0,
            "eps": -0.52
        },
        "2010": {
            "cash": 0,
            "stock": 0,
            "eps": 0.56
        },
        "2011": {
            "cash": 2.4,
            "stock": 0,
            "eps": 1.58
        },
        "2012": {
            "cash": 0,
            "stock": 0,
            "eps": 1.87
        },
        "2013": {
            "cash": 1.5,
            "stock": 0,
            "eps": 1.08
        },
        "2014": {
            "cash": 1,
            "stock": 0,
            "eps": 1.31
        },
        "2015": {
            "cash": 1.2,
            "stock": 0,
            "eps": 0.8
        },
        "2016": {
            "cash": 1,
            "stock": 0,
            "eps": 1.79
        },
        "2017": {
            "cash": 1.34,
            "stock": 0,
            "eps": 0.66
        },
        "2018": {
            "cash": 1,
            "stock": 0,
            "eps": 1.22
        },
        "2019": {
            "cash": 1.2,
            "stock": 0,
            "eps": 1.7
        },
        "2020": {
            "cash": 1.42,
            "stock": 0,
            "eps": 2.06
        },
        "2021": {
            "cash": 1.5,
            "stock": 0,
            "eps": 2.42
        },
        "2022": {
            "cash": 2.24,
            "stock": 0,
            "eps": 3.02
        },
        "2023": {
            "cash": 2.83,
            "stock": 0,
            "eps": 0.18
        }
    },
    "dividends": {
        "1997-03-31": {
            "cash": 0.17,
            "stock": 1
        },
        "1998-04-24": {
            "cash": 0,
            "stock": 1.5
        },
        "1999-06-17": {
            "cash": 0,
            "stock": 1.9
        },
        "2000-05-25": {
            "cash": 0,
            "stock": 2.5
        },
        "2001-05-10": {
            "cash": 0,
            "stock": 1.6
        },
        "2002-05-27": {
            "cash": 0,
            "stock": 0.5
        },
        "2007-03-27": {
            "cash": 0.6,
            "stock": 0
        },
        "2011-01-01": {
            "cash": 1.2,
            "stock": 0
        },
        "2011-03-22": {
            "cash": 1.2,
            "stock": 0
        },
        "2013-03-28": {
            "cash": 1.5,
            "stock": 0
        },
        "2014-09-01": {
            "cash": 1,
            "stock": 0
        },
        "2015-09-01": {
            "cash": 1.2,
            "stock": 0
        },
        "2016-03-25": {
            "cash": 1,
            "stock": 0
        },
        "2017-10-13": {
            "cash": 1.34,
            "stock": 0
        },
        "2018-08-30": {
            "cash": 1,
            "stock": 0
        },
        "2019-08-21": {
            "cash": 1.2,
            "stock": 0
        },
        "2020-08-27": {
            "cash": 1.42,
            "stock": 0
        },
        "2021-09-15": {
            "cash": 1.5,
            "stock": 0
        },
        "2022-08-12": {
            "cash": 2.24,
            "stock": 0
        },
        "2023-03-22": {
            "cash": 2.83,
            "stock": 0
        }
    },
    "prices": {
        "200101": "無",
        "200102": "無",
        "200103": "無",
        "200104": "無",
        "200105": "無",
        "200106": "無",
        "200107": "無",
        "200108": "無",
        "200109": "12.02",
        "200110": "11.82",
        "200111": "13.90",
        "200112": "22.97",
        "200201": "27.65",
        "200202": "27.62",
        "200203": "28.78",
        "200204": "27.06",
        "200205": "19.96",
        "200206": "17.89",
        "200207": "15.04",
        "200208": "13.91",
        "200209": "13.02",
        "200210": "13.03",
        "200211": "13.70",
        "200212": "11.69",
        "200301": "12.57",
        "200302": "12.73",
        "200303": "11.90",
        "200304": "10.68",
        "200305": "10.04",
        "200306": "13.08",
        "200307": "14.72",
        "200308": "13.80",
        "200309": "13.02",
        "200310": "12.79",
        "200311": "12.94",
        "200312": "14.11",
        "200401": "15.98",
        "200402": "16.81",
        "200403": "15.73",
        "200404": "16.57",
        "200405": "14.49",
        "200406": "13.04",
        "200407": "12.10",
        "200408": "12.22",
        "200409": "13.39",
        "200410": "13.52",
        "200411": "12.64",
        "200412": "12.20",
        "200501": "12.08",
        "200502": "12.32",
        "200503": "12.59",
        "200504": "11.22",
        "200505": "9.55",
        "200506": "9.97",
        "200507": "11.35",
        "200508": "10.46",
        "200509": "9.57",
        "200510": "9.62",
        "200511": "9.80",
        "200512": "9.69",
        "200601": "10.05",
        "200602": "9.18",
        "200603": "7.78",
        "200604": "8.02",
        "200605": "8.24",
        "200606": "7.36",
        "200607": "7.18",
        "200608": "7.06",
        "200609": "6.85",
        "200610": "7.26",
        "200611": "8.00",
        "200612": "10.08",
        "200701": "12.66",
        "200702": "12.73",
        "200703": "12.50",
        "200704": "12.97",
        "200705": "12.38",
        "200706": "15.25",
        "200707": "16.90",
        "200708": "15.12",
        "200709": "13.62",
        "200710": "12.52",
        "200711": "9.75",
        "200712": "8.87",
        "200801": "8.58",
        "200802": "9.30",
        "200803": "9.92",
        "200804": "10.44",
        "200805": "10.31",
        "200806": "8.53",
        "200807": "7.23",
        "200808": "7.04",
        "200809": "5.89",
        "200810": "4.90",
        "200811": "4.26",
        "200812": "4.34",
        "200901": "4.37",
        "200902": "4.74",
        "200903": "5.43",
        "200904": "6.10",
        "200905": "7.09",
        "200906": "7.02",
        "200907": "7.09",
        "200908": "8.27",
        "200909": "9.43",
        "200910": "9.52",
        "200911": "10.20",
        "200912": "17.42",
        "201001": "18.66",
        "201002": "18.73",
        "201003": "25.22",
        "201004": "36.81",
        "201005": "34.30",
        "201006": "36.10",
        "201007": "35.42",
        "201008": "30.52",
        "201009": "28.57",
        "201010": "31.21",
        "201011": "29.35",
        "201012": "29.92",
        "201101": "27.96",
        "201102": "25.92",
        "201103": "24.18",
        "201104": "25.00",
        "201105": "25.79",
        "201106": "27.86",
        "201107": "26.68",
        "201108": "22.01",
        "201109": "19.90",
        "201110": "19.83",
        "201111": "17.92",
        "201112": "14.21",
        "201201": "14.83",
        "201202": "20.02",
        "201203": "19.30",
        "201204": "17.52",
        "201205": "17.83",
        "201206": "17.52",
        "201207": "16.79",
        "201208": "17.30",
        "201209": "17.76",
        "201210": "16.52",
        "201211": "15.12",
        "201212": "16.13",
        "201301": "16.27",
        "201302": "16.44",
        "201303": "17.55",
        "201304": "19.10",
        "201305": "19.50",
        "201306": "19.10",
        "201307": "19.03",
        "201308": "21.12",
        "201309": "18.06",
        "201310": "17.55",
        "201311": "17.45",
        "201312": "17.80",
        "201401": "18.99",
        "201402": "18.11",
        "201403": "18.78",
        "201404": "19.26",
        "201405": "18.77",
        "201406": "19.14",
        "201407": "18.29",
        "201408": "16.12",
        "201409": "15.66",
        "201410": "14.52",
        "201411": "14.48",
        "201412": "15.17",
        "201501": "16.28",
        "201502": "15.77",
        "201503": "15.76",
        "201504": "17.47",
        "201505": "16.20",
        "201506": "15.55",
        "201507": "15.16",
        "201508": "12.33",
        "201509": "12.31",
        "201510": "14.57",
        "201511": "13.84",
        "201512": "12.97",
        "201601": "12.89",
        "201602": "13.23",
        "201603": "13.88",
        "201604": "15.20",
        "201605": "14.88",
        "201606": "14.31",
        "201607": "14.26",
        "201608": "13.31",
        "201609": "13.40",
        "201610": "13.52",
        "201611": "13.35",
        "201612": "14.09",
        "201701": "15.15",
        "201702": "15.28",
        "201703": "15.74",
        "201704": "16.90",
        "201705": "16.07",
        "201706": "16.22",
        "201707": "16.77",
        "201708": "16.43",
        "201709": "16.24",
        "201710": "15.28",
        "201711": "15.10",
        "201712": "14.53",
        "201801": "15.21",
        "201802": "14.99",
        "201803": "15.20",
        "201804": "15.34",
        "201805": "15.05",
        "201806": "15.20",
        "201807": "15.11",
        "201808": "14.62",
        "201809": "14.85",
        "201810": "14.48",
        "201811": "14.38",
        "201812": "14.71",
        "201901": "14.66",
        "201902": "14.90",
        "201903": "16.16",
        "201904": "17.83",
        "201905": "17.63",
        "201906": "17.62",
        "201907": "18.08",
        "201908": "17.37",
        "201909": "19.76",
        "201910": "19.00",
        "201911": "18.19",
        "201912": "18.48",
        "202001": "18.95",
        "202002": "18.80",
        "202003": "17.83",
        "202004": "21.40",
        "202005": "22.34",
        "202006": "22.55",
        "202007": "22.66",
        "202008": "20.84",
        "202009": "20.07",
        "202010": "20.63",
        "202011": "21.86",
        "202012": "24.78",
        "202101": "26.89",
        "202102": "27.12",
        "202103": "29.02",
        "202104": "30.21",
        "202105": "26.47",
        "202106": "26.09",
        "202107": "26.00",
        "202108": "24.86",
        "202109": "23.32",
        "202110": "22.18",
        "202111": "24.35",
        "202112": "25.80",
        "202201": "25.73",
        "202202": "25.20",
        "202203": "26.06",
        "202204": "28.13",
        "202205": "27.03",
        "202206": "27.51",
        "202207": "27.07",
        "202208": "27.42",
        "202209": "27.03",
        "202210": "25.63",
        "202211": "26.55",
        "202212": "27.46",
        "202301": "28.32",
        "202302": "34.45",
        "202303": "45.42",
        "202304": "55.11",
        "202305": "64.07",
        "202306": "61.68"
    },
    "quarters": {
        "20011": {
            "year_quarter": 20011,
            "year": 2001,
            "quarter": 1,
            "eps": 0.43,
            "eps_growth_year": -41.1,
            "eps_4q": 1.24,
            "eps_4q_growth_year": -44.87,
            "roe": 2.05,
            "roe_4q": 2.05,
            "gross_profit": 25059,
            "gross_margin": 16.38,
            "gross_margin_4q_avg": 16.38,
            "net_income": 18425,
            "revenue": 153004,
            "common_shares": 433050,
            "book_valuer_per_share": 21,
            "book_valuer_per_share_4q_avg": 21,
            "equity": 909394,
            "current_ratio": 729.96,
            "debt_ratio": 13.02,
            "inventory_turnover_ratio": 359.4,
            "account_receivable_turnover_ratio": null,
            "reinvestment_rate": null,
            "research_to_sale_ratio": null,
            "price_fair": 0,
            "eps_avg_yearly": 0,
            "eps_latest_yearly": 0,
            "eps_growth_yearly": 0
        },
        "20012": {
            "year_quarter": 20012,
            "year": 2001,
            "quarter": 2,
            "eps": -0.05,
            "eps_growth_year": -109.8,
            "eps_4q": 0.72,
            "eps_4q_growth_year": -60.43,
            "roe": -0.29,
            "roe_4q": 1.7599999999999998,
            "gross_profit": 16277,
            "gross_margin": 9.33,
            "gross_margin_4q_avg": 12.86,
            "net_income": -2590,
            "revenue": 174399,
            "common_shares": 433050,
            "book_valuer_per_share": 20.96,
            "book_valuer_per_share_4q_avg": 20.98,
            "equity": 907591,
            "current_ratio": 444.62,
            "debt_ratio": 19.95,
            "inventory_turnover_ratio": 199.52,
            "account_receivable_turnover_ratio": null,
            "reinvestment_rate": null,
            "research_to_sale_ratio": null,
            "price_fair": 0,
            "eps_avg_yearly": 0,
            "eps_latest_yearly": 0,
            "eps_growth_yearly": 0
        },
        "20013": {
            "year_quarter": 20013,
            "year": 2001,
            "quarter": 3,
            "eps": -0.12,
            "eps_growth_year": -233.33,
            "eps_4q": 0.5,
            "eps_4q_growth_year": -70.53,
            "roe": -0.69,
            "roe_4q": 1.0699999999999998,
            "gross_profit": 18098,
            "gross_margin": 18.15,
            "gross_margin_4q_avg": 14.62,
            "net_income": -6277,
            "revenue": 99729,
            "common_shares": 433050,
            "book_valuer_per_share": 20.82,
            "book_valuer_per_share_4q_avg": 20.93,
            "equity": 901396,
            "current_ratio": 563.9,
            "debt_ratio": 16.4,
            "inventory_turnover_ratio": 103,
            "account_receivable_turnover_ratio": null,
            "reinvestment_rate": null,
            "research_to_sale_ratio": null,
            "price_fair": 0,
            "eps_avg_yearly": 0,
            "eps_latest_yearly": 0,
            "eps_growth_yearly": 0
        },
        "20014": {
            "year_quarter": 20014,
            "year": 2001,
            "quarter": 4,
            "eps": 0.5,
            "eps_growth_year": 66.67,
            "eps_4q": 0.69,
            "eps_4q_growth_year": -51.59,
            "roe": 2.75,
            "roe_4q": 3.82,
            "gross_profit": 18739,
            "gross_margin": 9.18,
            "gross_margin_4q_avg": 13.26,
            "net_income": 25181,
            "revenue": 204021,
            "common_shares": 506418,
            "book_valuer_per_share": 18.3,
            "book_valuer_per_share_4q_avg": 20.27,
            "equity": 926935,
            "current_ratio": 328.51,
            "debt_ratio": 26.46,
            "inventory_turnover_ratio": 4.36,
            "account_receivable_turnover_ratio": null,
            "reinvestment_rate": null,
            "research_to_sale_ratio": null,
            "price_fair": 0,
            "eps_avg_yearly": 0,
            "eps_latest_yearly": 0,
            "eps_growth_yearly": 0
        },
        "20021": {
            "year_quarter": 20021,
            "year": 2002,
            "quarter": 1,
            "eps": 0.15,
            "eps_growth_year": -65.12,
            "eps_4q": 0.48,
            "eps_4q_growth_year": -61.17,
            "roe": 0.79,
            "roe_4q": 2.56,
            "gross_profit": 19969,
            "gross_margin": 9.12,
            "gross_margin_4q_avg": 11.45,
            "net_income": 7351,
            "revenue": 218991,
            "common_shares": 506418,
            "book_valuer_per_share": 18.45,
            "book_valuer_per_share_4q_avg": 19.63,
            "equity": 934356,
            "current_ratio": 339.55,
            "debt_ratio": 25.3,
            "inventory_turnover_ratio": 4.68,
            "account_receivable_turnover_ratio": null,
            "reinvestment_rate": null,
            "research_to_sale_ratio": null,
            "price_fair": 1.8,
            "eps_avg_yearly": 0.6,
            "eps_latest_yearly": 0.6,
            "eps_growth_yearly": -280
        },
        "20022": {
            "year_quarter": 20022,
            "year": 2002,
            "quarter": 2,
            "eps": -0.93,
            "eps_growth_year": null,
            "eps_4q": -0.47,
            "eps_4q_growth_year": -164.6,
            "roe": -5.48,
            "roe_4q": -2.6300000000000003,
            "gross_profit": -3751,
            "gross_margin": -4.06,
            "gross_margin_4q_avg": 8.1,
            "net_income": -49805,
            "revenue": 92335,
            "common_shares": 506418,
            "book_valuer_per_share": 17.42,
            "book_valuer_per_share_4q_avg": 18.75,
            "equity": 882283,
            "current_ratio": 635.19,
            "debt_ratio": 14.42,
            "inventory_turnover_ratio": 995.71,
            "account_receivable_turnover_ratio": null,
            "reinvestment_rate": null,
            "research_to_sale_ratio": null,
            "price_fair": 1.8,
            "eps_avg_yearly": 0.6,
            "eps_latest_yearly": 0.6,
            "eps_growth_yearly": -280
        },
        "20023": {
            "year_quarter": 20023,
            "year": 2002,
            "quarter": 3,
            "eps": -0.3,
            "eps_growth_year": null,
            "eps_4q": -0.62,
            "eps_4q_growth_year": -224.54,
            "roe": -1.81,
            "roe_4q": -3.750000000000001,
            "gross_profit": 26311,
            "gross_margin": 23.35,
            "gross_margin_4q_avg": 9.4,
            "net_income": -15815,
            "revenue": 112673,
            "common_shares": 534189,
            "book_valuer_per_share": 16.23,
            "book_valuer_per_share_4q_avg": 17.6,
            "equity": 866898,
            "current_ratio": 675.56,
            "debt_ratio": 14.06,
            "inventory_turnover_ratio": 894.94,
            "account_receivable_turnover_ratio": null,
            "reinvestment_rate": null,
            "research_to_sale_ratio": null,
            "price_fair": 1.8,
            "eps_avg_yearly": 0.6,
            "eps_latest_yearly": 0.6,
            "eps_growth_yearly": -280
        },
        "20024": {
            "year_quarter": 20024,
            "year": 2002,
            "quarter": 4,
            "eps": 0.06,
            "eps_growth_year": -88,
            "eps_4q": -1.02,
            "eps_4q_growth_year": -247.64,
            "roe": 0.37,
            "roe_4q": -6.13,
            "gross_profit": 7600,
            "gross_margin": 6.97,
            "gross_margin_4q_avg": 8.85,
            "net_income": 3242,
            "revenue": 109047,
            "common_shares": 534189,
            "book_valuer_per_share": 16.29,
            "book_valuer_per_share_4q_avg": 17.1,
            "equity": 869927,
            "current_ratio": 710.98,
            "debt_ratio": 13.53,
            "inventory_turnover_ratio": null,
            "account_receivable_turnover_ratio": null,
            "reinvestment_rate": -28.6,
            "research_to_sale_ratio": null,
            "price_fair": 1.8,
            "eps_avg_yearly": 0.6,
            "eps_latest_yearly": 0.6,
            "eps_growth_yearly": -280
        },
        "20031": {
            "year_quarter": 20031,
            "year": 2003,
            "quarter": 1,
            "eps": 0.07,
            "eps_growth_year": -53.33,
            "eps_4q": -1.13,
            "eps_4q_growth_year": -334.74,
            "roe": 0.42,
            "roe_4q": -6.5,
            "gross_profit": 24556,
            "gross_margin": 19.87,
            "gross_margin_4q_avg": 11.53,
            "net_income": 3628,
            "revenue": 123571,
            "common_shares": 534189,
            "book_valuer_per_share": 16.1,
            "book_valuer_per_share_4q_avg": 16.51,
            "equity": 860094,
            "current_ratio": 712.47,
            "debt_ratio": 13.11,
            "inventory_turnover_ratio": null,
            "account_receivable_turnover_ratio": null,
            "reinvestment_rate": -33.05,
            "research_to_sale_ratio": null,
            "price_fair": 1.32,
            "eps_avg_yearly": 0.44,
            "eps_latest_yearly": 0.28,
            "eps_growth_yearly": -106.67
        },
        "20032": {
            "year_quarter": 20032,
            "year": 2003,
            "quarter": 2,
            "eps": 0.2,
            "eps_growth_year": null,
            "eps_4q": 0.03,
            "eps_4q_growth_year": null,
            "roe": 1.19,
            "roe_4q": 0.16999999999999993,
            "gross_profit": 35987,
            "gross_margin": 22.16,
            "gross_margin_4q_avg": 18.09,
            "net_income": 10296,
            "revenue": 162374,
            "common_shares": 534189,
            "book_valuer_per_share": 16.29,
            "book_valuer_per_share_4q_avg": 16.23,
            "equity": 870155,
            "current_ratio": 624.31,
            "debt_ratio": 14.73,
            "inventory_turnover_ratio": null,
            "account_receivable_turnover_ratio": null,
            "reinvestment_rate": -42.69,
            "research_to_sale_ratio": null,
            "price_fair": 19.6,
            "eps_avg_yearly": 0.56,
            "eps_latest_yearly": 0.8,
            "eps_growth_yearly": 176.51
        },
        "20033": {
            "year_quarter": 20033,
            "year": 2003,
            "quarter": 3,
            "eps": 0.09,
            "eps_growth_year": null,
            "eps_4q": 0.41,
            "eps_4q_growth_year": null,
            "roe": 0.56,
            "roe_4q": 2.54,
            "gross_profit": 32030,
            "gross_margin": 20.06,
            "gross_margin_4q_avg": 17.27,
            "net_income": 4865,
            "revenue": 159688,
            "common_shares": 534189,
            "book_valuer_per_share": 16.35,
            "book_valuer_per_share_4q_avg": 16.26,
            "equity": 873535,
            "current_ratio": 593.28,
            "debt_ratio": 14.65,
            "inventory_turnover_ratio": null,
            "account_receivable_turnover_ratio": null,
            "reinvestment_rate": -52.35,
            "research_to_sale_ratio": null,
            "price_fair": 17.85,
            "eps_avg_yearly": 0.51,
            "eps_latest_yearly": 0.36,
            "eps_growth_yearly": 77.38
        },
        "20034": {
            "year_quarter": 20034,
            "year": 2003,
            "quarter": 4,
            "eps": -0.44,
            "eps_growth_year": -833.33,
            "eps_4q": -0.08,
            "eps_4q_growth_year": null,
            "roe": -2.66,
            "roe_4q": -0.49000000000000016,
            "gross_profit": 40772,
            "gross_margin": 25.96,
            "gross_margin_4q_avg": 22.01,
            "net_income": -22893,
            "revenue": 157063,
            "common_shares": 534189,
            "book_valuer_per_share": 15.92,
            "book_valuer_per_share_4q_avg": 16.17,
            "equity": 850407,
            "current_ratio": 575.23,
            "debt_ratio": 15.19,
            "inventory_turnover_ratio": null,
            "account_receivable_turnover_ratio": null,
            "reinvestment_rate": -121.23,
            "research_to_sale_ratio": null,
            "price_fair": 17.85,
            "eps_avg_yearly": 0.51,
            "eps_latest_yearly": 0.36,
            "eps_growth_yearly": 77.38
        },
        "20041": {
            "year_quarter": 20041,
            "year": 2004,
            "quarter": 1,
            "eps": 0.38,
            "eps_growth_year": 442.86,
            "eps_4q": 0.23,
            "eps_4q_growth_year": null,
            "roe": 2.29,
            "roe_4q": 1.38,
            "gross_profit": 41311,
            "gross_margin": 27.26,
            "gross_margin_4q_avg": 23.86,
            "net_income": 19693,
            "revenue": 151560,
            "common_shares": 534189,
            "book_valuer_per_share": 16.28,
            "book_valuer_per_share_4q_avg": 16.21,
            "equity": 869487,
            "current_ratio": 706.37,
            "debt_ratio": 13.21,
            "inventory_turnover_ratio": null,
            "account_receivable_turnover_ratio": null,
            "reinvestment_rate": -155.88,
            "research_to_sale_ratio": null,
            "price_fair": 17.85,
            "eps_avg_yearly": 0.51,
            "eps_latest_yearly": 0.36,
            "eps_growth_yearly": 77.38
        },
        "20042": {
            "year_quarter": 20042,
            "year": 2004,
            "quarter": 2,
            "eps": 0.47,
            "eps_growth_year": 135,
            "eps_4q": 0.5,
            "eps_4q_growth_year": 1812.87,
            "roe": 2.8,
            "roe_4q": 2.9899999999999998,
            "gross_profit": 54933,
            "gross_margin": 33.39,
            "gross_margin_4q_avg": 26.67,
            "net_income": 24459,
            "revenue": 164504,
            "common_shares": 534189,
            "book_valuer_per_share": 16.47,
            "book_valuer_per_share_4q_avg": 16.26,
            "equity": 879840,
            "current_ratio": 641.75,
            "debt_ratio": 15.15,
            "inventory_turnover_ratio": null,
            "account_receivable_turnover_ratio": null,
            "reinvestment_rate": -147.57,
            "research_to_sale_ratio": null,
            "price_fair": 27.44,
            "eps_avg_yearly": 0.78,
            "eps_latest_yearly": 1.88,
            "eps_growth_yearly": 80.85
        },
        "20043": {
            "year_quarter": 20043,
            "year": 2004,
            "quarter": 3,
            "eps": 0.11,
            "eps_growth_year": 22.22,
            "eps_4q": 0.53,
            "eps_4q_growth_year": 29.72,
            "roe": 0.63,
            "roe_4q": 3.0599999999999996,
            "gross_profit": 38456,
            "gross_margin": 24.37,
            "gross_margin_4q_avg": 27.75,
            "net_income": 5585,
            "revenue": 157801,
            "common_shares": 534189,
            "book_valuer_per_share": 16.58,
            "book_valuer_per_share_4q_avg": 16.31,
            "equity": 885797,
            "current_ratio": 509.13,
            "debt_ratio": 18.18,
            "inventory_turnover_ratio": null,
            "account_receivable_turnover_ratio": null,
            "reinvestment_rate": -146.94,
            "research_to_sale_ratio": null,
            "price_fair": 19.12,
            "eps_avg_yearly": 0.73,
            "eps_latest_yearly": 0.44,
            "eps_growth_yearly": 16.31
        },
        "20044": {
            "year_quarter": 20044,
            "year": 2004,
            "quarter": 4,
            "eps": -0.8,
            "eps_growth_year": null,
            "eps_4q": 0.17,
            "eps_4q_growth_year": null,
            "roe": -4.77,
            "roe_4q": 0.9500000000000002,
            "gross_profit": 44510,
            "gross_margin": 26.9,
            "gross_margin_4q_avg": 27.98,
            "net_income": -41171,
            "revenue": 165478,
            "common_shares": 534189,
            "book_valuer_per_share": 15.74,
            "book_valuer_per_share_4q_avg": 16.27,
            "equity": 840598,
            "current_ratio": 486.43,
            "debt_ratio": 20.2,
            "inventory_turnover_ratio": null,
            "account_receivable_turnover_ratio": null,
            "reinvestment_rate": null,
            "research_to_sale_ratio": null,
            "price_fair": 19.12,
            "eps_avg_yearly": 0.73,
            "eps_latest_yearly": 0.44,
            "eps_growth_yearly": 16.31
        },
        "20051": {
            "year_quarter": 20051,
            "year": 2005,
            "quarter": 1,
            "eps": -0.68,
            "eps_growth_year": -278.95,
            "eps_4q": -0.9,
            "eps_4q_growth_year": -488.26,
            "roe": -4.26,
            "roe_4q": -5.599999999999999,
            "gross_profit": 26679,
            "gross_margin": 22.11,
            "gross_margin_4q_avg": 26.69,
            "net_income": -35011,
            "revenue": 120681,
            "common_shares": 534189,
            "book_valuer_per_share": 15.05,
            "book_valuer_per_share_4q_avg": 15.96,
            "equity": 803854,
            "current_ratio": 614.19,
            "debt_ratio": 18.14,
            "inventory_turnover_ratio": null,
            "account_receivable_turnover_ratio": null,
            "reinvestment_rate": null,
            "research_to_sale_ratio": null,
            "price_fair": 19.12,
            "eps_avg_yearly": 0.73,
            "eps_latest_yearly": 0.44,
            "eps_growth_yearly": 16.31
        },
        "20052": {
            "year_quarter": 20052,
            "year": 2005,
            "quarter": 2,
            "eps": 0.05,
            "eps_growth_year": -89.36,
            "eps_4q": -1.43,
            "eps_4q_growth_year": -383.88,
            "roe": 0.3,
            "roe_4q": -8.1,
            "gross_profit": 39650,
            "gross_margin": 29.19,
            "gross_margin_4q_avg": 25.64,
            "net_income": 2393,
            "revenue": 135838,
            "common_shares": 534189,
            "book_valuer_per_share": 15.04,
            "book_valuer_per_share_4q_avg": 15.6,
            "equity": 803577,
            "current_ratio": 595.17,
            "debt_ratio": 18.4,
            "inventory_turnover_ratio": null,
            "account_receivable_turnover_ratio": null,
            "reinvestment_rate": null,
            "research_to_sale_ratio": null,
            "price_fair": 19.12,
            "eps_avg_yearly": 0.73,
            "eps_latest_yearly": 0.44,
            "eps_growth_yearly": 16.31
        },
        "20053": {
            "year_quarter": 20053,
            "year": 2005,
            "quarter": 3,
            "eps": -0.06,
            "eps_growth_year": -154.55,
            "eps_4q": -1.44,
            "eps_4q_growth_year": -372.68,
            "roe": -0.4,
            "roe_4q": -9.129999999999999,
            "gross_profit": 30397,
            "gross_margin": 16.74,
            "gross_margin_4q_avg": 23.74,
            "net_income": -3223,
            "revenue": 181576,
            "common_shares": 534189,
            "book_valuer_per_share": 15.02,
            "book_valuer_per_share_4q_avg": 15.21,
            "equity": 802128,
            "current_ratio": 571.65,
            "debt_ratio": 19.52,
            "inventory_turnover_ratio": null,
            "account_receivable_turnover_ratio": null,
            "reinvestment_rate": null,
            "research_to_sale_ratio": null,
            "price_fair": 19.12,
            "eps_avg_yearly": 0.73,
            "eps_latest_yearly": 0.44,
            "eps_growth_yearly": 16.31
        },
        "20054": {
            "year_quarter": 20054,
            "year": 2005,
            "quarter": 4,
            "eps": -0.3,
            "eps_growth_year": null,
            "eps_4q": -0.97,
            "eps_4q_growth_year": -672.31,
            "roe": -1.94,
            "roe_4q": -6.3,
            "gross_profit": 24120,
            "gross_margin": 17.39,
            "gross_margin_4q_avg": 21.36,
            "net_income": -15291,
            "revenue": 138663,
            "common_shares": 534189,
            "book_valuer_per_share": 14.4,
            "book_valuer_per_share_4q_avg": 14.88,
            "equity": 776821,
            "current_ratio": 468.56,
            "debt_ratio": 22.67,
            "inventory_turnover_ratio": null,
            "account_receivable_turnover_ratio": null,
            "reinvestment_rate": null,
            "research_to_sale_ratio": null,
            "price_fair": 19.12,
            "eps_avg_yearly": 0.73,
            "eps_latest_yearly": 0.44,
            "eps_growth_yearly": 16.31
        },
        "20061": {
            "year_quarter": 20061,
            "year": 2006,
            "quarter": 1,
            "eps": -0.28,
            "eps_growth_year": null,
            "eps_4q": -0.61,
            "eps_4q_growth_year": null,
            "roe": -1.79,
            "roe_4q": -3.83,
            "gross_profit": 21637,
            "gross_margin": 18.96,
            "gross_margin_4q_avg": 20.57,
            "net_income": -13722,
            "revenue": 114099,
            "common_shares": 522689,
            "book_valuer_per_share": 14.54,
            "book_valuer_per_share_4q_avg": 14.75,
            "equity": 759919,
            "current_ratio": 562.3,
            "debt_ratio": 20.73,
            "inventory_turnover_ratio": null,
            "account_receivable_turnover_ratio": null,
            "reinvestment_rate": null,
            "research_to_sale_ratio": null,
            "price_fair": 26.32,
            "eps_avg_yearly": 0.75,
            "eps_latest_yearly": 0.44,
            "eps_growth_yearly": 75.58
        },
        "20062": {
            "year_quarter": 20062,
            "year": 2006,
            "quarter": 2,
            "eps": 0.06,
            "eps_growth_year": 20,
            "eps_4q": -0.65,
            "eps_4q_growth_year": null,
            "roe": 0.36,
            "roe_4q": -3.77,
            "gross_profit": 31440,
            "gross_margin": 22.4,
            "gross_margin_4q_avg": 18.87,
            "net_income": 2720,
            "revenue": 140345,
            "common_shares": 522689,
            "book_valuer_per_share": 14.59,
            "book_valuer_per_share_4q_avg": 14.64,
            "equity": 762547,
            "current_ratio": 544.45,
            "debt_ratio": 21.96,
            "inventory_turnover_ratio": null,
            "account_receivable_turnover_ratio": null,
            "reinvestment_rate": null,
            "research_to_sale_ratio": null,
            "price_fair": 26.32,
            "eps_avg_yearly": 0.75,
            "eps_latest_yearly": 0.44,
            "eps_growth_yearly": 75.58
        },
        "20063": {
            "year_quarter": 20063,
            "year": 2006,
            "quarter": 3,
            "eps": 0.16,
            "eps_growth_year": null,
            "eps_4q": -0.38,
            "eps_4q_growth_year": null,
            "roe": 1.03,
            "roe_4q": -2.34,
            "gross_profit": 33946,
            "gross_margin": 25.18,
            "gross_margin_4q_avg": 20.98,
            "net_income": 7858,
            "revenue": 134835,
            "common_shares": 522689,
            "book_valuer_per_share": 14.74,
            "book_valuer_per_share_4q_avg": 14.57,
            "equity": 770602,
            "current_ratio": 536.02,
            "debt_ratio": 22.75,
            "inventory_turnover_ratio": null,
            "account_receivable_turnover_ratio": null,
            "reinvestment_rate": null,
            "research_to_sale_ratio": null,
            "price_fair": 25.67,
            "eps_avg_yearly": 0.73,
            "eps_latest_yearly": 0.64,
            "eps_growth_yearly": 174.09
        },
        "20064": {
            "year_quarter": 20064,
            "year": 2006,
            "quarter": 4,
            "eps": 0.82,
            "eps_growth_year": null,
            "eps_4q": 0.76,
            "eps_4q_growth_year": null,
            "roe": 5.06,
            "roe_4q": 4.66,
            "gross_profit": 47751,
            "gross_margin": 26.6,
            "gross_margin_4q_avg": 23.29,
            "net_income": 40174,
            "revenue": 179489,
            "common_shares": 522689,
            "book_valuer_per_share": 15.52,
            "book_valuer_per_share_4q_avg": 14.85,
            "equity": 817491,
            "current_ratio": 494.59,
            "debt_ratio": 22.82,
            "inventory_turnover_ratio": null,
            "account_receivable_turnover_ratio": null,
            "reinvestment_rate": null,
            "research_to_sale_ratio": null,
            "price_fair": 38.4,
            "eps_avg_yearly": 1.1,
            "eps_latest_yearly": 3.28,
            "eps_growth_yearly": 384.93
        },
        "20071": {
            "year_quarter": 20071,
            "year": 2007,
            "quarter": 1,
            "eps": -0.37,
            "eps_growth_year": null,
            "eps_4q": 0.65,
            "eps_4q_growth_year": null,
            "roe": -2.27,
            "roe_4q": 4.18,
            "gross_profit": 24555,
            "gross_margin": 20.66,
            "gross_margin_4q_avg": 23.71,
            "net_income": -18352,
            "revenue": 118850,
            "common_shares": 522689,
            "book_valuer_per_share": 15.27,
            "book_valuer_per_share_4q_avg": 15.03,
            "equity": 797925,
            "current_ratio": 538.07,
            "debt_ratio": 22.77,
            "inventory_turnover_ratio": null,
            "account_receivable_turnover_ratio": null,
            "reinvestment_rate": null,
            "research_to_sale_ratio": null,
            "price_fair": 43.17,
            "eps_avg_yearly": 1.23,
            "eps_latest_yearly": 3.28,
            "eps_growth_yearly": 437.98
        },
        "20072": {
            "year_quarter": 20072,
            "year": 2007,
            "quarter": 2,
            "eps": 0.06,
            "eps_growth_year": 0,
            "eps_4q": 0.65,
            "eps_4q_growth_year": null,
            "roe": 0.38,
            "roe_4q": 4.199999999999999,
            "gross_profit": 29913,
            "gross_margin": 14.51,
            "gross_margin_4q_avg": 21.74,
            "net_income": 2999,
            "revenue": 206177,
            "common_shares": 512539,
            "book_valuer_per_share": 14.96,
            "book_valuer_per_share_4q_avg": 15.12,
            "equity": 766637,
            "current_ratio": 441.96,
            "debt_ratio": 26.3,
            "inventory_turnover_ratio": null,
            "account_receivable_turnover_ratio": null,
            "reinvestment_rate": null,
            "research_to_sale_ratio": null,
            "price_fair": 46.2,
            "eps_avg_yearly": 1.32,
            "eps_latest_yearly": 3.28,
            "eps_growth_yearly": 377
        },
        "20073": {
            "year_quarter": 20073,
            "year": 2007,
            "quarter": 3,
            "eps": -0.2,
            "eps_growth_year": -225,
            "eps_4q": 0.3,
            "eps_4q_growth_year": null,
            "roe": -1.27,
            "roe_4q": 1.8999999999999995,
            "gross_profit": 29293,
            "gross_margin": 23.57,
            "gross_margin_4q_avg": 21.34,
            "net_income": -9672,
            "revenue": 124275,
            "common_shares": 512539,
            "book_valuer_per_share": 14.77,
            "book_valuer_per_share_4q_avg": 15.13,
            "equity": 756965,
            "current_ratio": 470.64,
            "debt_ratio": 25.42,
            "inventory_turnover_ratio": null,
            "account_receivable_turnover_ratio": null,
            "reinvestment_rate": null,
            "research_to_sale_ratio": null,
            "price_fair": 54.6,
            "eps_avg_yearly": 1.56,
            "eps_latest_yearly": 3.28,
            "eps_growth_yearly": 526.26
        },
        "20074": {
            "year_quarter": 20074,
            "year": 2007,
            "quarter": 4,
            "eps": -0.23,
            "eps_growth_year": -128.05,
            "eps_4q": -0.62,
            "eps_4q_growth_year": -181.99,
            "roe": -1.49,
            "roe_4q": -4.65,
            "gross_profit": 43579,
            "gross_margin": 26.09,
            "gross_margin_4q_avg": 21.21,
            "net_income": -11176,
            "revenue": 167060,
            "common_shares": 512539,
            "book_valuer_per_share": 14.49,
            "book_valuer_per_share_4q_avg": 14.87,
            "equity": 742899,
            "current_ratio": 382.95,
            "debt_ratio": 28.03,
            "inventory_turnover_ratio": null,
            "account_receivable_turnover_ratio": null,
            "reinvestment_rate": null,
            "research_to_sale_ratio": null,
            "price_fair": 54.6,
            "eps_avg_yearly": 1.56,
            "eps_latest_yearly": 3.28,
            "eps_growth_yearly": 526.26
        },
        "20081": {
            "year_quarter": 20081,
            "year": 2008,
            "quarter": 1,
            "eps": -0.27,
            "eps_growth_year": null,
            "eps_4q": -0.64,
            "eps_4q_growth_year": -198.16,
            "roe": -1.78,
            "roe_4q": -4.16,
            "gross_profit": 48121,
            "gross_margin": 23.71,
            "gross_margin_4q_avg": 21.97,
            "net_income": -12982,
            "revenue": 202918,
            "common_shares": 512539,
            "book_valuer_per_share": 13.91,
            "book_valuer_per_share_4q_avg": 14.53,
            "equity": 713069,
            "current_ratio": 412.84,
            "debt_ratio": 26.83,
            "inventory_turnover_ratio": null,
            "account_receivable_turnover_ratio": null,
            "reinvestment_rate": null,
            "research_to_sale_ratio": null,
            "price_fair": 54.6,
            "eps_avg_yearly": 1.56,
            "eps_latest_yearly": 3.28,
            "eps_growth_yearly": 526.26
        },
        "20082": {
            "year_quarter": 20082,
            "year": 2008,
            "quarter": 2,
            "eps": -0.25,
            "eps_growth_year": -516.67,
            "eps_4q": -0.89,
            "eps_4q_growth_year": -236.35,
            "roe": -1.68,
            "roe_4q": -6.220000000000001,
            "gross_profit": 36374,
            "gross_margin": 25.23,
            "gross_margin_4q_avg": 24.65,
            "net_income": -11859,
            "revenue": 144190,
            "common_shares": 512539,
            "book_valuer_per_share": 13.68,
            "book_valuer_per_share_4q_avg": 14.21,
            "equity": 701266,
            "current_ratio": 398.89,
            "debt_ratio": 26.9,
            "inventory_turnover_ratio": null,
            "account_receivable_turnover_ratio": null,
            "reinvestment_rate": null,
            "research_to_sale_ratio": null,
            "price_fair": 50.87,
            "eps_avg_yearly": 1.45,
            "eps_latest_yearly": 3.28,
            "eps_growth_yearly": 670.09
        },
        "20083": {
            "year_quarter": 20083,
            "year": 2008,
            "quarter": 3,
            "eps": -0.16,
            "eps_growth_year": null,
            "eps_4q": -0.85,
            "eps_4q_growth_year": -387.02,
            "roe": -1.07,
            "roe_4q": -6.0200000000000005,
            "gross_profit": 46696,
            "gross_margin": 22.72,
            "gross_margin_4q_avg": 24.44,
            "net_income": -7463,
            "revenue": 205561,
            "common_shares": 512539,
            "book_valuer_per_share": 13.44,
            "book_valuer_per_share_4q_avg": 13.88,
            "equity": 688973,
            "current_ratio": 389.18,
            "debt_ratio": 27.81,
            "inventory_turnover_ratio": null,
            "account_receivable_turnover_ratio": null,
            "reinvestment_rate": null,
            "research_to_sale_ratio": null,
            "price_fair": 68.6,
            "eps_avg_yearly": 1.96,
            "eps_latest_yearly": 3.28,
            "eps_growth_yearly": 1158.33
        },
        "20084": {
            "year_quarter": 20084,
            "year": 2008,
            "quarter": 4,
            "eps": -0.38,
            "eps_growth_year": null,
            "eps_4q": -1.07,
            "eps_4q_growth_year": null,
            "roe": -2.67,
            "roe_4q": -7.2,
            "gross_profit": 18413,
            "gross_margin": 9.42,
            "gross_margin_4q_avg": 20.27,
            "net_income": -18127,
            "revenue": 195439,
            "common_shares": 492539,
            "book_valuer_per_share": 13.63,
            "book_valuer_per_share_4q_avg": 13.67,
            "equity": 671352,
            "current_ratio": 354.34,
            "debt_ratio": 29.57,
            "inventory_turnover_ratio": null,
            "account_receivable_turnover_ratio": 2.54,
            "reinvestment_rate": null,
            "research_to_sale_ratio": null,
            "price_fair": 68.6,
            "eps_avg_yearly": 1.96,
            "eps_latest_yearly": 3.28,
            "eps_growth_yearly": 1158.33
        },
        "20091": {
            "year_quarter": 20091,
            "year": 2009,
            "quarter": 1,
            "eps": 0.07,
            "eps_growth_year": null,
            "eps_4q": -0.78,
            "eps_4q_growth_year": null,
            "roe": 0.46,
            "roe_4q": -4.96,
            "gross_profit": 39657,
            "gross_margin": 28.39,
            "gross_margin_4q_avg": 21.44,
            "net_income": 3086,
            "revenue": 139687,
            "common_shares": 492539,
            "book_valuer_per_share": 13.7,
            "book_valuer_per_share_4q_avg": 13.61,
            "equity": 674665,
            "current_ratio": 446.53,
            "debt_ratio": 25.69,
            "inventory_turnover_ratio": null,
            "account_receivable_turnover_ratio": 1.01,
            "reinvestment_rate": null,
            "research_to_sale_ratio": null,
            "price_fair": 68.6,
            "eps_avg_yearly": 1.96,
            "eps_latest_yearly": 3.28,
            "eps_growth_yearly": 1158.33
        },
        "20092": {
            "year_quarter": 20092,
            "year": 2009,
            "quarter": 2,
            "eps": 0.04,
            "eps_growth_year": null,
            "eps_4q": -0.39,
            "eps_4q_growth_year": null,
            "roe": 0.31,
            "roe_4q": -2.9699999999999998,
            "gross_profit": 40636,
            "gross_margin": 31.68,
            "gross_margin_4q_avg": 23.05,
            "net_income": 2071,
            "revenue": 128276,
            "common_shares": 492539,
            "book_valuer_per_share": 13.71,
            "book_valuer_per_share_4q_avg": 13.62,
            "equity": 675495,
            "current_ratio": 466.77,
            "debt_ratio": 25.45,
            "inventory_turnover_ratio": null,
            "account_receivable_turnover_ratio": 0.97,
            "reinvestment_rate": null,
            "research_to_sale_ratio": null,
            "price_fair": 47.6,
            "eps_avg_yearly": 1.36,
            "eps_latest_yearly": 0.16,
            "eps_growth_yearly": 715.08
        },
        "20093": {
            "year_quarter": 20093,
            "year": 2009,
            "quarter": 3,
            "eps": 0.19,
            "eps_growth_year": null,
            "eps_4q": -0.08,
            "eps_4q_growth_year": null,
            "roe": 1.33,
            "roe_4q": -0.5699999999999998,
            "gross_profit": 38812,
            "gross_margin": 21.46,
            "gross_margin_4q_avg": 22.74,
            "net_income": 9009,
            "revenue": 180888,
            "common_shares": 492539,
            "book_valuer_per_share": 13.88,
            "book_valuer_per_share_4q_avg": 13.73,
            "equity": 683730,
            "current_ratio": 371.98,
            "debt_ratio": 29.76,
            "inventory_turnover_ratio": null,
            "account_receivable_turnover_ratio": 1.18,
            "reinvestment_rate": null,
            "research_to_sale_ratio": null,
            "price_fair": 42.35,
            "eps_avg_yearly": 1.21,
            "eps_latest_yearly": 0.76,
            "eps_growth_yearly": 911.31
        },
        "20094": {
            "year_quarter": 20094,
            "year": 2009,
            "quarter": 4,
            "eps": -0.82,
            "eps_growth_year": null,
            "eps_4q": -0.49,
            "eps_4q_growth_year": null,
            "roe": -5.73,
            "roe_4q": -3.630000000000001,
            "gross_profit": 27883,
            "gross_margin": 18.95,
            "gross_margin_4q_avg": 25.12,
            "net_income": -38086,
            "revenue": 147149,
            "common_shares": 492539,
            "book_valuer_per_share": 13.98,
            "book_valuer_per_share_4q_avg": 13.82,
            "equity": 646483,
            "current_ratio": 410.22,
            "debt_ratio": 28.53,
            "inventory_turnover_ratio": null,
            "account_receivable_turnover_ratio": 1.88,
            "reinvestment_rate": null,
            "research_to_sale_ratio": null,
            "price_fair": 42.35,
            "eps_avg_yearly": 1.21,
            "eps_latest_yearly": 0.76,
            "eps_growth_yearly": 911.31
        },
        "20101": {
            "year_quarter": 20101,
            "year": 2010,
            "quarter": 1,
            "eps": 0,
            "eps_growth_year": -100,
            "eps_4q": 0.18,
            "eps_4q_growth_year": null,
            "roe": 5.39,
            "roe_4q": 1.2999999999999994,
            "gross_profit": 67234,
            "gross_margin": 37.34,
            "gross_margin_4q_avg": 27.36,
            "net_income": 35809,
            "revenue": 180055,
            "common_shares": 492539,
            "book_valuer_per_share": 14.72,
            "book_valuer_per_share_4q_avg": 14.07,
            "equity": 681052,
            "current_ratio": 541.59,
            "debt_ratio": 23.79,
            "inventory_turnover_ratio": null,
            "account_receivable_turnover_ratio": 1.09,
            "reinvestment_rate": null,
            "research_to_sale_ratio": 5.98,
            "price_fair": 42.35,
            "eps_avg_yearly": 1.21,
            "eps_latest_yearly": 0.76,
            "eps_growth_yearly": 911.31
        },
        "20102": {
            "year_quarter": 20102,
            "year": 2010,
            "quarter": 2,
            "eps": 0.29,
            "eps_growth_year": 628.86,
            "eps_4q": 0.44,
            "eps_4q_growth_year": null,
            "roe": 1.96,
            "roe_4q": 2.9499999999999993,
            "gross_profit": 47707,
            "gross_margin": 26.2,
            "gross_margin_4q_avg": 25.99,
            "net_income": 13485,
            "revenue": 182082,
            "common_shares": 492539,
            "book_valuer_per_share": 15.03,
            "book_valuer_per_share_4q_avg": 14.4,
            "equity": 694968,
            "current_ratio": 531.88,
            "debt_ratio": 24.1,
            "inventory_turnover_ratio": null,
            "account_receivable_turnover_ratio": 0.99,
            "reinvestment_rate": null,
            "research_to_sale_ratio": 5.58,
            "price_fair": 42.35,
            "eps_avg_yearly": 1.21,
            "eps_latest_yearly": 0.76,
            "eps_growth_yearly": 911.31
        },
        "20103": {
            "year_quarter": 20103,
            "year": 2010,
            "quarter": 3,
            "eps": 0.14,
            "eps_growth_year": -26.75,
            "eps_4q": 0.38,
            "eps_4q_growth_year": null,
            "roe": 0.92,
            "roe_4q": 2.539999999999999,
            "gross_profit": 47085,
            "gross_margin": 23.22,
            "gross_margin_4q_avg": 26.43,
            "net_income": 6437,
            "revenue": 202747,
            "common_shares": 492539,
            "book_valuer_per_share": 15.14,
            "book_valuer_per_share_4q_avg": 14.72,
            "equity": 700395,
            "current_ratio": 395.97,
            "debt_ratio": 29.31,
            "inventory_turnover_ratio": null,
            "account_receivable_turnover_ratio": 0.92,
            "reinvestment_rate": null,
            "research_to_sale_ratio": 5.78,
            "price_fair": 41.65,
            "eps_avg_yearly": 1.19,
            "eps_latest_yearly": 0.56,
            "eps_growth_yearly": 692.92
        },
        "20104": {
            "year_quarter": 20104,
            "year": 2010,
            "quarter": 4,
            "eps": 0.13,
            "eps_growth_year": null,
            "eps_4q": 1.34,
            "eps_4q_growth_year": null,
            "roe": 0.87,
            "roe_4q": 9.14,
            "gross_profit": 81062,
            "gross_margin": 38.74,
            "gross_margin_4q_avg": 31.38,
            "net_income": 6089,
            "revenue": 209239,
            "common_shares": 492539,
            "book_valuer_per_share": 15.23,
            "book_valuer_per_share_4q_avg": 15.03,
            "equity": 704465,
            "current_ratio": 380.01,
            "debt_ratio": 30.24,
            "inventory_turnover_ratio": null,
            "account_receivable_turnover_ratio": 0.98,
            "reinvestment_rate": null,
            "research_to_sale_ratio": 5.96,
            "price_fair": 17.5,
            "eps_avg_yearly": 0.5,
            "eps_latest_yearly": 0.52,
            "eps_growth_yearly": 273.28
        },
        "20111": {
            "year_quarter": 20111,
            "year": 2011,
            "quarter": 1,
            "eps": 1.19,
            "eps_growth_year": null,
            "eps_4q": 1.76,
            "eps_4q_growth_year": 882.41,
            "roe": 7.54,
            "roe_4q": 11.29,
            "gross_profit": 71828,
            "gross_margin": 40.38,
            "gross_margin_4q_avg": 32.14,
            "net_income": 55203,
            "revenue": 177899,
            "common_shares": 472539,
            "book_valuer_per_share": 16.43,
            "book_valuer_per_share_4q_avg": 15.46,
            "equity": 760097,
            "current_ratio": 476.53,
            "debt_ratio": 26.38,
            "inventory_turnover_ratio": null,
            "account_receivable_turnover_ratio": 0.89,
            "reinvestment_rate": 285.78,
            "research_to_sale_ratio": 7.04,
            "price_fair": 47.32,
            "eps_avg_yearly": 1.35,
            "eps_latest_yearly": 4.76,
            "eps_growth_yearly": 870.93
        },
        "20112": {
            "year_quarter": 20112,
            "year": 2011,
            "quarter": 2,
            "eps": -0.55,
            "eps_growth_year": -288.76,
            "eps_4q": 0.88,
            "eps_4q_growth_year": 102.02,
            "roe": -3.55,
            "roe_4q": 5.78,
            "gross_profit": 48087,
            "gross_margin": 27.01,
            "gross_margin_4q_avg": 32.34,
            "net_income": -26004,
            "revenue": 178051,
            "common_shares": 472539,
            "book_valuer_per_share": 14.9,
            "book_valuer_per_share_4q_avg": 15.43,
            "equity": 706614,
            "current_ratio": 398.33,
            "debt_ratio": 30.51,
            "inventory_turnover_ratio": null,
            "account_receivable_turnover_ratio": 0.86,
            "reinvestment_rate": null,
            "research_to_sale_ratio": 7.91,
            "price_fair": 47.32,
            "eps_avg_yearly": 1.35,
            "eps_latest_yearly": 4.76,
            "eps_growth_yearly": 870.93
        },
        "20113": {
            "year_quarter": 20113,
            "year": 2011,
            "quarter": 3,
            "eps": 0.31,
            "eps_growth_year": 122.96,
            "eps_4q": 1.06,
            "eps_4q_growth_year": 177.09,
            "roe": 2.17,
            "roe_4q": 7.03,
            "gross_profit": 46346,
            "gross_margin": 26.98,
            "gross_margin_4q_avg": 33.28,
            "net_income": 15497,
            "revenue": 171792,
            "common_shares": 472539,
            "book_valuer_per_share": 15.28,
            "book_valuer_per_share_4q_avg": 15.46,
            "equity": 721937,
            "current_ratio": 446.31,
            "debt_ratio": 28.29,
            "inventory_turnover_ratio": null,
            "account_receivable_turnover_ratio": 0.86,
            "reinvestment_rate": 343.27,
            "research_to_sale_ratio": 7.46,
            "price_fair": 47.32,
            "eps_avg_yearly": 1.35,
            "eps_latest_yearly": 4.76,
            "eps_growth_yearly": 870.93
        },
        "20114": {
            "year_quarter": 20114,
            "year": 2011,
            "quarter": 4,
            "eps": 0.63,
            "eps_growth_year": 374.79,
            "eps_4q": 1.55,
            "eps_4q_growth_year": 16.21,
            "roe": 4.01,
            "roe_4q": 10.17,
            "gross_profit": 70113,
            "gross_margin": 26.77,
            "gross_margin_4q_avg": 30.29,
            "net_income": 29535,
            "revenue": 261950,
            "common_shares": 472539,
            "book_valuer_per_share": 15.9,
            "book_valuer_per_share_4q_avg": 15.63,
            "equity": 751143,
            "current_ratio": 357.3,
            "debt_ratio": 32.75,
            "inventory_turnover_ratio": null,
            "account_receivable_turnover_ratio": 1.22,
            "reinvestment_rate": 121.09,
            "research_to_sale_ratio": 5.34,
            "price_fair": 54.13,
            "eps_avg_yearly": 1.55,
            "eps_latest_yearly": 2.52,
            "eps_growth_yearly": 794.59
        },
        "20121": {
            "year_quarter": 20121,
            "year": 2012,
            "quarter": 1,
            "eps": 0.67,
            "eps_growth_year": -43.7,
            "eps_4q": 1.05,
            "eps_4q_growth_year": -40.12,
            "roe": 4.11,
            "roe_4q": 6.740000000000001,
            "gross_profit": 67333,
            "gross_margin": 40.89,
            "gross_margin_4q_avg": 30.41,
            "net_income": 31490,
            "revenue": 164659,
            "common_shares": 472539,
            "book_valuer_per_share": 16.53,
            "book_valuer_per_share_4q_avg": 15.65,
            "equity": 781186,
            "current_ratio": 473.69,
            "debt_ratio": 26.91,
            "inventory_turnover_ratio": null,
            "account_receivable_turnover_ratio": 0.74,
            "reinvestment_rate": 78.24,
            "research_to_sale_ratio": 7.34,
            "price_fair": 59.8,
            "eps_avg_yearly": 1.71,
            "eps_latest_yearly": 2.68,
            "eps_growth_yearly": 684.71
        },
        "20122": {
            "year_quarter": 20122,
            "year": 2012,
            "quarter": 2,
            "eps": 0.21,
            "eps_growth_year": null,
            "eps_4q": 1.82,
            "eps_4q_growth_year": 105.65,
            "roe": 1.33,
            "roe_4q": 11.62,
            "gross_profit": 49450,
            "gross_margin": 30.04,
            "gross_margin_4q_avg": 31.17,
            "net_income": 10122,
            "revenue": 164611,
            "common_shares": 472539,
            "book_valuer_per_share": 15.56,
            "book_valuer_per_share_4q_avg": 15.82,
            "equity": 735289,
            "current_ratio": 374.82,
            "debt_ratio": 32,
            "inventory_turnover_ratio": null,
            "account_receivable_turnover_ratio": 0.84,
            "reinvestment_rate": 63.76,
            "research_to_sale_ratio": 6.71,
            "price_fair": 56,
            "eps_avg_yearly": 1.6,
            "eps_latest_yearly": 0.84,
            "eps_growth_yearly": 564.79
        },
        "20123": {
            "year_quarter": 20123,
            "year": 2012,
            "quarter": 3,
            "eps": 0.5,
            "eps_growth_year": 61.36,
            "eps_4q": 2.01,
            "eps_4q_growth_year": 89.8,
            "roe": 3.17,
            "roe_4q": 12.62,
            "gross_profit": 64599,
            "gross_margin": 35.6,
            "gross_margin_4q_avg": 33.33,
            "net_income": 23659,
            "revenue": 181437,
            "common_shares": 472539,
            "book_valuer_per_share": 16.04,
            "book_valuer_per_share_4q_avg": 16.01,
            "equity": 757882,
            "current_ratio": 445.51,
            "debt_ratio": 28.56,
            "inventory_turnover_ratio": null,
            "account_receivable_turnover_ratio": 1.06,
            "reinvestment_rate": 50.7,
            "research_to_sale_ratio": 6.42,
            "price_fair": 57.56,
            "eps_avg_yearly": 1.64,
            "eps_latest_yearly": 2,
            "eps_growth_yearly": 563.41
        },
        "20124": {
            "year_quarter": 20124,
            "year": 2012,
            "quarter": 4,
            "eps": 0.49,
            "eps_growth_year": -21.01,
            "eps_4q": 1.87,
            "eps_4q_growth_year": 20.72,
            "roe": 3.03,
            "roe_4q": 11.64,
            "gross_profit": 65776,
            "gross_margin": 37.64,
            "gross_margin_4q_avg": 36.04,
            "net_income": 23329,
            "revenue": 174739,
            "common_shares": 472539,
            "book_valuer_per_share": 16.52,
            "book_valuer_per_share_4q_avg": 16.16,
            "equity": 780843,
            "current_ratio": 447.44,
            "debt_ratio": 28.52,
            "inventory_turnover_ratio": null,
            "account_receivable_turnover_ratio": 1.05,
            "reinvestment_rate": 37.31,
            "research_to_sale_ratio": 4.02,
            "price_fair": 58.66,
            "eps_avg_yearly": 1.68,
            "eps_latest_yearly": 1.96,
            "eps_growth_yearly": 506.27
        },
        "20131": {
            "year_quarter": 20131,
            "year": 2013,
            "quarter": 1,
            "eps": 0.5,
            "eps_growth_year": -25.37,
            "eps_4q": 1.71,
            "eps_4q_growth_year": 62.63,
            "roe": 3.06,
            "roe_4q": 10.59,
            "gross_profit": 65141,
            "gross_margin": 38.28,
            "gross_margin_4q_avg": 35.39,
            "net_income": 23689,
            "revenue": 170154,
            "common_shares": 472539,
            "book_valuer_per_share": 16.23,
            "book_valuer_per_share_4q_avg": 16.09,
            "equity": 767058,
            "current_ratio": 546.84,
            "debt_ratio": 28.8,
            "inventory_turnover_ratio": null,
            "account_receivable_turnover_ratio": 1.09,
            "reinvestment_rate": 33.57,
            "research_to_sale_ratio": 7.87,
            "price_fair": 59.69,
            "eps_avg_yearly": 1.71,
            "eps_latest_yearly": 2,
            "eps_growth_yearly": 460.99
        },
        "20132": {
            "year_quarter": 20132,
            "year": 2013,
            "quarter": 2,
            "eps": 0.19,
            "eps_growth_year": -11.3,
            "eps_4q": 1.69,
            "eps_4q_growth_year": -6.99,
            "roe": 1.24,
            "roe_4q": 10.5,
            "gross_profit": 46220,
            "gross_margin": 29.48,
            "gross_margin_4q_avg": 35.25,
            "net_income": 9138,
            "revenue": 156804,
            "common_shares": 472539,
            "book_valuer_per_share": 14.94,
            "book_valuer_per_share_4q_avg": 15.93,
            "equity": 706101,
            "current_ratio": 392.29,
            "debt_ratio": 35.23,
            "inventory_turnover_ratio": null,
            "account_receivable_turnover_ratio": 0.98,
            "reinvestment_rate": 30.56,
            "research_to_sale_ratio": 7.32,
            "price_fair": 61.6,
            "eps_avg_yearly": 1.76,
            "eps_latest_yearly": 0.76,
            "eps_growth_yearly": 454.03
        },
        "20133": {
            "year_quarter": 20133,
            "year": 2013,
            "quarter": 3,
            "eps": -0.19,
            "eps_growth_year": -137.95,
            "eps_4q": 0.99,
            "eps_4q_growth_year": -50.46,
            "roe": -1.31,
            "roe_4q": 6.02,
            "gross_profit": 33372,
            "gross_margin": 27.22,
            "gross_margin_4q_avg": 33.16,
            "net_income": -9189,
            "revenue": 122599,
            "common_shares": 472539,
            "book_valuer_per_share": 14.73,
            "book_valuer_per_share_4q_avg": 15.61,
            "equity": 695927,
            "current_ratio": 484.59,
            "debt_ratio": 31.79,
            "inventory_turnover_ratio": null,
            "account_receivable_turnover_ratio": 0.78,
            "reinvestment_rate": 31.98,
            "research_to_sale_ratio": 9.85,
            "price_fair": 65.1,
            "eps_avg_yearly": 1.86,
            "eps_latest_yearly": 0.76,
            "eps_growth_yearly": 349.43
        },
        "20134": {
            "year_quarter": 20134,
            "year": 2013,
            "quarter": 4,
            "eps": 0.58,
            "eps_growth_year": 17.08,
            "eps_4q": 1.08,
            "eps_4q_growth_year": -42.49,
            "roe": 3.83,
            "roe_4q": 6.82,
            "gross_profit": 65188,
            "gross_margin": 36.59,
            "gross_margin_4q_avg": 32.89,
            "net_income": 27314,
            "revenue": 178164,
            "common_shares": 472539,
            "book_valuer_per_share": 15.43,
            "book_valuer_per_share_4q_avg": 15.33,
            "equity": 729354,
            "current_ratio": 458.79,
            "debt_ratio": 31.91,
            "inventory_turnover_ratio": null,
            "account_receivable_turnover_ratio": 1.31,
            "reinvestment_rate": -1.71,
            "research_to_sale_ratio": 6.82,
            "price_fair": 65.1,
            "eps_avg_yearly": 1.86,
            "eps_latest_yearly": 0.76,
            "eps_growth_yearly": 349.43
        },
        "20141": {
            "year_quarter": 20141,
            "year": 2014,
            "quarter": 1,
            "eps": 0.27,
            "eps_growth_year": -46,
            "eps_4q": 0.85,
            "eps_4q_growth_year": -50.52,
            "roe": 1.73,
            "roe_4q": 5.49,
            "gross_profit": 36252,
            "gross_margin": 25.32,
            "gross_margin_4q_avg": 29.65,
            "net_income": 12719,
            "revenue": 143151,
            "common_shares": 472539,
            "book_valuer_per_share": 15.72,
            "book_valuer_per_share_4q_avg": 15.21,
            "equity": 742643,
            "current_ratio": 518.94,
            "debt_ratio": 29.86,
            "inventory_turnover_ratio": null,
            "account_receivable_turnover_ratio": 1.12,
            "reinvestment_rate": -2.16,
            "research_to_sale_ratio": 9.13,
            "price_fair": 62.62,
            "eps_avg_yearly": 1.79,
            "eps_latest_yearly": 1.08,
            "eps_growth_yearly": 298.23
        },
        "20142": {
            "year_quarter": 20142,
            "year": 2014,
            "quarter": 2,
            "eps": -0.13,
            "eps_growth_year": -168.42,
            "eps_4q": 0.52,
            "eps_4q_growth_year": -69.07,
            "roe": -0.86,
            "roe_4q": 3.39,
            "gross_profit": 34646,
            "gross_margin": 25.11,
            "gross_margin_4q_avg": 28.56,
            "net_income": -6155,
            "revenue": 137998,
            "common_shares": 472539,
            "book_valuer_per_share": 14.56,
            "book_valuer_per_share_4q_avg": 15.11,
            "equity": 687873,
            "current_ratio": 397.62,
            "debt_ratio": 35.21,
            "inventory_turnover_ratio": null,
            "account_receivable_turnover_ratio": 1.03,
            "reinvestment_rate": -4.97,
            "research_to_sale_ratio": 9.31,
            "price_fair": 62.62,
            "eps_avg_yearly": 1.79,
            "eps_latest_yearly": 1.08,
            "eps_growth_yearly": 298.23
        },
        "20143": {
            "year_quarter": 20143,
            "year": 2014,
            "quarter": 3,
            "eps": 0.01,
            "eps_growth_year": null,
            "eps_4q": 0.72,
            "eps_4q_growth_year": -27.14,
            "roe": 0.05,
            "roe_4q": 4.75,
            "gross_profit": 41047,
            "gross_margin": 30.43,
            "gross_margin_4q_avg": 29.36,
            "net_income": 344,
            "revenue": 134884,
            "common_shares": 472539,
            "book_valuer_per_share": 14.6,
            "book_valuer_per_share_4q_avg": 15.08,
            "equity": 689926,
            "current_ratio": 458.11,
            "debt_ratio": 32.81,
            "inventory_turnover_ratio": null,
            "account_receivable_turnover_ratio": 1,
            "reinvestment_rate": -6.53,
            "research_to_sale_ratio": 11.34,
            "price_fair": 66.92,
            "eps_avg_yearly": 1.91,
            "eps_latest_yearly": 1.08,
            "eps_growth_yearly": 348.74
        },
        "20144": {
            "year_quarter": 20144,
            "year": 2014,
            "quarter": 4,
            "eps": 1.16,
            "eps_growth_year": 99.89,
            "eps_4q": 1.3,
            "eps_4q_growth_year": 20.71,
            "roe": 7.6,
            "roe_4q": 8.52,
            "gross_profit": 99701,
            "gross_margin": 43.04,
            "gross_margin_4q_avg": 30.98,
            "net_income": 54598,
            "revenue": 231632,
            "common_shares": 472539,
            "book_valuer_per_share": 15.81,
            "book_valuer_per_share_4q_avg": 15.17,
            "equity": 747207,
            "current_ratio": 453.19,
            "debt_ratio": 32.49,
            "inventory_turnover_ratio": null,
            "account_receivable_turnover_ratio": 1.65,
            "reinvestment_rate": -6.11,
            "research_to_sale_ratio": 6.44,
            "price_fair": 81.34,
            "eps_avg_yearly": 2.32,
            "eps_latest_yearly": 4.64,
            "eps_growth_yearly": 4951.6
        },
        "20151": {
            "year_quarter": 20151,
            "year": 2015,
            "quarter": 1,
            "eps": -0.18,
            "eps_growth_year": -166.67,
            "eps_4q": 0.85,
            "eps_4q_growth_year": 0.18,
            "roe": -1.18,
            "roe_4q": 5.609999999999999,
            "gross_profit": 35441,
            "gross_margin": 26.39,
            "gross_margin_4q_avg": 31.24,
            "net_income": -8732,
            "revenue": 134284,
            "common_shares": 472539,
            "book_valuer_per_share": 15.6,
            "book_valuer_per_share_4q_avg": 15.14,
            "equity": 737180,
            "current_ratio": 498.99,
            "debt_ratio": 31.07,
            "inventory_turnover_ratio": null,
            "account_receivable_turnover_ratio": 0.93,
            "reinvestment_rate": -8.29,
            "research_to_sale_ratio": 11.17,
            "price_fair": 71.87,
            "eps_avg_yearly": 2.05,
            "eps_latest_yearly": 4.64,
            "eps_growth_yearly": 5139.38
        },
        "20152": {
            "year_quarter": 20152,
            "year": 2015,
            "quarter": 2,
            "eps": 0.19,
            "eps_growth_year": null,
            "eps_4q": 1.17,
            "eps_4q_growth_year": 123.92,
            "roe": 1.27,
            "roe_4q": 7.739999999999999,
            "gross_profit": 44233,
            "gross_margin": 31.63,
            "gross_margin_4q_avg": 32.87,
            "net_income": 9074,
            "revenue": 139843,
            "common_shares": 472539,
            "book_valuer_per_share": 14.58,
            "book_valuer_per_share_4q_avg": 15.15,
            "equity": 688742,
            "current_ratio": 395.45,
            "debt_ratio": 35.85,
            "inventory_turnover_ratio": null,
            "account_receivable_turnover_ratio": 1.05,
            "reinvestment_rate": -5.06,
            "research_to_sale_ratio": 10.05,
            "price_fair": 71.87,
            "eps_avg_yearly": 2.05,
            "eps_latest_yearly": 4.64,
            "eps_growth_yearly": 5139.38
        },
        "20153": {
            "year_quarter": 20153,
            "year": 2015,
            "quarter": 3,
            "eps": 0.2,
            "eps_growth_year": 1900,
            "eps_4q": 1.37,
            "eps_4q_growth_year": 89.6,
            "roe": 1.37,
            "roe_4q": 9.06,
            "gross_profit": 39032,
            "gross_margin": 27.77,
            "gross_margin_4q_avg": 32.21,
            "net_income": 9507,
            "revenue": 140547,
            "common_shares": 472539,
            "book_valuer_per_share": 14.85,
            "book_valuer_per_share_4q_avg": 15.21,
            "equity": 697051,
            "current_ratio": 475.91,
            "debt_ratio": 32.54,
            "inventory_turnover_ratio": null,
            "account_receivable_turnover_ratio": 1.08,
            "reinvestment_rate": -7.04,
            "research_to_sale_ratio": 10.49,
            "price_fair": 67.48,
            "eps_avg_yearly": 1.93,
            "eps_latest_yearly": 0.8,
            "eps_growth_yearly": 4627.55
        },
        "20154": {
            "year_quarter": 20154,
            "year": 2015,
            "quarter": 4,
            "eps": 0.59,
            "eps_growth_year": -49.23,
            "eps_4q": 0.8,
            "eps_4q_growth_year": -38.28,
            "roe": 3.83,
            "roe_4q": 5.290000000000001,
            "gross_profit": 67711,
            "gross_margin": 34.32,
            "gross_margin_4q_avg": 30.03,
            "net_income": 26654,
            "revenue": 197310,
            "common_shares": 472539,
            "book_valuer_per_share": 15.26,
            "book_valuer_per_share_4q_avg": 15.07,
            "equity": 693534,
            "current_ratio": 425.63,
            "debt_ratio": 35.06,
            "inventory_turnover_ratio": null,
            "account_receivable_turnover_ratio": 1.3,
            "reinvestment_rate": -6.33,
            "research_to_sale_ratio": 7.29,
            "price_fair": 66.92,
            "eps_avg_yearly": 1.91,
            "eps_latest_yearly": 2.36,
            "eps_growth_yearly": 4664.26
        },
        "20161": {
            "year_quarter": 20161,
            "year": 2016,
            "quarter": 1,
            "eps": 0.27,
            "eps_growth_year": null,
            "eps_4q": 1.26,
            "eps_4q_growth_year": 49.23,
            "roe": 1.76,
            "roe_4q": 8.23,
            "gross_profit": 59570,
            "gross_margin": 31.61,
            "gross_margin_4q_avg": 31.33,
            "net_income": 12360,
            "revenue": 188431,
            "common_shares": 472539,
            "book_valuer_per_share": 15.53,
            "book_valuer_per_share_4q_avg": 15.06,
            "equity": 708063,
            "current_ratio": 477.68,
            "debt_ratio": 31.14,
            "inventory_turnover_ratio": null,
            "account_receivable_turnover_ratio": 1.19,
            "reinvestment_rate": -8.19,
            "research_to_sale_ratio": 7.52,
            "price_fair": 61.32,
            "eps_avg_yearly": 1.75,
            "eps_latest_yearly": 1.08,
            "eps_growth_yearly": 4640.02
        },
        "20162": {
            "year_quarter": 20162,
            "year": 2016,
            "quarter": 2,
            "eps": -0.16,
            "eps_growth_year": -184.21,
            "eps_4q": 0.91,
            "eps_4q_growth_year": -22.35,
            "roe": -1.13,
            "roe_4q": 5.83,
            "gross_profit": 38330,
            "gross_margin": 29.98,
            "gross_margin_4q_avg": 30.92,
            "net_income": -7674,
            "revenue": 127843,
            "common_shares": 472539,
            "book_valuer_per_share": 14.32,
            "book_valuer_per_share_4q_avg": 14.99,
            "equity": 654963,
            "current_ratio": 380.8,
            "debt_ratio": 35.84,
            "inventory_turnover_ratio": null,
            "account_receivable_turnover_ratio": 1,
            "reinvestment_rate": -7.3,
            "research_to_sale_ratio": 11.47,
            "price_fair": 64.87,
            "eps_avg_yearly": 1.85,
            "eps_latest_yearly": 1.08,
            "eps_growth_yearly": 5186.09
        },
        "20163": {
            "year_quarter": 20163,
            "year": 2016,
            "quarter": 3,
            "eps": 0.47,
            "eps_growth_year": 135,
            "eps_4q": 1.17,
            "eps_4q_growth_year": -14.92,
            "roe": 3.21,
            "roe_4q": 7.67,
            "gross_profit": 58192,
            "gross_margin": 36.43,
            "gross_margin_4q_avg": 33.09,
            "net_income": 21312,
            "revenue": 159720,
            "common_shares": 472539,
            "book_valuer_per_share": 14.7,
            "book_valuer_per_share_4q_avg": 14.95,
            "equity": 672064,
            "current_ratio": 461.95,
            "debt_ratio": 32.31,
            "inventory_turnover_ratio": null,
            "account_receivable_turnover_ratio": 1.39,
            "reinvestment_rate": -8.73,
            "research_to_sale_ratio": 9.39,
            "price_fair": 64.23,
            "eps_avg_yearly": 1.84,
            "eps_latest_yearly": 1.08,
            "eps_growth_yearly": 5765.31
        },
        "20164": {
            "year_quarter": 20164,
            "year": 2016,
            "quarter": 4,
            "eps": 1.21,
            "eps_growth_year": 106.66,
            "eps_4q": 1.79,
            "eps_4q_growth_year": 123.3,
            "roe": 7.97,
            "roe_4q": 11.81,
            "gross_profit": 81442,
            "gross_margin": 37.63,
            "gross_margin_4q_avg": 33.91,
            "net_income": 55446,
            "revenue": 216416,
            "common_shares": 472539,
            "book_valuer_per_share": 15.71,
            "book_valuer_per_share_4q_avg": 15.07,
            "equity": 718542,
            "current_ratio": 418.28,
            "debt_ratio": 33.91,
            "inventory_turnover_ratio": null,
            "account_receivable_turnover_ratio": 1.49,
            "reinvestment_rate": -6.52,
            "research_to_sale_ratio": 8.28,
            "price_fair": 76.83,
            "eps_avg_yearly": 2.2,
            "eps_latest_yearly": 4.84,
            "eps_growth_yearly": 5845.03
        },
        "20171": {
            "year_quarter": 20171,
            "year": 2017,
            "quarter": 1,
            "eps": -0.64,
            "eps_growth_year": -337.04,
            "eps_4q": 0.88,
            "eps_4q_growth_year": -30.24,
            "roe": -4.13,
            "roe_4q": 5.92,
            "gross_profit": 33823,
            "gross_margin": 24.04,
            "gross_margin_4q_avg": 32.02,
            "net_income": -29216,
            "revenue": 140673,
            "common_shares": 472539,
            "book_valuer_per_share": 15.2,
            "book_valuer_per_share_4q_avg": 14.98,
            "equity": 695067,
            "current_ratio": 502.47,
            "debt_ratio": 31.21,
            "inventory_turnover_ratio": null,
            "account_receivable_turnover_ratio": 0.88,
            "reinvestment_rate": -7.58,
            "research_to_sale_ratio": 10.92,
            "price_fair": 77.8,
            "eps_avg_yearly": 2.22,
            "eps_latest_yearly": 4.84,
            "eps_growth_yearly": 6678.87
        },
        "20172": {
            "year_quarter": 20172,
            "year": 2017,
            "quarter": 2,
            "eps": 0.51,
            "eps_growth_year": null,
            "eps_4q": 1.51,
            "eps_4q_growth_year": 65.78,
            "roe": 3.44,
            "roe_4q": 10.489999999999998,
            "gross_profit": 63691,
            "gross_margin": 39.3,
            "gross_margin_4q_avg": 34.35,
            "net_income": 23718,
            "revenue": 162055,
            "common_shares": 472539,
            "book_valuer_per_share": 14.35,
            "book_valuer_per_share_4q_avg": 14.99,
            "equity": 682117,
            "current_ratio": 382.56,
            "debt_ratio": 36.3,
            "inventory_turnover_ratio": null,
            "account_receivable_turnover_ratio": 1.11,
            "reinvestment_rate": -2.6,
            "research_to_sale_ratio": 10.18,
            "price_fair": 86.33,
            "eps_avg_yearly": 2.47,
            "eps_latest_yearly": 4.84,
            "eps_growth_yearly": 7833.35
        },
        "20173": {
            "year_quarter": 20173,
            "year": 2017,
            "quarter": 3,
            "eps": -0.02,
            "eps_growth_year": -104.26,
            "eps_4q": 1.04,
            "eps_4q_growth_year": -11.18,
            "roe": -0.13,
            "roe_4q": 7.15,
            "gross_profit": 38430,
            "gross_margin": 25.55,
            "gross_margin_4q_avg": 31.63,
            "net_income": -910,
            "revenue": 150432,
            "common_shares": 472539,
            "book_valuer_per_share": 14.35,
            "book_valuer_per_share_4q_avg": 14.9,
            "equity": 682036,
            "current_ratio": 372.18,
            "debt_ratio": 36.99,
            "inventory_turnover_ratio": null,
            "account_receivable_turnover_ratio": 1.06,
            "reinvestment_rate": -2.56,
            "research_to_sale_ratio": 11.13,
            "price_fair": 86.33,
            "eps_avg_yearly": 2.47,
            "eps_latest_yearly": 4.84,
            "eps_growth_yearly": 7833.35
        },
        "20174": {
            "year_quarter": 20174,
            "year": 2017,
            "quarter": 4,
            "eps": 0.81,
            "eps_growth_year": -33.2,
            "eps_4q": 0.68,
            "eps_4q_growth_year": -62,
            "roe": 5.41,
            "roe_4q": 4.590000000000001,
            "gross_profit": 89003,
            "gross_margin": 39.92,
            "gross_margin_4q_avg": 32.2,
            "net_income": 37816,
            "revenue": 222978,
            "common_shares": 472539,
            "book_valuer_per_share": 15.06,
            "book_valuer_per_share_4q_avg": 14.74,
            "equity": 715402,
            "current_ratio": 434.47,
            "debt_ratio": 34.75,
            "inventory_turnover_ratio": null,
            "account_receivable_turnover_ratio": 1.5,
            "reinvestment_rate": 5.16,
            "research_to_sale_ratio": 7.19,
            "price_fair": 86.33,
            "eps_avg_yearly": 2.47,
            "eps_latest_yearly": 4.84,
            "eps_growth_yearly": 7833.35
        },
        "20181": {
            "year_quarter": 20181,
            "year": 2018,
            "quarter": 1,
            "eps": -0.4,
            "eps_growth_year": null,
            "eps_4q": 0.9,
            "eps_4q_growth_year": 1.66,
            "roe": -2.69,
            "roe_4q": 6.03,
            "gross_profit": 26353,
            "gross_margin": 19.87,
            "gross_margin_4q_avg": 31.16,
            "net_income": -19020,
            "revenue": 132660,
            "common_shares": 472539,
            "book_valuer_per_share": 14.66,
            "book_valuer_per_share_4q_avg": 14.61,
            "equity": 696268,
            "current_ratio": 481.31,
            "debt_ratio": 32.64,
            "inventory_turnover_ratio": null,
            "account_receivable_turnover_ratio": 1.04,
            "reinvestment_rate": 6.42,
            "research_to_sale_ratio": 14.04,
            "price_fair": 96.04,
            "eps_avg_yearly": 2.74,
            "eps_latest_yearly": 4.84,
            "eps_growth_yearly": 9442.78
        },
        "20182": {
            "year_quarter": 20182,
            "year": 2018,
            "quarter": 2,
            "eps": 0.74,
            "eps_growth_year": 45.1,
            "eps_4q": 1.13,
            "eps_4q_growth_year": -25.19,
            "roe": 5.03,
            "roe_4q": 7.62,
            "gross_profit": 65617,
            "gross_margin": 40.18,
            "gross_margin_4q_avg": 31.38,
            "net_income": 34750,
            "revenue": 163288,
            "common_shares": 472539,
            "book_valuer_per_share": 14.43,
            "book_valuer_per_share_4q_avg": 14.63,
            "equity": 685608,
            "current_ratio": 378.68,
            "debt_ratio": 37.08,
            "inventory_turnover_ratio": null,
            "account_receivable_turnover_ratio": 1.61,
            "reinvestment_rate": 8.09,
            "research_to_sale_ratio": 9.61,
            "price_fair": 96.04,
            "eps_avg_yearly": 2.74,
            "eps_latest_yearly": 4.84,
            "eps_growth_yearly": 9442.78
        },
        "20183": {
            "year_quarter": 20183,
            "year": 2018,
            "quarter": 3,
            "eps": 0.4,
            "eps_growth_year": null,
            "eps_4q": 1.54,
            "eps_4q_growth_year": 48.41,
            "roe": 2.7,
            "roe_4q": 10.450000000000001,
            "gross_profit": 65026,
            "gross_margin": 37.11,
            "gross_margin_4q_avg": 34.27,
            "net_income": 18749,
            "revenue": 175247,
            "common_shares": 472539,
            "book_valuer_per_share": 14.81,
            "book_valuer_per_share_4q_avg": 14.74,
            "equity": 703334,
            "current_ratio": 420.12,
            "debt_ratio": 33.96,
            "inventory_turnover_ratio": null,
            "account_receivable_turnover_ratio": 1.5,
            "reinvestment_rate": 2.5,
            "research_to_sale_ratio": 12.15,
            "price_fair": 89.37,
            "eps_avg_yearly": 2.55,
            "eps_latest_yearly": 1.6,
            "eps_growth_yearly": 7838.35
        },
        "20184": {
            "year_quarter": 20184,
            "year": 2018,
            "quarter": 4,
            "eps": 0.48,
            "eps_growth_year": -40.73,
            "eps_4q": 1.21,
            "eps_4q_growth_year": 77.5,
            "roe": 3.17,
            "roe_4q": 8.21,
            "gross_profit": 91995,
            "gross_margin": 45.47,
            "gross_margin_4q_avg": 35.66,
            "net_income": 22695,
            "revenue": 202326,
            "common_shares": 472539,
            "book_valuer_per_share": 15.32,
            "book_valuer_per_share_4q_avg": 14.81,
            "equity": 727629,
            "current_ratio": 393.86,
            "debt_ratio": 34.87,
            "inventory_turnover_ratio": null,
            "account_receivable_turnover_ratio": 1.69,
            "reinvestment_rate": 7.62,
            "research_to_sale_ratio": 17.52,
            "price_fair": 73.5,
            "eps_avg_yearly": 2.1,
            "eps_latest_yearly": 1.92,
            "eps_growth_yearly": 185.02
        },
        "20191": {
            "year_quarter": 20191,
            "year": 2019,
            "quarter": 1,
            "eps": 0.15,
            "eps_growth_year": null,
            "eps_4q": 1.76,
            "eps_4q_growth_year": 95.93,
            "roe": 0.94,
            "roe_4q": 11.84,
            "gross_profit": 53185,
            "gross_margin": 32.84,
            "gross_margin_4q_avg": 38.9,
            "net_income": 6855,
            "revenue": 161945,
            "common_shares": 472539,
            "book_valuer_per_share": 15.48,
            "book_valuer_per_share_4q_avg": 15.01,
            "equity": 735244,
            "current_ratio": 409.23,
            "debt_ratio": 34.49,
            "inventory_turnover_ratio": null,
            "account_receivable_turnover_ratio": 1.57,
            "reinvestment_rate": 8.09,
            "research_to_sale_ratio": 14.5,
            "price_fair": 66,
            "eps_avg_yearly": 1.89,
            "eps_latest_yearly": 0.6,
            "eps_growth_yearly": 119.3
        },
        "20192": {
            "year_quarter": 20192,
            "year": 2019,
            "quarter": 2,
            "eps": 0.61,
            "eps_growth_year": -17.57,
            "eps_4q": 1.63,
            "eps_4q_growth_year": 44.9,
            "roe": 4.03,
            "roe_4q": 10.84,
            "gross_profit": 86199,
            "gross_margin": 50.49,
            "gross_margin_4q_avg": 41.48,
            "net_income": 29054,
            "revenue": 170713,
            "common_shares": 472539,
            "book_valuer_per_share": 14.9,
            "book_valuer_per_share_4q_avg": 15.13,
            "equity": 708151,
            "current_ratio": 320.46,
            "debt_ratio": 39.76,
            "inventory_turnover_ratio": null,
            "account_receivable_turnover_ratio": 1.69,
            "reinvestment_rate": 6.99,
            "research_to_sale_ratio": 13.94,
            "price_fair": 68.43,
            "eps_avg_yearly": 1.96,
            "eps_latest_yearly": 2.44,
            "eps_growth_yearly": 257.72
        },
        "20193": {
            "year_quarter": 20193,
            "year": 2019,
            "quarter": 3,
            "eps": 0.24,
            "eps_growth_year": -40,
            "eps_4q": 1.47,
            "eps_4q_growth_year": -4.42,
            "roe": 1.55,
            "roe_4q": 9.69,
            "gross_profit": 67515,
            "gross_margin": 40.43,
            "gross_margin_4q_avg": 42.31,
            "net_income": 11068,
            "revenue": 167002,
            "common_shares": 472539,
            "book_valuer_per_share": 15.11,
            "book_valuer_per_share_4q_avg": 15.2,
            "equity": 717654,
            "current_ratio": 344.88,
            "debt_ratio": 37.83,
            "inventory_turnover_ratio": null,
            "account_receivable_turnover_ratio": 1.54,
            "reinvestment_rate": 6.67,
            "research_to_sale_ratio": 13.6,
            "price_fair": 69.13,
            "eps_avg_yearly": 1.98,
            "eps_latest_yearly": 0.96,
            "eps_growth_yearly": 224.76
        },
        "20194": {
            "year_quarter": 20194,
            "year": 2019,
            "quarter": 4,
            "eps": 0.7,
            "eps_growth_year": 46.36,
            "eps_4q": 1.69,
            "eps_4q_growth_year": 40.02,
            "roe": 4.56,
            "roe_4q": 11.08,
            "gross_profit": 98355,
            "gross_margin": 44.14,
            "gross_margin_4q_avg": 41.98,
            "net_income": 33400,
            "revenue": 222844,
            "common_shares": 472539,
            "book_valuer_per_share": 15.71,
            "book_valuer_per_share_4q_avg": 15.3,
            "equity": 745991,
            "current_ratio": 316.52,
            "debt_ratio": 39.57,
            "inventory_turnover_ratio": null,
            "account_receivable_turnover_ratio": 2.12,
            "reinvestment_rate": 6.32,
            "research_to_sale_ratio": 12.01,
            "price_fair": 71.05,
            "eps_avg_yearly": 2.03,
            "eps_latest_yearly": 2.8,
            "eps_growth_yearly": 223.1
        },
        "20201": {
            "year_quarter": 20201,
            "year": 2020,
            "quarter": 1,
            "eps": 0.11,
            "eps_growth_year": -26.67,
            "eps_4q": 1.66,
            "eps_4q_growth_year": -5.49,
            "roe": 0.7,
            "roe_4q": 10.84,
            "gross_profit": 57878,
            "gross_margin": 30.82,
            "gross_margin_4q_avg": 41.47,
            "net_income": 5279,
            "revenue": 187804,
            "common_shares": 472539,
            "book_valuer_per_share": 15.83,
            "book_valuer_per_share_4q_avg": 15.39,
            "equity": 751558,
            "current_ratio": 335,
            "debt_ratio": 37.87,
            "inventory_turnover_ratio": null,
            "account_receivable_turnover_ratio": 1.82,
            "reinvestment_rate": 6.31,
            "research_to_sale_ratio": 12.93,
            "price_fair": 68.25,
            "eps_avg_yearly": 1.95,
            "eps_latest_yearly": 0.44,
            "eps_growth_yearly": 208.07
        },
        "20202": {
            "year_quarter": 20202,
            "year": 2020,
            "quarter": 2,
            "eps": 0.05,
            "eps_growth_year": -91.8,
            "eps_4q": 1.1,
            "eps_4q_growth_year": -32.53,
            "roe": 0.35,
            "roe_4q": 7.159999999999999,
            "gross_profit": 47259,
            "gross_margin": 33.98,
            "gross_margin_4q_avg": 37.34,
            "net_income": 2512,
            "revenue": 139072,
            "common_shares": 472539,
            "book_valuer_per_share": 14.43,
            "book_valuer_per_share_4q_avg": 15.27,
            "equity": 685729,
            "current_ratio": 275.21,
            "debt_ratio": 43.73,
            "inventory_turnover_ratio": null,
            "account_receivable_turnover_ratio": 1.44,
            "reinvestment_rate": 4.45,
            "research_to_sale_ratio": 13.49,
            "price_fair": 61.44,
            "eps_avg_yearly": 1.76,
            "eps_latest_yearly": 0.2,
            "eps_growth_yearly": 160.71
        },
        "20203": {
            "year_quarter": 20203,
            "year": 2020,
            "quarter": 3,
            "eps": 1.19,
            "eps_growth_year": 395.83,
            "eps_4q": 2.06,
            "eps_4q_growth_year": 39.79,
            "roe": 7.91,
            "roe_4q": 13.52,
            "gross_profit": 99772,
            "gross_margin": 49.49,
            "gross_margin_4q_avg": 39.61,
            "net_income": 56465,
            "revenue": 201588,
            "common_shares": 472539,
            "book_valuer_per_share": 15.62,
            "book_valuer_per_share_4q_avg": 15.4,
            "equity": 741834,
            "current_ratio": 316.4,
            "debt_ratio": 39.64,
            "inventory_turnover_ratio": null,
            "account_receivable_turnover_ratio": 1.94,
            "reinvestment_rate": 5.43,
            "research_to_sale_ratio": 10.2,
            "price_fair": 71.96,
            "eps_avg_yearly": 2.06,
            "eps_latest_yearly": 4.76,
            "eps_growth_yearly": 1056.64
        },
        "20204": {
            "year_quarter": 20204,
            "year": 2020,
            "quarter": 4,
            "eps": 0.71,
            "eps_growth_year": 1.57,
            "eps_4q": 2.07,
            "eps_4q_growth_year": 22.08,
            "roe": 4.45,
            "roe_4q": 13.409999999999998,
            "gross_profit": 97310,
            "gross_margin": 39.68,
            "gross_margin_4q_avg": 38.49,
            "net_income": 33705,
            "revenue": 245227,
            "common_shares": 472539,
            "book_valuer_per_share": 16.26,
            "book_valuer_per_share_4q_avg": 15.54,
            "equity": 771770,
            "current_ratio": 303.76,
            "debt_ratio": 40.76,
            "inventory_turnover_ratio": null,
            "account_receivable_turnover_ratio": 2.16,
            "reinvestment_rate": 7.8,
            "research_to_sale_ratio": 9.56,
            "price_fair": 64.96,
            "eps_avg_yearly": 1.86,
            "eps_latest_yearly": 2.84,
            "eps_growth_yearly": 977.53
        },
        "20211": {
            "year_quarter": 20211,
            "year": 2021,
            "quarter": 1,
            "eps": 0.29,
            "eps_growth_year": 163.64,
            "eps_4q": 2.25,
            "eps_4q_growth_year": 35.17,
            "roe": 1.77,
            "roe_4q": 14.48,
            "gross_profit": 55656,
            "gross_margin": 32.3,
            "gross_margin_4q_avg": 38.86,
            "net_income": 13795,
            "revenue": 172315,
            "common_shares": 472539,
            "book_valuer_per_share": 16.56,
            "book_valuer_per_share_4q_avg": 15.72,
            "equity": 786030,
            "current_ratio": 317.54,
            "debt_ratio": 39.03,
            "inventory_turnover_ratio": null,
            "account_receivable_turnover_ratio": 1.8,
            "reinvestment_rate": 10.04,
            "research_to_sale_ratio": 13.66,
            "price_fair": 62.75,
            "eps_avg_yearly": 1.79,
            "eps_latest_yearly": 1.16,
            "eps_growth_yearly": 867.15
        },
        "20212": {
            "year_quarter": 20212,
            "year": 2021,
            "quarter": 2,
            "eps": -0.36,
            "eps_growth_year": -820,
            "eps_4q": 1.84,
            "eps_4q_growth_year": 66.99,
            "roe": -2.15,
            "roe_4q": 11.98,
            "gross_profit": 34907,
            "gross_margin": 25.1,
            "gross_margin_4q_avg": 36.64,
            "net_income": -16712,
            "revenue": 139047,
            "common_shares": 472539,
            "book_valuer_per_share": 16.19,
            "book_valuer_per_share_4q_avg": 16.16,
            "equity": 768615,
            "current_ratio": 311.22,
            "debt_ratio": 39.52,
            "inventory_turnover_ratio": null,
            "account_receivable_turnover_ratio": 1.91,
            "reinvestment_rate": 11.24,
            "research_to_sale_ratio": 14.85,
            "price_fair": 62.75,
            "eps_avg_yearly": 1.79,
            "eps_latest_yearly": 1.16,
            "eps_growth_yearly": 867.15
        },
        "20213": {
            "year_quarter": 20213,
            "year": 2021,
            "quarter": 3,
            "eps": 1.28,
            "eps_growth_year": 7.56,
            "eps_4q": 1.92,
            "eps_4q_growth_year": -6.57,
            "roe": 7.92,
            "roe_4q": 11.989999999999998,
            "gross_profit": 113273,
            "gross_margin": 51.8,
            "gross_margin_4q_avg": 37.22,
            "net_income": 60441,
            "revenue": 218682,
            "common_shares": 472539,
            "book_valuer_per_share": 15.97,
            "book_valuer_per_share_4q_avg": 16.25,
            "equity": 758366,
            "current_ratio": 306.82,
            "debt_ratio": 39.79,
            "inventory_turnover_ratio": null,
            "account_receivable_turnover_ratio": 2.56,
            "reinvestment_rate": 11.42,
            "research_to_sale_ratio": 9.89,
            "price_fair": 62.75,
            "eps_avg_yearly": 1.79,
            "eps_latest_yearly": 1.16,
            "eps_growth_yearly": 867.15
        },
        "20214": {
            "year_quarter": 20214,
            "year": 2021,
            "quarter": 4,
            "eps": 1.21,
            "eps_growth_year": 70.26,
            "eps_4q": 2.42,
            "eps_4q_growth_year": 17.16,
            "roe": 7.28,
            "roe_4q": 14.819999999999999,
            "gross_profit": 129943,
            "gross_margin": 48,
            "gross_margin_4q_avg": 39.3,
            "net_income": 57431,
            "revenue": 270690,
            "common_shares": 472539,
            "book_valuer_per_share": 17.25,
            "book_valuer_per_share_4q_avg": 16.49,
            "equity": 818878,
            "current_ratio": 306.31,
            "debt_ratio": 38.67,
            "inventory_turnover_ratio": null,
            "account_receivable_turnover_ratio": 2.1,
            "reinvestment_rate": 8.09,
            "research_to_sale_ratio": 9.67,
            "price_fair": 71.63,
            "eps_avg_yearly": 2.05,
            "eps_latest_yearly": 4.84,
            "eps_growth_yearly": 793.06
        },
        "20221": {
            "year_quarter": 20221,
            "year": 2022,
            "quarter": 1,
            "eps": 0.44,
            "eps_growth_year": 51.72,
            "eps_4q": 2.58,
            "eps_4q_growth_year": 14.71,
            "roe": 2.5,
            "roe_4q": 15.550000000000002,
            "gross_profit": 61258,
            "gross_margin": 32.79,
            "gross_margin_4q_avg": 39.42,
            "net_income": 20767,
            "revenue": 186842,
            "common_shares": 472539,
            "book_valuer_per_share": 17.77,
            "book_valuer_per_share_4q_avg": 16.8,
            "equity": 843420,
            "current_ratio": 329.42,
            "debt_ratio": 36.37,
            "inventory_turnover_ratio": null,
            "account_receivable_turnover_ratio": 1.33,
            "reinvestment_rate": 9.73,
            "research_to_sale_ratio": 13.84,
            "price_fair": 70.86,
            "eps_avg_yearly": 2.02,
            "eps_latest_yearly": 1.76,
            "eps_growth_yearly": 712.48
        },
        "20222": {
            "year_quarter": 20222,
            "year": 2022,
            "quarter": 2,
            "eps": 0.72,
            "eps_growth_year": null,
            "eps_4q": 3.66,
            "eps_4q_growth_year": 98.78,
            "roe": 4.26,
            "roe_4q": 21.96,
            "gross_profit": 83029,
            "gross_margin": 43.86,
            "gross_margin_4q_avg": 44.11,
            "net_income": 34351,
            "revenue": 189324,
            "common_shares": 472539,
            "book_valuer_per_share": 16.21,
            "book_valuer_per_share_4q_avg": 16.8,
            "equity": 769970,
            "current_ratio": 262.49,
            "debt_ratio": 43.11,
            "inventory_turnover_ratio": null,
            "account_receivable_turnover_ratio": 1.56,
            "reinvestment_rate": 8.85,
            "research_to_sale_ratio": 13.2,
            "price_fair": 73,
            "eps_avg_yearly": 2.09,
            "eps_latest_yearly": 2.88,
            "eps_growth_yearly": 679.77
        },
        "20223": {
            "year_quarter": 20223,
            "year": 2022,
            "quarter": 3,
            "eps": 1.02,
            "eps_growth_year": -20.31,
            "eps_4q": 3.41,
            "eps_4q_growth_year": 77.13,
            "roe": 6.08,
            "roe_4q": 20.12,
            "gross_profit": 83659,
            "gross_margin": 42.41,
            "gross_margin_4q_avg": 41.77,
            "net_income": 48300,
            "revenue": 197257,
            "common_shares": 472539,
            "book_valuer_per_share": 17.27,
            "book_valuer_per_share_4q_avg": 17.13,
            "equity": 819921,
            "current_ratio": 323.07,
            "debt_ratio": 37.06,
            "inventory_turnover_ratio": null,
            "account_receivable_turnover_ratio": 1.56,
            "reinvestment_rate": 13.75,
            "research_to_sale_ratio": 12.3,
            "price_fair": 79.2,
            "eps_avg_yearly": 2.26,
            "eps_latest_yearly": 4.08,
            "eps_growth_yearly": 704.8
        },
        "20224": {
            "year_quarter": 20224,
            "year": 2022,
            "quarter": 4,
            "eps": 0.84,
            "eps_growth_year": -30.47,
            "eps_4q": 3.04,
            "eps_4q_growth_year": 25.22,
            "roe": 4.7,
            "roe_4q": 17.54,
            "gross_profit": 108039,
            "gross_margin": 47.16,
            "gross_margin_4q_avg": 41.56,
            "net_income": 39905,
            "revenue": 229081,
            "common_shares": 472539,
            "book_valuer_per_share": 18.48,
            "book_valuer_per_share_4q_avg": 17.43,
            "equity": 877145,
            "current_ratio": 302.83,
            "debt_ratio": 37.67,
            "inventory_turnover_ratio": null,
            "account_receivable_turnover_ratio": 1.73,
            "reinvestment_rate": 16.62,
            "research_to_sale_ratio": 13.49,
            "price_fair": 82.8,
            "eps_avg_yearly": 2.37,
            "eps_latest_yearly": 3.36,
            "eps_growth_yearly": 694.04
        },
        "20231": {
            "year_quarter": 20231,
            "year": 2023,
            "quarter": 1,
            "eps": 0.18,
            "eps_growth_year": -59.09,
            "eps_4q": 2.78,
            "eps_4q_growth_year": 7.8,
            "roe": 0.97,
            "roe_4q": 16.009999999999998,
            "gross_profit": 66096,
            "gross_margin": 33.12,
            "gross_margin_4q_avg": 41.64,
            "net_income": 8562,
            "revenue": 199564,
            "common_shares": 472539,
            "book_valuer_per_share": 18.66,
            "book_valuer_per_share_4q_avg": 17.66,
            "equity": 885464,
            "current_ratio": 317.65,
            "debt_ratio": 35.32,
            "inventory_turnover_ratio": null,
            "account_receivable_turnover_ratio": 1.78,
            "reinvestment_rate": 17.4,
            "research_to_sale_ratio": 14.87,
            "price_fair": 83.1,
            "eps_avg_yearly": 2.37,
            "eps_latest_yearly": 0.72,
            "eps_growth_yearly": 691.24
        }
    },
    "months": {
        "2001-09": {
            "month": "2001-09",
            "price": "12.02",
            "revenue": 33940
        },
        "2001-10": {
            "month": "2001-10",
            "price": "11.82",
            "revenue": 41710
        },
        "2001-11": {
            "month": "2001-11",
            "price": "13.90",
            "revenue": 31340
        },
        "2001-12": {
            "month": "2001-12",
            "price": "22.97",
            "revenue": 130971
        },
        "2002-01": {
            "month": "2002-01",
            "price": "27.65",
            "revenue": 44668
        },
        "2002-02": {
            "month": "2002-02",
            "price": "27.62",
            "revenue": 75257
        },
        "2002-03": {
            "month": "2002-03",
            "price": "28.78",
            "revenue": 99066
        },
        "2002-04": {
            "month": "2002-04",
            "price": "27.06",
            "revenue": 22240
        },
        "2002-05": {
            "month": "2002-05",
            "price": "19.96",
            "revenue": 25303
        },
        "2002-06": {
            "month": "2002-06",
            "price": "17.89",
            "revenue": 44793
        },
        "2002-07": {
            "month": "2002-07",
            "price": "15.04",
            "revenue": 30574
        },
        "2002-08": {
            "month": "2002-08",
            "price": "13.91",
            "revenue": 38630
        },
        "2002-09": {
            "month": "2002-09",
            "price": "13.02",
            "revenue": 43469
        },
        "2002-10": {
            "month": "2002-10",
            "price": "13.03",
            "revenue": 23866
        },
        "2002-11": {
            "month": "2002-11",
            "price": "13.70",
            "revenue": 28270
        },
        "2002-12": {
            "month": "2002-12",
            "price": "11.69",
            "revenue": 56911
        },
        "2003-01": {
            "month": "2003-01",
            "price": "12.57",
            "revenue": 40607
        },
        "2003-02": {
            "month": "2003-02",
            "price": "12.73",
            "revenue": 28870
        },
        "2003-03": {
            "month": "2003-03",
            "price": "11.90",
            "revenue": 54094
        },
        "2003-04": {
            "month": "2003-04",
            "price": "10.68",
            "revenue": 56540
        },
        "2003-05": {
            "month": "2003-05",
            "price": "10.04",
            "revenue": 41382
        },
        "2003-06": {
            "month": "2003-06",
            "price": "13.08",
            "revenue": 47409
        },
        "2003-07": {
            "month": "2003-07",
            "price": "14.72",
            "revenue": 71555
        },
        "2003-08": {
            "month": "2003-08",
            "price": "13.80",
            "revenue": 58442
        },
        "2003-09": {
            "month": "2003-09",
            "price": "13.02",
            "revenue": 46734
        },
        "2003-10": {
            "month": "2003-10",
            "price": "12.79",
            "revenue": 36963
        },
        "2003-11": {
            "month": "2003-11",
            "price": "12.94",
            "revenue": 47594
        },
        "2003-12": {
            "month": "2003-12",
            "price": "14.11",
            "revenue": 73441
        },
        "2004-01": {
            "month": "2004-01",
            "price": "15.98",
            "revenue": 43351
        },
        "2004-02": {
            "month": "2004-02",
            "price": "16.81",
            "revenue": 44131
        },
        "2004-03": {
            "month": "2004-03",
            "price": "15.73",
            "revenue": 64078
        },
        "2004-04": {
            "month": "2004-04",
            "price": "16.57",
            "revenue": 50888
        },
        "2004-05": {
            "month": "2004-05",
            "price": "14.49",
            "revenue": 63161
        },
        "2004-06": {
            "month": "2004-06",
            "price": "13.04",
            "revenue": 50455
        },
        "2004-07": {
            "month": "2004-07",
            "price": "12.10",
            "revenue": 47555
        },
        "2004-08": {
            "month": "2004-08",
            "price": "12.22",
            "revenue": 66424
        },
        "2004-09": {
            "month": "2004-09",
            "price": "13.39",
            "revenue": 43821
        },
        "2004-10": {
            "month": "2004-10",
            "price": "13.52",
            "revenue": 33634
        },
        "2004-11": {
            "month": "2004-11",
            "price": "12.64",
            "revenue": 57209
        },
        "2004-12": {
            "month": "2004-12",
            "price": "12.20",
            "revenue": 78302
        },
        "2005-01": {
            "month": "2005-01",
            "price": "12.08",
            "revenue": 49412
        },
        "2005-02": {
            "month": "2005-02",
            "price": "12.32",
            "revenue": 41149
        },
        "2005-03": {
            "month": "2005-03",
            "price": "12.59",
            "revenue": 30121
        },
        "2005-04": {
            "month": "2005-04",
            "price": "11.22",
            "revenue": 39366
        },
        "2005-05": {
            "month": "2005-05",
            "price": "9.55",
            "revenue": 53478
        },
        "2005-06": {
            "month": "2005-06",
            "price": "9.97",
            "revenue": 46793
        },
        "2005-07": {
            "month": "2005-07",
            "price": "11.35",
            "revenue": 40995
        },
        "2005-08": {
            "month": "2005-08",
            "price": "10.46",
            "revenue": 48326
        },
        "2005-09": {
            "month": "2005-09",
            "price": "9.57",
            "revenue": 88455
        },
        "2005-10": {
            "month": "2005-10",
            "price": "9.62",
            "revenue": 36051
        },
        "2005-11": {
            "month": "2005-11",
            "price": "9.80",
            "revenue": 43847
        },
        "2005-12": {
            "month": "2005-12",
            "price": "9.69",
            "revenue": 67947
        },
        "2006-01": {
            "month": "2006-01",
            "price": "10.05",
            "revenue": 37048
        },
        "2006-02": {
            "month": "2006-02",
            "price": "9.18",
            "revenue": 32499
        },
        "2006-03": {
            "month": "2006-03",
            "price": "7.78",
            "revenue": 44552
        },
        "2006-04": {
            "month": "2006-04",
            "price": "8.02",
            "revenue": 48633
        },
        "2006-05": {
            "month": "2006-05",
            "price": "8.24",
            "revenue": 34853
        },
        "2006-06": {
            "month": "2006-06",
            "price": "7.36",
            "revenue": 56858
        },
        "2006-07": {
            "month": "2006-07",
            "price": "7.18",
            "revenue": 43412
        },
        "2006-08": {
            "month": "2006-08",
            "price": "7.06",
            "revenue": 35834
        },
        "2006-09": {
            "month": "2006-09",
            "price": "6.85",
            "revenue": 55590
        },
        "2006-10": {
            "month": "2006-10",
            "price": "7.26",
            "revenue": 44886
        },
        "2006-11": {
            "month": "2006-11",
            "price": "8.00",
            "revenue": 57222
        },
        "2006-12": {
            "month": "2006-12",
            "price": "10.08",
            "revenue": 126255
        },
        "2007-01": {
            "month": "2007-01",
            "price": "12.66",
            "revenue": 38900
        },
        "2007-02": {
            "month": "2007-02",
            "price": "12.73",
            "revenue": 31368
        },
        "2007-03": {
            "month": "2007-03",
            "price": "12.50",
            "revenue": 45683
        },
        "2007-04": {
            "month": "2007-04",
            "price": "12.97",
            "revenue": 56739
        },
        "2007-05": {
            "month": "2007-05",
            "price": "12.38",
            "revenue": 65473
        },
        "2007-06": {
            "month": "2007-06",
            "price": "15.25",
            "revenue": 80995
        },
        "2007-07": {
            "month": "2007-07",
            "price": "16.90",
            "revenue": 44270
        },
        "2007-08": {
            "month": "2007-08",
            "price": "15.12",
            "revenue": 47444
        },
        "2007-09": {
            "month": "2007-09",
            "price": "13.62",
            "revenue": 38429
        },
        "2007-10": {
            "month": "2007-10",
            "price": "12.52",
            "revenue": 45454
        },
        "2007-11": {
            "month": "2007-11",
            "price": "9.75",
            "revenue": 41020
        },
        "2007-12": {
            "month": "2007-12",
            "price": "8.87",
            "revenue": 83560
        },
        "2008-01": {
            "month": "2008-01",
            "price": "8.58",
            "revenue": 67570
        },
        "2008-02": {
            "month": "2008-02",
            "price": "9.30",
            "revenue": 51997
        },
        "2008-03": {
            "month": "2008-03",
            "price": "9.92",
            "revenue": 65675
        },
        "2008-04": {
            "month": "2008-04",
            "price": "10.44",
            "revenue": 42195
        },
        "2008-05": {
            "month": "2008-05",
            "price": "10.31",
            "revenue": 39658
        },
        "2008-06": {
            "month": "2008-06",
            "price": "8.53",
            "revenue": 49329
        },
        "2008-07": {
            "month": "2008-07",
            "price": "7.23",
            "revenue": 76201
        },
        "2008-08": {
            "month": "2008-08",
            "price": "7.04",
            "revenue": 62971
        },
        "2008-09": {
            "month": "2008-09",
            "price": "5.89",
            "revenue": 48915
        },
        "2008-10": {
            "month": "2008-10",
            "price": "4.90",
            "revenue": 49045
        },
        "2008-11": {
            "month": "2008-11",
            "price": "4.26",
            "revenue": 55209
        },
        "2008-12": {
            "month": "2008-12",
            "price": "4.34",
            "revenue": 102348
        },
        "2009-01": {
            "month": "2009-01",
            "price": "4.37",
            "revenue": 49811
        },
        "2009-02": {
            "month": "2009-02",
            "price": "4.74",
            "revenue": 52245
        },
        "2009-03": {
            "month": "2009-03",
            "price": "5.43",
            "revenue": 31657
        },
        "2009-04": {
            "month": "2009-04",
            "price": "6.10",
            "revenue": 43694
        },
        "2009-05": {
            "month": "2009-05",
            "price": "7.09",
            "revenue": 37815
        },
        "2009-06": {
            "month": "2009-06",
            "price": "7.02",
            "revenue": 41141
        },
        "2009-07": {
            "month": "2009-07",
            "price": "7.09",
            "revenue": 92177
        },
        "2009-08": {
            "month": "2009-08",
            "price": "8.27",
            "revenue": 46687
        },
        "2009-09": {
            "month": "2009-09",
            "price": "9.43",
            "revenue": 35946
        },
        "2009-10": {
            "month": "2009-10",
            "price": "9.52",
            "revenue": 33695
        },
        "2009-11": {
            "month": "2009-11",
            "price": "10.20",
            "revenue": 45105
        },
        "2009-12": {
            "month": "2009-12",
            "price": "17.42",
            "revenue": 57995
        },
        "2010-01": {
            "month": "2010-01",
            "price": "18.66",
            "revenue": 42061
        },
        "2010-02": {
            "month": "2010-02",
            "price": "18.73",
            "revenue": 54307
        },
        "2010-03": {
            "month": "2010-03",
            "price": "25.22",
            "revenue": 75049
        },
        "2010-04": {
            "month": "2010-04",
            "price": "36.81",
            "revenue": 69354
        },
        "2010-05": {
            "month": "2010-05",
            "price": "34.30",
            "revenue": 68732
        },
        "2010-06": {
            "month": "2010-06",
            "price": "36.10",
            "revenue": 45047
        },
        "2010-07": {
            "month": "2010-07",
            "price": "35.42",
            "revenue": 41933
        },
        "2010-08": {
            "month": "2010-08",
            "price": "30.52",
            "revenue": 54580
        },
        "2010-09": {
            "month": "2010-09",
            "price": "28.57",
            "revenue": 98620
        },
        "2010-10": {
            "month": "2010-10",
            "price": "31.21",
            "revenue": 58273
        },
        "2010-11": {
            "month": "2010-11",
            "price": "29.35",
            "revenue": 51168
        },
        "2010-12": {
            "month": "2010-12",
            "price": "29.92",
            "revenue": 85714
        },
        "2011-01": {
            "month": "2011-01",
            "price": "27.96",
            "revenue": 64061
        },
        "2011-02": {
            "month": "2011-02",
            "price": "25.92",
            "revenue": 44610
        },
        "2011-03": {
            "month": "2011-03",
            "price": "24.18",
            "revenue": 64900
        },
        "2011-04": {
            "month": "2011-04",
            "price": "25.00",
            "revenue": 33506
        },
        "2011-05": {
            "month": "2011-05",
            "price": "25.79",
            "revenue": 61101
        },
        "2011-06": {
            "month": "2011-06",
            "price": "27.86",
            "revenue": 74417
        },
        "2011-07": {
            "month": "2011-07",
            "price": "26.68",
            "revenue": 37771
        },
        "2011-08": {
            "month": "2011-08",
            "price": "22.01",
            "revenue": 60468
        },
        "2011-09": {
            "month": "2011-09",
            "price": "19.90",
            "revenue": 61875
        },
        "2011-10": {
            "month": "2011-10",
            "price": "19.83",
            "revenue": 59478
        },
        "2011-11": {
            "month": "2011-11",
            "price": "17.92",
            "revenue": 77378
        },
        "2011-12": {
            "month": "2011-12",
            "price": "14.21",
            "revenue": 103151
        },
        "2012-01": {
            "month": "2012-01",
            "price": "14.83",
            "revenue": 56544
        },
        "2012-02": {
            "month": "2012-02",
            "price": "20.02",
            "revenue": 40753
        },
        "2012-03": {
            "month": "2012-03",
            "price": "19.30",
            "revenue": 67679
        },
        "2012-04": {
            "month": "2012-04",
            "price": "17.52",
            "revenue": 41515
        },
        "2012-05": {
            "month": "2012-05",
            "price": "17.83",
            "revenue": 58668
        },
        "2012-06": {
            "month": "2012-06",
            "price": "17.52",
            "revenue": 49277
        },
        "2012-07": {
            "month": "2012-07",
            "price": "16.79",
            "revenue": 54160
        },
        "2012-08": {
            "month": "2012-08",
            "price": "17.30",
            "revenue": 62101
        },
        "2012-09": {
            "month": "2012-09",
            "price": "17.76",
            "revenue": 59739
        },
        "2012-10": {
            "month": "2012-10",
            "price": "16.52",
            "revenue": 38884
        },
        "2012-11": {
            "month": "2012-11",
            "price": "15.12",
            "revenue": 57026
        },
        "2012-12": {
            "month": "2012-12",
            "price": "16.13",
            "revenue": 66439
        },
        "2013-01": {
            "month": "2013-01",
            "price": "16.27",
            "revenue": 70599
        },
        "2013-02": {
            "month": "2013-02",
            "price": "16.44",
            "revenue": 52542
        },
        "2013-03": {
            "month": "2013-03",
            "price": "17.55",
            "revenue": 47542
        },
        "2013-04": {
            "month": "2013-04",
            "price": "19.10",
            "revenue": 43568
        },
        "2013-05": {
            "month": "2013-05",
            "price": "19.50",
            "revenue": 45391
        },
        "2013-06": {
            "month": "2013-06",
            "price": "19.10",
            "revenue": 68412
        },
        "2013-07": {
            "month": "2013-07",
            "price": "19.03",
            "revenue": 48804
        },
        "2013-08": {
            "month": "2013-08",
            "price": "21.12",
            "revenue": 38786
        },
        "2013-09": {
            "month": "2013-09",
            "price": "18.06",
            "revenue": 34682
        },
        "2013-10": {
            "month": "2013-10",
            "price": "17.55",
            "revenue": 62326
        },
        "2013-11": {
            "month": "2013-11",
            "price": "17.45",
            "revenue": 43749
        },
        "2013-12": {
            "month": "2013-12",
            "price": "17.80",
            "revenue": 70306
        },
        "2014-01": {
            "month": "2014-01",
            "price": "18.99",
            "revenue": 45828
        },
        "2014-02": {
            "month": "2014-02",
            "price": "18.11",
            "revenue": 38145
        },
        "2014-03": {
            "month": "2014-03",
            "price": "18.78",
            "revenue": 59148
        },
        "2014-04": {
            "month": "2014-04",
            "price": "19.26",
            "revenue": 44640
        },
        "2014-05": {
            "month": "2014-05",
            "price": "18.77",
            "revenue": 54620
        },
        "2014-06": {
            "month": "2014-06",
            "price": "19.14",
            "revenue": 38436
        },
        "2014-07": {
            "month": "2014-07",
            "price": "18.29",
            "revenue": 45205
        },
        "2014-08": {
            "month": "2014-08",
            "price": "16.12",
            "revenue": 44501
        },
        "2014-09": {
            "month": "2014-09",
            "price": "15.66",
            "revenue": 45801
        },
        "2014-10": {
            "month": "2014-10",
            "price": "14.52",
            "revenue": 77721
        },
        "2014-11": {
            "month": "2014-11",
            "price": "14.48",
            "revenue": 55558
        },
        "2014-12": {
            "month": "2014-12",
            "price": "15.17",
            "revenue": 99246
        },
        "2015-01": {
            "month": "2015-01",
            "price": "16.28",
            "revenue": 49056
        },
        "2015-02": {
            "month": "2015-02",
            "price": "15.77",
            "revenue": 32319
        },
        "2015-03": {
            "month": "2015-03",
            "price": "15.76",
            "revenue": 52896
        },
        "2015-04": {
            "month": "2015-04",
            "price": "17.47",
            "revenue": 51404
        },
        "2015-05": {
            "month": "2015-05",
            "price": "16.20",
            "revenue": 44022
        },
        "2015-06": {
            "month": "2015-06",
            "price": "15.55",
            "revenue": 44431
        },
        "2015-07": {
            "month": "2015-07",
            "price": "15.16",
            "revenue": 47973
        },
        "2015-08": {
            "month": "2015-08",
            "price": "12.33",
            "revenue": 37326
        },
        "2015-09": {
            "month": "2015-09",
            "price": "12.31",
            "revenue": 56195
        },
        "2015-10": {
            "month": "2015-10",
            "price": "14.57",
            "revenue": 47749
        },
        "2015-11": {
            "month": "2015-11",
            "price": "13.84",
            "revenue": 46115
        },
        "2015-12": {
            "month": "2015-12",
            "price": "12.97",
            "revenue": 96342
        },
        "2016-01": {
            "month": "2016-01",
            "price": "12.89",
            "revenue": 65540
        },
        "2016-02": {
            "month": "2016-02",
            "price": "13.23",
            "revenue": 37157
        },
        "2016-03": {
            "month": "2016-03",
            "price": "13.88",
            "revenue": 85365
        },
        "2016-04": {
            "month": "2016-04",
            "price": "15.20",
            "revenue": 52462
        },
        "2016-05": {
            "month": "2016-05",
            "price": "14.88",
            "revenue": 45083
        },
        "2016-06": {
            "month": "2016-06",
            "price": "14.31",
            "revenue": 31004
        },
        "2016-07": {
            "month": "2016-07",
            "price": "14.26",
            "revenue": 52316
        },
        "2016-08": {
            "month": "2016-08",
            "price": "13.31",
            "revenue": 52480
        },
        "2016-09": {
            "month": "2016-09",
            "price": "13.40",
            "revenue": 55690
        },
        "2016-10": {
            "month": "2016-10",
            "price": "13.52",
            "revenue": 46803
        },
        "2016-11": {
            "month": "2016-11",
            "price": "13.35",
            "revenue": 59954
        },
        "2016-12": {
            "month": "2016-12",
            "price": "14.09",
            "revenue": 108406
        },
        "2017-01": {
            "month": "2017-01",
            "price": "15.15",
            "revenue": 44425
        },
        "2017-02": {
            "month": "2017-02",
            "price": "15.28",
            "revenue": 49346
        },
        "2017-03": {
            "month": "2017-03",
            "price": "15.74",
            "revenue": 46808
        },
        "2017-04": {
            "month": "2017-04",
            "price": "16.90",
            "revenue": 48281
        },
        "2017-05": {
            "month": "2017-05",
            "price": "16.07",
            "revenue": 50514
        },
        "2017-06": {
            "month": "2017-06",
            "price": "16.22",
            "revenue": 63459
        },
        "2017-07": {
            "month": "2017-07",
            "price": "16.77",
            "revenue": 51980
        },
        "2017-08": {
            "month": "2017-08",
            "price": "16.43",
            "revenue": 46071
        },
        "2017-09": {
            "month": "2017-09",
            "price": "16.24",
            "revenue": 52573
        },
        "2017-10": {
            "month": "2017-10",
            "price": "15.28",
            "revenue": 50217
        },
        "2017-11": {
            "month": "2017-11",
            "price": "15.10",
            "revenue": 51849
        },
        "2017-12": {
            "month": "2017-12",
            "price": "14.53",
            "revenue": 123104
        },
        "2018-01": {
            "month": "2018-01",
            "price": "15.21",
            "revenue": 60587
        },
        "2018-02": {
            "month": "2018-02",
            "price": "14.99",
            "revenue": 33623
        },
        "2018-03": {
            "month": "2018-03",
            "price": "15.20",
            "revenue": 38556
        },
        "2018-04": {
            "month": "2018-04",
            "price": "15.34",
            "revenue": 46625
        },
        "2018-05": {
            "month": "2018-05",
            "price": "15.05",
            "revenue": 54140
        },
        "2018-06": {
            "month": "2018-06",
            "price": "15.20",
            "revenue": 62265
        },
        "2018-07": {
            "month": "2018-07",
            "price": "15.11",
            "revenue": 46118
        },
        "2018-08": {
            "month": "2018-08",
            "price": "14.62",
            "revenue": 63988
        },
        "2018-09": {
            "month": "2018-09",
            "price": "14.85",
            "revenue": 64361
        },
        "2018-10": {
            "month": "2018-10",
            "price": "14.48",
            "revenue": 55177
        },
        "2018-11": {
            "month": "2018-11",
            "price": "14.38",
            "revenue": 61362
        },
        "2018-12": {
            "month": "2018-12",
            "price": "14.71",
            "revenue": 86095
        },
        "2019-01": {
            "month": "2019-01",
            "price": "14.66",
            "revenue": 50143
        },
        "2019-02": {
            "month": "2019-02",
            "price": "14.90",
            "revenue": 51057
        },
        "2019-03": {
            "month": "2019-03",
            "price": "16.16",
            "revenue": 60780
        },
        "2019-04": {
            "month": "2019-04",
            "price": "17.83",
            "revenue": 56173
        },
        "2019-05": {
            "month": "2019-05",
            "price": "17.63",
            "revenue": 54270
        },
        "2019-06": {
            "month": "2019-06",
            "price": "17.62",
            "revenue": 59957
        },
        "2019-07": {
            "month": "2019-07",
            "price": "18.08",
            "revenue": 58528
        },
        "2019-08": {
            "month": "2019-08",
            "price": "17.37",
            "revenue": 62172
        },
        "2019-09": {
            "month": "2019-09",
            "price": "19.76",
            "revenue": 45088
        },
        "2019-10": {
            "month": "2019-10",
            "price": "19.00",
            "revenue": 51712
        },
        "2019-11": {
            "month": "2019-11",
            "price": "18.19",
            "revenue": 67537
        },
        "2019-12": {
            "month": "2019-12",
            "price": "18.48",
            "revenue": 105069
        },
        "2020-01": {
            "month": "2020-01",
            "price": "18.95",
            "revenue": 55857
        },
        "2020-02": {
            "month": "2020-02",
            "price": "18.80",
            "revenue": 58519
        },
        "2020-03": {
            "month": "2020-03",
            "price": "17.83",
            "revenue": 73549
        },
        "2020-04": {
            "month": "2020-04",
            "price": "21.40",
            "revenue": 45947
        },
        "2020-05": {
            "month": "2020-05",
            "price": "22.34",
            "revenue": 49435
        },
        "2020-06": {
            "month": "2020-06",
            "price": "22.55",
            "revenue": 43792
        },
        "2020-07": {
            "month": "2020-07",
            "price": "22.66",
            "revenue": 69900
        },
        "2020-08": {
            "month": "2020-08",
            "price": "20.84",
            "revenue": 67650
        },
        "2020-09": {
            "month": "2020-09",
            "price": "20.07",
            "revenue": 64055
        },
        "2020-10": {
            "month": "2020-10",
            "price": "20.63",
            "revenue": 62484
        },
        "2020-11": {
            "month": "2020-11",
            "price": "21.86",
            "revenue": 68148
        },
        "2020-12": {
            "month": "2020-12",
            "price": "24.78",
            "revenue": 114353
        },
        "2021-01": {
            "month": "2021-01",
            "price": "26.89",
            "revenue": 77929
        },
        "2021-02": {
            "month": "2021-02",
            "price": "27.12",
            "revenue": 45656
        },
        "2021-03": {
            "month": "2021-03",
            "price": "29.02",
            "revenue": 48730
        },
        "2021-04": {
            "month": "2021-04",
            "price": "30.21",
            "revenue": 61894
        },
        "2021-05": {
            "month": "2021-05",
            "price": "26.47",
            "revenue": 45433
        },
        "2021-06": {
            "month": "2021-06",
            "price": "26.09",
            "revenue": 31720
        },
        "2021-07": {
            "month": "2021-07",
            "price": "26.00",
            "revenue": 78730
        },
        "2021-08": {
            "month": "2021-08",
            "price": "24.86",
            "revenue": 69869
        },
        "2021-09": {
            "month": "2021-09",
            "price": "23.32",
            "revenue": 70087
        },
        "2021-10": {
            "month": "2021-10",
            "price": "22.18",
            "revenue": 74498
        },
        "2021-11": {
            "month": "2021-11",
            "price": "24.35",
            "revenue": 74130
        },
        "2021-12": {
            "month": "2021-12",
            "price": "25.80",
            "revenue": 122057
        },
        "2022-01": {
            "month": "2022-01",
            "price": "25.73",
            "revenue": 70071
        },
        "2022-02": {
            "month": "2022-02",
            "price": "25.20",
            "revenue": 52252
        },
        "2022-03": {
            "month": "2022-03",
            "price": "26.06",
            "revenue": 64518
        },
        "2022-04": {
            "month": "2022-04",
            "price": "28.13",
            "revenue": 69112
        },
        "2022-05": {
            "month": "2022-05",
            "price": "27.03",
            "revenue": 61659
        },
        "2022-06": {
            "month": "2022-06",
            "price": "27.51",
            "revenue": 58553
        },
        "2022-07": {
            "month": "2022-07",
            "price": "27.07",
            "revenue": 74254
        },
        "2022-08": {
            "month": "2022-08",
            "price": "27.42",
            "revenue": 68149
        },
        "2022-09": {
            "month": "2022-09",
            "price": "27.03",
            "revenue": 54854
        },
        "2022-10": {
            "month": "2022-10",
            "price": "25.63",
            "revenue": 69600
        },
        "2022-11": {
            "month": "2022-11",
            "price": "26.55",
            "revenue": 74213
        },
        "2022-12": {
            "month": "2022-12",
            "price": "27.46",
            "revenue": 85267
        },
        "2023-01": {
            "month": "2023-01",
            "price": "28.32",
            "revenue": 75716
        },
        "2023-02": {
            "month": "2023-02",
            "price": "34.45",
            "revenue": 61111
        },
        "2023-03": {
            "month": "2023-03",
            "price": "45.42",
            "revenue": 62738
        },
        "2023-04": {
            "month": "2023-04",
            "price": "55.11",
            "revenue": 74318
        },
        "2023-05": {
            "month": "2023-05",
            "price": "64.07",
            "revenue": 58490
        }
    }
}
