{
    "summary": {
        "stock_name": "立隆電",
        "stock_id": "2472",
        "category": "電子零組件",
        "main_business": "各種電子器材之製造、裝配及買賣業務<br>各種機械批發及買賣業務<br>有關前各項進出口業務",
        "website_url": "http://www.lelon.com.tw",
        "ceo": "吳志銘",
        "pe_ratio": 9,
        "report_year_from": 2001,
        "report_year_to": 2023,
        "age": 22,
        "eps_negative_percentage": 13,
        "eps_growth_avg": {
            "last_all": 1.65,
            "last_2y": 31.62,
            "last_4y": 18.89,
            "last_8y": 16.25,
            "last_12y": 24.38,
            "last_16y": 15.36,
            "last_20y": 1.65,
            "at_2006_last_3y": -64.92,
            "at_2007_last_3y": -20.74,
            "at_2008_last_3y": -20.74,
            "at_2009_last_3y": -20.74,
            "at_2010_last_3y": -11.11,
            "at_2011_last_3y": 0,
            "at_2012_last_3y": 23.16,
            "at_2013_last_3y": 48.78,
            "at_2014_last_3y": 48.67,
            "at_2015_last_3y": 18.52,
            "at_2016_last_3y": 36.14,
            "at_2017_last_3y": 12.95,
            "at_2018_last_3y": 6.81,
            "at_2019_last_3y": 5.91,
            "at_2020_last_3y": 14.46,
            "at_2021_last_3y": 17.9,
            "at_2022_last_3y": 17.67,
            "at_2023_last_3y": 17.67,
            "at_2006_last_all": -60.17,
            "at_2007_last_all": -32.58,
            "at_2008_last_all": -43.82,
            "at_2009_last_all": -43.82,
            "at_2010_last_all": -43.82,
            "at_2011_last_all": -23.27,
            "at_2012_last_all": -27.07,
            "at_2013_last_all": -12.95,
            "at_2014_last_all": -6.82,
            "at_2015_last_all": -8.08,
            "at_2016_last_all": -6,
            "at_2017_last_all": -4.98,
            "at_2018_last_all": -2.93,
            "at_2019_last_all": -4.35,
            "at_2020_last_all": -0.88,
            "at_2021_last_all": 0.4,
            "at_2022_last_all": 1.65,
            "at_2023_last_all": 1.65
        },
        "latest_eps": 5.94,
        "latest_price": 55.6,
        "latest_roe": 14.12,
        "latest_gross_margin": 27.68,
        "latest_equity": 9724176,
        "latest_revenue": 2275971,
        "latest_gross_profit": 629979,
        "latest_net_income": 310836,
        "latest_debt_ratio": 32.58,
        "latest_current_ratio": 179.19,
        "latest_account_receivable_turnover_ratio": 0.87,
        "latest_inventory_turnover_ratio": 1.11,
        "latest_reinvestment_rate": 51.45,
        "latest_research_to_sale_ratio": 2.63
    },
    "eps_dividends": {
        "1999": {
            "cash": 0,
            "stock": 3.2,
            "eps": 0
        },
        "2000": {
            "cash": 0,
            "stock": 2.5,
            "eps": 0
        },
        "2001": {
            "cash": 0,
            "stock": 3.5,
            "eps": 3.31
        },
        "2002": {
            "cash": 0,
            "stock": 3,
            "eps": 1.79
        },
        "2003": {
            "cash": 0,
            "stock": 1.71,
            "eps": 0.81
        },
        "2004": {
            "cash": 0,
            "stock": 0.65,
            "eps": -0.64
        },
        "2005": {
            "cash": 0,
            "stock": 0,
            "eps": 0.15
        },
        "2006": {
            "cash": 0.12,
            "stock": 0,
            "eps": 0.09
        },
        "2007": {
            "cash": 0.07,
            "stock": 0,
            "eps": 0.16
        },
        "2008": {
            "cash": 0.14,
            "stock": 0,
            "eps": -0.3
        },
        "2009": {
            "cash": 0,
            "stock": 0,
            "eps": -0.23
        },
        "2010": {
            "cash": 0,
            "stock": 0,
            "eps": 0.88
        },
        "2011": {
            "cash": 1.2999999999999998,
            "stock": 0.5,
            "eps": 1.77
        },
        "2012": {
            "cash": 0,
            "stock": 0,
            "eps": 0.82
        },
        "2013": {
            "cash": 0.75,
            "stock": 0,
            "eps": 2.42
        },
        "2014": {
            "cash": 2,
            "stock": 0,
            "eps": 3.59
        },
        "2015": {
            "cash": 1.8,
            "stock": 0,
            "eps": 2.85
        },
        "2016": {
            "cash": 2.5,
            "stock": 0,
            "eps": 3.33
        },
        "2017": {
            "cash": 2.4,
            "stock": 0,
            "eps": 3.57
        },
        "2018": {
            "cash": 2.2,
            "stock": 0,
            "eps": 4.42
        },
        "2019": {
            "cash": 2.3,
            "stock": 0,
            "eps": 3.35
        },
        "2020": {
            "cash": 1.5,
            "stock": 0,
            "eps": 5.06
        },
        "2021": {
            "cash": 3,
            "stock": 0,
            "eps": 6.12
        },
        "2022": {
            "cash": 3.2,
            "stock": 0,
            "eps": 7.52
        },
        "2023": {
            "cash": 3.5,
            "stock": 0,
            "eps": 2.39
        }
    },
    "dividends": {
        "1999-06-19": {
            "cash": 0,
            "stock": 3.2
        },
        "2000-04-25": {
            "cash": 0,
            "stock": 2.5
        },
        "2001-05-15": {
            "cash": 0,
            "stock": 3.5
        },
        "2002-06-04": {
            "cash": 0,
            "stock": 3
        },
        "2003-04-03": {
            "cash": 0,
            "stock": 1.71
        },
        "2004-03-26": {
            "cash": 0,
            "stock": 0.65
        },
        "2006-04-25": {
            "cash": 0.12,
            "stock": 0
        },
        "2007-04-27": {
            "cash": 0.07,
            "stock": 0
        },
        "2008-04-28": {
            "cash": 0.14,
            "stock": 0
        },
        "2011-01-01": {
            "cash": 0.7,
            "stock": 0.5
        },
        "2011-04-28": {
            "cash": 0.6,
            "stock": 0
        },
        "2013-03-26": {
            "cash": 0.75,
            "stock": 0
        },
        "2014-09-19": {
            "cash": 2,
            "stock": 0
        },
        "2015-08-13": {
            "cash": 1.8,
            "stock": 0
        },
        "2016-08-29": {
            "cash": 2.5,
            "stock": 0
        },
        "2017-09-01": {
            "cash": 2.4,
            "stock": 0
        },
        "2018-09-21": {
            "cash": 2.2,
            "stock": 0
        },
        "2019-09-20": {
            "cash": 2.3,
            "stock": 0
        },
        "2020-09-24": {
            "cash": 1.5,
            "stock": 0
        },
        "2021-09-24": {
            "cash": 3,
            "stock": 0
        },
        "2022-08-29": {
            "cash": 3.2,
            "stock": 0
        },
        "2023-09-15": {
            "cash": 3.5,
            "stock": 0
        }
    },
    "prices": {
        "200101": "無",
        "200102": "無",
        "200103": "無",
        "200104": "無",
        "200105": "無",
        "200106": "無",
        "200107": "無",
        "200108": "無",
        "200109": "44.46",
        "200110": "40.66",
        "200111": "50.40",
        "200112": "54.90",
        "200201": "64.14",
        "200202": "59.92",
        "200203": "64.62",
        "200204": "63.52",
        "200205": "53.83",
        "200206": "50.34",
        "200207": "44.18",
        "200208": "39.45",
        "200209": "30.98",
        "200210": "31.11",
        "200211": "28.74",
        "200212": "24.25",
        "200301": "23.45",
        "200302": "22.73",
        "200303": "20.51",
        "200304": "21.17",
        "200305": "21.57",
        "200306": "25.10",
        "200307": "24.71",
        "200308": "21.55",
        "200309": "19.33",
        "200310": "18.35",
        "200311": "19.52",
        "200312": "19.21",
        "200401": "19.91",
        "200402": "21.07",
        "200403": "19.70",
        "200404": "19.91",
        "200405": "15.89",
        "200406": "14.45",
        "200407": "13.48",
        "200408": "12.94",
        "200409": "12.70",
        "200410": "12.28",
        "200411": "11.50",
        "200412": "11.20",
        "200501": "10.65",
        "200502": "10.37",
        "200503": "11.51",
        "200504": "12.44",
        "200505": "11.95",
        "200506": "12.33",
        "200507": "14.21",
        "200508": "13.74",
        "200509": "13.28",
        "200510": "11.90",
        "200511": "12.87",
        "200512": "14.66",
        "200601": "14.78",
        "200602": "14.09",
        "200603": "13.93",
        "200604": "15.44",
        "200605": "13.50",
        "200606": "11.87",
        "200607": "11.73",
        "200608": "11.62",
        "200609": "11.13",
        "200610": "13.04",
        "200611": "14.95",
        "200612": "16.43",
        "200701": "21.27",
        "200702": "20.94",
        "200703": "21.95",
        "200704": "24.07",
        "200705": "21.05",
        "200706": "25.57",
        "200707": "26.59",
        "200708": "21.20",
        "200709": "19.03",
        "200710": "17.70",
        "200711": "13.42",
        "200712": "11.93",
        "200801": "11.02",
        "200802": "10.69",
        "200803": "10.89",
        "200804": "11.62",
        "200805": "11.35",
        "200806": "9.58",
        "200807": "7.54",
        "200808": "7.63",
        "200809": "6.33",
        "200810": "5.74",
        "200811": "4.84",
        "200812": "5.05",
        "200901": "5.96",
        "200902": "5.53",
        "200903": "6.71",
        "200904": "8.09",
        "200905": "8.15",
        "200906": "7.67",
        "200907": "8.15",
        "200908": "11.42",
        "200909": "10.97",
        "200910": "11.72",
        "200911": "10.80",
        "200912": "13.71",
        "201001": "16.23",
        "201002": "14.56",
        "201003": "19.12",
        "201004": "21.45",
        "201005": "18.63",
        "201006": "18.45",
        "201007": "20.12",
        "201008": "25.41",
        "201009": "24.67",
        "201010": "22.69",
        "201011": "23.32",
        "201012": "25.02",
        "201101": "23.95",
        "201102": "22.09",
        "201103": "20.66",
        "201104": "22.22",
        "201105": "21.55",
        "201106": "21.49",
        "201107": "21.91",
        "201108": "19.55",
        "201109": "17.38",
        "201110": "15.34",
        "201111": "15.21",
        "201112": "13.09",
        "201201": "14.23",
        "201202": "16.80",
        "201203": "18.43",
        "201204": "16.30",
        "201205": "13.91",
        "201206": "13.26",
        "201207": "13.37",
        "201208": "12.85",
        "201209": "13.11",
        "201210": "11.85",
        "201211": "11.14",
        "201212": "11.77",
        "201301": "12.58",
        "201302": "12.54",
        "201303": "12.41",
        "201304": "14.08",
        "201305": "15.56",
        "201306": "15.62",
        "201307": "16.60",
        "201308": "20.14",
        "201309": "21.91",
        "201310": "22.37",
        "201311": "21.94",
        "201312": "24.66",
        "201401": "28.04",
        "201402": "29.90",
        "201403": "31.75",
        "201404": "31.65",
        "201405": "32.57",
        "201406": "41.26",
        "201407": "42.73",
        "201408": "43.30",
        "201409": "40.49",
        "201410": "38.36",
        "201411": "37.26",
        "201412": "38.12",
        "201501": "37.77",
        "201502": "39.33",
        "201503": "42.29",
        "201504": "40.08",
        "201505": "34.81",
        "201506": "32.62",
        "201507": "26.70",
        "201508": "21.15",
        "201509": "21.68",
        "201510": "24.08",
        "201511": "27.09",
        "201512": "31.15",
        "201601": "29.75",
        "201602": "33.03",
        "201603": "36.39",
        "201604": "35.69",
        "201605": "35.95",
        "201606": "37.27",
        "201607": "40.44",
        "201608": "39.53",
        "201609": "40.29",
        "201610": "40.03",
        "201611": "37.04",
        "201612": "38.69",
        "201701": "39.28",
        "201702": "40.71",
        "201703": "39.54",
        "201704": "41.03",
        "201705": "38.63",
        "201706": "39.39",
        "201707": "40.13",
        "201708": "40.30",
        "201709": "43.40",
        "201710": "46.90",
        "201711": "51.64",
        "201712": "60.31",
        "201801": "61.60",
        "201802": "54.89",
        "201803": "55.31",
        "201804": "59.21",
        "201805": "64.13",
        "201806": "77.18",
        "201807": "71.11",
        "201808": "60.54",
        "201809": "49.86",
        "201810": "43.95",
        "201811": "43.62",
        "201812": "42.44",
        "201901": "39.40",
        "201902": "42.57",
        "201903": "41.20",
        "201904": "41.30",
        "201905": "37.49",
        "201906": "38.57",
        "201907": "41.79",
        "201908": "40.99",
        "201909": "43.84",
        "201910": "42.47",
        "201911": "40.56",
        "201912": "43.25",
        "202001": "41.57",
        "202002": "38.41",
        "202003": "30.24",
        "202004": "36.05",
        "202005": "41.50",
        "202006": "43.14",
        "202007": "45.95",
        "202008": "52.72",
        "202009": "53.79",
        "202010": "52.96",
        "202011": "56.17",
        "202012": "61.66",
        "202101": "68.88",
        "202102": "73.55",
        "202103": "77.98",
        "202104": "73.34",
        "202105": "61.81",
        "202106": "65.39",
        "202107": "74.95",
        "202108": "71.99",
        "202109": "67.58",
        "202110": "61.06",
        "202111": "64.99",
        "202112": "65.51",
        "202201": "67.10",
        "202202": "68.59",
        "202203": "65.15",
        "202204": "61.97",
        "202205": "61.14",
        "202206": "60.73",
        "202207": "54.34",
        "202208": "55.77",
        "202209": "53.27",
        "202210": "48.12",
        "202211": "53.87",
        "202212": "55.73",
        "202301": "56.30",
        "202302": "61.24",
        "202303": "67.00",
        "202304": "65.72",
        "202305": "63.15",
        "202306": "62.58",
        "202307": "60.76",
        "202308": "57.15",
        "202309": "60.04",
        "202310": "57.04"
    },
    "quarters": {
        "20011": {
            "year_quarter": 20011,
            "year": 2001,
            "quarter": 1,
            "eps": 1.06,
            "eps_growth_year": 32.5,
            "eps_4q": 3.95,
            "eps_4q_growth_year": 72.18,
            "roe": 3.53,
            "roe_4q": 3.53,
            "gross_profit": 100544,
            "gross_margin": 23.24,
            "gross_margin_4q_avg": 23.24,
            "net_income": 70731,
            "net_income_4q": null,
            "revenue": 432672,
            "revenue_4q": null,
            "common_shares": 670000,
            "book_valuer_per_share": 26.76,
            "book_valuer_per_share_4q_avg": 26.76,
            "equity": 1792641,
            "current_ratio": 199.39,
            "debt_ratio": 34.85,
            "inventory_turnover_ratio": 0.7,
            "account_receivable_turnover_ratio": null,
            "reinvestment_rate": null,
            "research_to_sale_ratio": null,
            "price_fair": 0,
            "eps_avg_yearly": 0,
            "eps_latest_yearly": 0,
            "eps_growth_yearly": 0
        },
        "20012": {
            "year_quarter": 20012,
            "year": 2001,
            "quarter": 2,
            "eps": 0.86,
            "eps_growth_year": -4.44,
            "eps_4q": 4.17,
            "eps_4q_growth_year": 53.71,
            "roe": 3.17,
            "roe_4q": 6.699999999999999,
            "gross_profit": 93222,
            "gross_margin": 18.77,
            "gross_margin_4q_avg": 21.01,
            "net_income": 57841,
            "net_income_4q": null,
            "revenue": 496709,
            "revenue_4q": null,
            "common_shares": 670000,
            "book_valuer_per_share": 27.77,
            "book_valuer_per_share_4q_avg": 27.27,
            "equity": 1860759,
            "current_ratio": 194.25,
            "debt_ratio": 34.15,
            "inventory_turnover_ratio": 1,
            "account_receivable_turnover_ratio": null,
            "reinvestment_rate": null,
            "research_to_sale_ratio": null,
            "price_fair": 0,
            "eps_avg_yearly": 0,
            "eps_latest_yearly": 0,
            "eps_growth_yearly": 0
        },
        "20013": {
            "year_quarter": 20013,
            "year": 2001,
            "quarter": 3,
            "eps": 1.05,
            "eps_growth_year": 2.94,
            "eps_4q": 4.38,
            "eps_4q_growth_year": 47.11,
            "roe": 3.71,
            "roe_4q": 10.41,
            "gross_profit": 112870,
            "gross_margin": 19.22,
            "gross_margin_4q_avg": 20.41,
            "net_income": 70265,
            "net_income_4q": null,
            "revenue": 587233,
            "revenue_4q": null,
            "common_shares": 670000,
            "book_valuer_per_share": 28.76,
            "book_valuer_per_share_4q_avg": 27.76,
            "equity": 1926940,
            "current_ratio": 192.59,
            "debt_ratio": 33.9,
            "inventory_turnover_ratio": 1.4,
            "account_receivable_turnover_ratio": null,
            "reinvestment_rate": null,
            "research_to_sale_ratio": null,
            "price_fair": 0,
            "eps_avg_yearly": 0,
            "eps_latest_yearly": 0,
            "eps_growth_yearly": 0
        },
        "20014": {
            "year_quarter": 20014,
            "year": 2001,
            "quarter": 4,
            "eps": 0.34,
            "eps_growth_year": -78.62,
            "eps_4q": 2.54,
            "eps_4q_growth_year": -34.7,
            "roe": 1.45,
            "roe_4q": 11.86,
            "gross_profit": 61055,
            "gross_margin": 13.83,
            "gross_margin_4q_avg": 18.77,
            "net_income": 30795,
            "net_income_4q": null,
            "revenue": 441485,
            "revenue_4q": null,
            "common_shares": 907500,
            "book_valuer_per_share": 21.6,
            "book_valuer_per_share_4q_avg": 26.22,
            "equity": 2312734,
            "current_ratio": 171.65,
            "debt_ratio": 35.8,
            "inventory_turnover_ratio": 1.04,
            "account_receivable_turnover_ratio": null,
            "reinvestment_rate": null,
            "research_to_sale_ratio": null,
            "price_fair": 0,
            "eps_avg_yearly": 0,
            "eps_latest_yearly": 0,
            "eps_growth_yearly": 0
        },
        "20021": {
            "year_quarter": 20021,
            "year": 2002,
            "quarter": 1,
            "eps": 0.6,
            "eps_growth_year": -43.4,
            "eps_4q": 2.36,
            "eps_4q_growth_year": -40.29,
            "roe": 2.5,
            "roe_4q": 10.83,
            "gross_profit": 103506,
            "gross_margin": 17.91,
            "gross_margin_4q_avg": 17.43,
            "net_income": 54164,
            "net_income_4q": null,
            "revenue": 577882,
            "revenue_4q": null,
            "common_shares": 907500,
            "book_valuer_per_share": 22.3,
            "book_valuer_per_share_4q_avg": 25.11,
            "equity": 2023635,
            "current_ratio": 188.31,
            "debt_ratio": 36.54,
            "inventory_turnover_ratio": 1.34,
            "account_receivable_turnover_ratio": null,
            "reinvestment_rate": null,
            "research_to_sale_ratio": null,
            "price_fair": 84,
            "eps_avg_yearly": 2.4,
            "eps_latest_yearly": 2.4,
            "eps_growth_yearly": 305.88
        },
        "20022": {
            "year_quarter": 20022,
            "year": 2002,
            "quarter": 2,
            "eps": 0.41,
            "eps_growth_year": -52.33,
            "eps_4q": 2.13,
            "eps_4q_growth_year": -48.94,
            "roe": 1.82,
            "roe_4q": 9.48,
            "gross_profit": 111957,
            "gross_margin": 18.64,
            "gross_margin_4q_avg": 17.4,
            "net_income": 37003,
            "net_income_4q": null,
            "revenue": 600722,
            "revenue_4q": null,
            "common_shares": 907500,
            "book_valuer_per_share": 22.52,
            "book_valuer_per_share_4q_avg": 23.8,
            "equity": 2044103,
            "current_ratio": 158.42,
            "debt_ratio": 38.66,
            "inventory_turnover_ratio": 1.57,
            "account_receivable_turnover_ratio": null,
            "reinvestment_rate": null,
            "research_to_sale_ratio": null,
            "price_fair": 70.7,
            "eps_avg_yearly": 2.02,
            "eps_latest_yearly": 1.64,
            "eps_growth_yearly": 89.61
        },
        "20023": {
            "year_quarter": 20023,
            "year": 2002,
            "quarter": 3,
            "eps": 0.74,
            "eps_growth_year": -29.52,
            "eps_4q": 1.78,
            "eps_4q_growth_year": -59.43,
            "roe": 4.16,
            "roe_4q": 9.93,
            "gross_profit": 87602,
            "gross_margin": 14.64,
            "gross_margin_4q_avg": 16.26,
            "net_income": 87176,
            "net_income_4q": null,
            "revenue": 598298,
            "revenue_4q": null,
            "common_shares": 1184000,
            "book_valuer_per_share": 18.17,
            "book_valuer_per_share_4q_avg": 21.15,
            "equity": 2151424,
            "current_ratio": 167.05,
            "debt_ratio": 36.35,
            "inventory_turnover_ratio": 1.48,
            "account_receivable_turnover_ratio": null,
            "reinvestment_rate": null,
            "research_to_sale_ratio": null,
            "price_fair": 81.67,
            "eps_avg_yearly": 2.33,
            "eps_latest_yearly": 2.96,
            "eps_growth_yearly": 167.06
        },
        "20024": {
            "year_quarter": 20024,
            "year": 2002,
            "quarter": 4,
            "eps": 0.04,
            "eps_growth_year": -88.24,
            "eps_4q": 1.44,
            "eps_4q_growth_year": -43.24,
            "roe": 0.22,
            "roe_4q": 8.7,
            "gross_profit": 64070,
            "gross_margin": 11.89,
            "gross_margin_4q_avg": 15.77,
            "net_income": 5099,
            "net_income_4q": null,
            "revenue": 538927,
            "revenue_4q": null,
            "common_shares": 1184000,
            "book_valuer_per_share": 18.19,
            "book_valuer_per_share_4q_avg": 20.3,
            "equity": 2438559,
            "current_ratio": 130.09,
            "debt_ratio": 39.5,
            "inventory_turnover_ratio": 1.16,
            "account_receivable_turnover_ratio": null,
            "reinvestment_rate": 154.67,
            "research_to_sale_ratio": null,
            "price_fair": 62.65,
            "eps_avg_yearly": 1.79,
            "eps_latest_yearly": 0.16,
            "eps_growth_yearly": 30.7
        },
        "20031": {
            "year_quarter": 20031,
            "year": 2003,
            "quarter": 1,
            "eps": 0.31,
            "eps_growth_year": -48.33,
            "eps_4q": 1.41,
            "eps_4q_growth_year": -40.28,
            "roe": 1.58,
            "roe_4q": 7.78,
            "gross_profit": 76013,
            "gross_margin": 13.47,
            "gross_margin_4q_avg": 14.66,
            "net_income": 36445,
            "net_income_4q": null,
            "revenue": 564448,
            "revenue_4q": null,
            "common_shares": 1184000,
            "book_valuer_per_share": 18.31,
            "book_valuer_per_share_4q_avg": 19.3,
            "equity": 2167484,
            "current_ratio": 200.76,
            "debt_ratio": 33.33,
            "inventory_turnover_ratio": 1.33,
            "account_receivable_turnover_ratio": null,
            "reinvestment_rate": 15.74,
            "research_to_sale_ratio": null,
            "price_fair": 58.8,
            "eps_avg_yearly": 1.68,
            "eps_latest_yearly": 1.24,
            "eps_growth_yearly": 564.56
        },
        "20032": {
            "year_quarter": 20032,
            "year": 2003,
            "quarter": 2,
            "eps": 0.25,
            "eps_growth_year": -39.02,
            "eps_4q": 1.32,
            "eps_4q_growth_year": -37.81,
            "roe": 1.37,
            "roe_4q": 7.33,
            "gross_profit": 74274,
            "gross_margin": 11.85,
            "gross_margin_4q_avg": 12.96,
            "net_income": 29947,
            "net_income_4q": null,
            "revenue": 626986,
            "revenue_4q": null,
            "common_shares": 1184000,
            "book_valuer_per_share": 18.49,
            "book_valuer_per_share_4q_avg": 18.29,
            "equity": 2188778,
            "current_ratio": 191.77,
            "debt_ratio": 34.74,
            "inventory_turnover_ratio": 2.21,
            "account_receivable_turnover_ratio": null,
            "reinvestment_rate": 14.91,
            "research_to_sale_ratio": null,
            "price_fair": 54.83,
            "eps_avg_yearly": 1.57,
            "eps_latest_yearly": 1,
            "eps_growth_yearly": 457.56
        },
        "20033": {
            "year_quarter": 20033,
            "year": 2003,
            "quarter": 3,
            "eps": 0.13,
            "eps_growth_year": -82.43,
            "eps_4q": 0.66,
            "eps_4q_growth_year": -62.58,
            "roe": 0.79,
            "roe_4q": 3.9600000000000004,
            "gross_profit": 80051,
            "gross_margin": 12.19,
            "gross_margin_4q_avg": 12.35,
            "net_income": 17395,
            "net_income_4q": null,
            "revenue": 656747,
            "revenue_4q": null,
            "common_shares": 1388280,
            "book_valuer_per_share": 15.87,
            "book_valuer_per_share_4q_avg": 17.72,
            "equity": 2202775,
            "current_ratio": 199.12,
            "debt_ratio": 34.67,
            "inventory_turnover_ratio": 2.41,
            "account_receivable_turnover_ratio": null,
            "reinvestment_rate": 16.23,
            "research_to_sale_ratio": null,
            "price_fair": 49.6,
            "eps_avg_yearly": 1.42,
            "eps_latest_yearly": 0.52,
            "eps_growth_yearly": 364.77
        },
        "20034": {
            "year_quarter": 20034,
            "year": 2003,
            "quarter": 4,
            "eps": 0.12,
            "eps_growth_year": 200,
            "eps_4q": 0.74,
            "eps_4q_growth_year": -48.77,
            "roe": 0.69,
            "roe_4q": 4.43,
            "gross_profit": 77601,
            "gross_margin": 11.25,
            "gross_margin_4q_avg": 12.19,
            "net_income": 16291,
            "net_income_4q": null,
            "revenue": 689552,
            "revenue_4q": null,
            "common_shares": 1388280,
            "book_valuer_per_share": 16.44,
            "book_valuer_per_share_4q_avg": 17.28,
            "equity": 2507415,
            "current_ratio": 126.22,
            "debt_ratio": 42.78,
            "inventory_turnover_ratio": 1.61,
            "account_receivable_turnover_ratio": null,
            "reinvestment_rate": 121.73,
            "research_to_sale_ratio": null,
            "price_fair": 45.5,
            "eps_avg_yearly": 1.3,
            "eps_latest_yearly": 0.48,
            "eps_growth_yearly": 315.32
        },
        "20041": {
            "year_quarter": 20041,
            "year": 2004,
            "quarter": 1,
            "eps": 0.18,
            "eps_growth_year": -41.94,
            "eps_4q": 0.64,
            "eps_4q_growth_year": -54.88,
            "roe": 1.05,
            "roe_4q": 3.9000000000000004,
            "gross_profit": 69258,
            "gross_margin": 11.31,
            "gross_margin_4q_avg": 11.65,
            "net_income": 25118,
            "net_income_4q": null,
            "revenue": 612616,
            "revenue_4q": null,
            "common_shares": 1388280,
            "book_valuer_per_share": 16.5,
            "book_valuer_per_share_4q_avg": 16.83,
            "equity": 2290746,
            "current_ratio": 171.31,
            "debt_ratio": 36.88,
            "inventory_turnover_ratio": 1.33,
            "account_receivable_turnover_ratio": null,
            "reinvestment_rate": 11.32,
            "research_to_sale_ratio": null,
            "price_fair": 43.24,
            "eps_avg_yearly": 1.24,
            "eps_latest_yearly": 0.72,
            "eps_growth_yearly": 302.51
        },
        "20042": {
            "year_quarter": 20042,
            "year": 2004,
            "quarter": 2,
            "eps": 0.19,
            "eps_growth_year": -24,
            "eps_4q": 0.62,
            "eps_4q_growth_year": -53.23,
            "roe": 1.13,
            "roe_4q": 3.6599999999999997,
            "gross_profit": 78184,
            "gross_margin": 11.93,
            "gross_margin_4q_avg": 11.67,
            "net_income": 26013,
            "net_income_4q": null,
            "revenue": 655355,
            "revenue_4q": null,
            "common_shares": 1388280,
            "book_valuer_per_share": 16.64,
            "book_valuer_per_share_4q_avg": 16.36,
            "equity": 2310167,
            "current_ratio": 159.91,
            "debt_ratio": 37.75,
            "inventory_turnover_ratio": 1.87,
            "account_receivable_turnover_ratio": null,
            "reinvestment_rate": 13.25,
            "research_to_sale_ratio": null,
            "price_fair": 41.58,
            "eps_avg_yearly": 1.19,
            "eps_latest_yearly": 0.76,
            "eps_growth_yearly": 274.48
        },
        "20043": {
            "year_quarter": 20043,
            "year": 2004,
            "quarter": 3,
            "eps": 0.18,
            "eps_growth_year": 38.46,
            "eps_4q": 0.64,
            "eps_4q_growth_year": -3.94,
            "roe": 1.14,
            "roe_4q": 4.01,
            "gross_profit": 70994,
            "gross_margin": 11.82,
            "gross_margin_4q_avg": 11.58,
            "net_income": 26490,
            "net_income_4q": null,
            "revenue": 600797,
            "revenue_4q": null,
            "common_shares": 1388280,
            "book_valuer_per_share": 16.85,
            "book_valuer_per_share_4q_avg": 16.61,
            "equity": 2339589,
            "current_ratio": 157.2,
            "debt_ratio": 36.2,
            "inventory_turnover_ratio": 1.85,
            "account_receivable_turnover_ratio": null,
            "reinvestment_rate": 10.48,
            "research_to_sale_ratio": null,
            "price_fair": 40.09,
            "eps_avg_yearly": 1.15,
            "eps_latest_yearly": 0.72,
            "eps_growth_yearly": 247.62
        },
        "20044": {
            "year_quarter": 20044,
            "year": 2004,
            "quarter": 4,
            "eps": -1.19,
            "eps_growth_year": -1091.67,
            "eps_4q": -0.39,
            "eps_4q_growth_year": -152.33,
            "roe": -6.5,
            "roe_4q": -3.1800000000000006,
            "gross_profit": 30354,
            "gross_margin": 6.11,
            "gross_margin_4q_avg": 10.29,
            "net_income": -175419,
            "net_income_4q": null,
            "revenue": 496751,
            "revenue_4q": null,
            "common_shares": 1480500,
            "book_valuer_per_share": 14.45,
            "book_valuer_per_share_4q_avg": 16.11,
            "equity": 3061288,
            "current_ratio": 122.16,
            "debt_ratio": 49.56,
            "inventory_turnover_ratio": 0.76,
            "account_receivable_turnover_ratio": null,
            "reinvestment_rate": 415.03,
            "research_to_sale_ratio": null,
            "price_fair": 40.09,
            "eps_avg_yearly": 1.15,
            "eps_latest_yearly": 0.72,
            "eps_growth_yearly": 247.62
        },
        "20051": {
            "year_quarter": 20051,
            "year": 2005,
            "quarter": 1,
            "eps": -0.21,
            "eps_growth_year": -216.67,
            "eps_4q": -1.05,
            "eps_4q_growth_year": -264.58,
            "roe": -1.19,
            "roe_4q": -5.42,
            "gross_profit": 19868,
            "gross_margin": 4.46,
            "gross_margin_4q_avg": 8.58,
            "net_income": -30849,
            "net_income_4q": null,
            "revenue": 445231,
            "revenue_4q": null,
            "common_shares": 1480500,
            "book_valuer_per_share": 14.21,
            "book_valuer_per_share_4q_avg": 15.54,
            "equity": 2103904,
            "current_ratio": 173.11,
            "debt_ratio": 33.98,
            "inventory_turnover_ratio": 0.75,
            "account_receivable_turnover_ratio": null,
            "reinvestment_rate": 10.39,
            "research_to_sale_ratio": null,
            "price_fair": 40.09,
            "eps_avg_yearly": 1.15,
            "eps_latest_yearly": 0.72,
            "eps_growth_yearly": 247.62
        },
        "20052": {
            "year_quarter": 20052,
            "year": 2005,
            "quarter": 2,
            "eps": -0.02,
            "eps_growth_year": -110.53,
            "eps_4q": -1.23,
            "eps_4q_growth_year": -299.26,
            "roe": -0.14,
            "roe_4q": -6.69,
            "gross_profit": 16732,
            "gross_margin": 3.37,
            "gross_margin_4q_avg": 6.44,
            "net_income": -2977,
            "net_income_4q": null,
            "revenue": 496388,
            "revenue_4q": null,
            "common_shares": 1480500,
            "book_valuer_per_share": 14.2,
            "book_valuer_per_share_4q_avg": 14.93,
            "equity": 2102070,
            "current_ratio": 177.29,
            "debt_ratio": 31.71,
            "inventory_turnover_ratio": 2.86,
            "account_receivable_turnover_ratio": null,
            "reinvestment_rate": 9.91,
            "research_to_sale_ratio": null,
            "price_fair": 40.09,
            "eps_avg_yearly": 1.15,
            "eps_latest_yearly": 0.72,
            "eps_growth_yearly": 247.62
        },
        "20053": {
            "year_quarter": 20053,
            "year": 2005,
            "quarter": 3,
            "eps": 0.5,
            "eps_growth_year": 177.78,
            "eps_4q": -0.93,
            "eps_4q_growth_year": -245.16,
            "roe": 3.41,
            "roe_4q": -4.42,
            "gross_profit": 44304,
            "gross_margin": 7.69,
            "gross_margin_4q_avg": 5.41,
            "net_income": 73350,
            "net_income_4q": null,
            "revenue": 576285,
            "revenue_4q": null,
            "common_shares": 1480500,
            "book_valuer_per_share": 14.84,
            "book_valuer_per_share_4q_avg": 14.43,
            "equity": 2196714,
            "current_ratio": 184.12,
            "debt_ratio": 29.36,
            "inventory_turnover_ratio": 3.08,
            "account_receivable_turnover_ratio": null,
            "reinvestment_rate": 6.64,
            "research_to_sale_ratio": null,
            "price_fair": 40.09,
            "eps_avg_yearly": 1.15,
            "eps_latest_yearly": 0.72,
            "eps_growth_yearly": 247.62
        },
        "20054": {
            "year_quarter": 20054,
            "year": 2005,
            "quarter": 4,
            "eps": -0.12,
            "eps_growth_year": null,
            "eps_4q": 1.69,
            "eps_4q_growth_year": null,
            "roe": -0.65,
            "roe_4q": 1.4300000000000002,
            "gross_profit": 46367,
            "gross_margin": 6.97,
            "gross_margin_4q_avg": 5.62,
            "net_income": -17266,
            "net_income_4q": null,
            "revenue": 665154,
            "revenue_4q": null,
            "common_shares": 1480500,
            "book_valuer_per_share": 14.76,
            "book_valuer_per_share_4q_avg": 14.5,
            "equity": 3080766,
            "current_ratio": 116.47,
            "debt_ratio": 49.56,
            "inventory_turnover_ratio": 1.14,
            "account_receivable_turnover_ratio": null,
            "reinvestment_rate": 706.61,
            "research_to_sale_ratio": null,
            "price_fair": 40.09,
            "eps_avg_yearly": 1.15,
            "eps_latest_yearly": 0.72,
            "eps_growth_yearly": 247.62
        },
        "20061": {
            "year_quarter": 20061,
            "year": 2006,
            "quarter": 1,
            "eps": -0.04,
            "eps_growth_year": null,
            "eps_4q": 0.28,
            "eps_4q_growth_year": null,
            "roe": -0.25,
            "roe_4q": 2.37,
            "gross_profit": 40235,
            "gross_margin": 6.79,
            "gross_margin_4q_avg": 6.21,
            "net_income": -6609,
            "net_income_4q": null,
            "revenue": 592893,
            "revenue_4q": null,
            "common_shares": 1480500,
            "book_valuer_per_share": 14.7,
            "book_valuer_per_share_4q_avg": 14.63,
            "equity": 2176535,
            "current_ratio": 182.7,
            "debt_ratio": 31.54,
            "inventory_turnover_ratio": 0.96,
            "account_receivable_turnover_ratio": null,
            "reinvestment_rate": 67.56,
            "research_to_sale_ratio": null,
            "price_fair": 35.7,
            "eps_avg_yearly": 1.02,
            "eps_latest_yearly": 0.72,
            "eps_growth_yearly": 241.79
        },
        "20062": {
            "year_quarter": 20062,
            "year": 2006,
            "quarter": 2,
            "eps": 0,
            "eps_growth_year": null,
            "eps_4q": 0.34,
            "eps_4q_growth_year": null,
            "roe": 0.03,
            "roe_4q": 2.54,
            "gross_profit": 52352,
            "gross_margin": 7.97,
            "gross_margin_4q_avg": 7.36,
            "net_income": 675,
            "net_income_4q": null,
            "revenue": 656747,
            "revenue_4q": null,
            "common_shares": 1480500,
            "book_valuer_per_share": 14.6,
            "book_valuer_per_share_4q_avg": 14.73,
            "equity": 2161116,
            "current_ratio": 174.81,
            "debt_ratio": 33.15,
            "inventory_turnover_ratio": 2.3,
            "account_receivable_turnover_ratio": null,
            "reinvestment_rate": 42.33,
            "research_to_sale_ratio": null,
            "price_fair": 33.29,
            "eps_avg_yearly": 0.95,
            "eps_latest_yearly": 0.72,
            "eps_growth_yearly": 282.73
        },
        "20063": {
            "year_quarter": 20063,
            "year": 2006,
            "quarter": 3,
            "eps": 0.2,
            "eps_growth_year": -60,
            "eps_4q": 0.04,
            "eps_4q_growth_year": null,
            "roe": 1.32,
            "roe_4q": 0.45000000000000007,
            "gross_profit": 69704,
            "gross_margin": 9.88,
            "gross_margin_4q_avg": 7.9,
            "net_income": 28720,
            "net_income_4q": null,
            "revenue": 705310,
            "revenue_4q": null,
            "common_shares": 1480500,
            "book_valuer_per_share": 14.85,
            "book_valuer_per_share_4q_avg": 14.73,
            "equity": 2198423,
            "current_ratio": 172.21,
            "debt_ratio": 33.63,
            "inventory_turnover_ratio": 2.2,
            "account_receivable_turnover_ratio": null,
            "reinvestment_rate": 83.14,
            "research_to_sale_ratio": null,
            "price_fair": 24.5,
            "eps_avg_yearly": 0.7,
            "eps_latest_yearly": 0.72,
            "eps_growth_yearly": 277.83
        },
        "20064": {
            "year_quarter": 20064,
            "year": 2006,
            "quarter": 4,
            "eps": -0.07,
            "eps_growth_year": null,
            "eps_4q": 0.02,
            "eps_4q_growth_year": -99.03,
            "roe": -0.41,
            "roe_4q": 0.6900000000000002,
            "gross_profit": 41285,
            "gross_margin": 6.38,
            "gross_margin_4q_avg": 7.76,
            "net_income": -10795,
            "net_income_4q": null,
            "revenue": 646669,
            "revenue_4q": null,
            "common_shares": 1480500,
            "book_valuer_per_share": 14.81,
            "book_valuer_per_share_4q_avg": 14.74,
            "equity": 3021281,
            "current_ratio": 152.95,
            "debt_ratio": 47.24,
            "inventory_turnover_ratio": 1.1,
            "account_receivable_turnover_ratio": null,
            "reinvestment_rate": 2775.71,
            "research_to_sale_ratio": null,
            "price_fair": 27.2,
            "eps_avg_yearly": 0.78,
            "eps_latest_yearly": 0.72,
            "eps_growth_yearly": 371.57
        },
        "20071": {
            "year_quarter": 20071,
            "year": 2007,
            "quarter": 1,
            "eps": 0.06,
            "eps_growth_year": null,
            "eps_4q": 0.19,
            "eps_4q_growth_year": -34.02,
            "roe": 0.34,
            "roe_4q": 1.28,
            "gross_profit": 39958,
            "gross_margin": 6.58,
            "gross_margin_4q_avg": 7.7,
            "net_income": 8880,
            "net_income_4q": null,
            "revenue": 607607,
            "revenue_4q": null,
            "common_shares": 1480500,
            "book_valuer_per_share": 15.03,
            "book_valuer_per_share_4q_avg": 14.82,
            "equity": 2225596,
            "current_ratio": 197.03,
            "debt_ratio": 26.59,
            "inventory_turnover_ratio": 1.08,
            "account_receivable_turnover_ratio": null,
            "reinvestment_rate": -941.47,
            "research_to_sale_ratio": null,
            "price_fair": 2.1,
            "eps_avg_yearly": 0.7,
            "eps_latest_yearly": 0.72,
            "eps_growth_yearly": -16.5
        },
        "20072": {
            "year_quarter": 20072,
            "year": 2007,
            "quarter": 2,
            "eps": 0.16,
            "eps_growth_year": null,
            "eps_4q": 0.34,
            "eps_4q_growth_year": -0.5,
            "roe": 1.08,
            "roe_4q": 2.33,
            "gross_profit": 52092,
            "gross_margin": 6.42,
            "gross_margin_4q_avg": 7.32,
            "net_income": 24224,
            "net_income_4q": null,
            "revenue": 811373,
            "revenue_4q": null,
            "common_shares": 1480500,
            "book_valuer_per_share": 15.15,
            "book_valuer_per_share_4q_avg": 14.96,
            "equity": 2243056,
            "current_ratio": 186.16,
            "debt_ratio": 28.69,
            "inventory_turnover_ratio": 3.43,
            "account_receivable_turnover_ratio": null,
            "reinvestment_rate": -2995.22,
            "research_to_sale_ratio": null,
            "price_fair": 22.4,
            "eps_avg_yearly": 0.64,
            "eps_latest_yearly": 0.64,
            "eps_growth_yearly": 107.51
        },
        "20073": {
            "year_quarter": 20073,
            "year": 2007,
            "quarter": 3,
            "eps": 0.01,
            "eps_growth_year": -95,
            "eps_4q": 0.16,
            "eps_4q_growth_year": 326.53,
            "roe": 0.09,
            "roe_4q": 1.1000000000000003,
            "gross_profit": 50385,
            "gross_margin": 6.32,
            "gross_margin_4q_avg": 6.43,
            "net_income": 1965,
            "net_income_4q": null,
            "revenue": 797328,
            "revenue_4q": null,
            "common_shares": 1480500,
            "book_valuer_per_share": 15.22,
            "book_valuer_per_share_4q_avg": 15.05,
            "equity": 2253243,
            "current_ratio": 182.87,
            "debt_ratio": 29.67,
            "inventory_turnover_ratio": 3.65,
            "account_receivable_turnover_ratio": null,
            "reinvestment_rate": null,
            "research_to_sale_ratio": null,
            "price_fair": 19.6,
            "eps_avg_yearly": 0.56,
            "eps_latest_yearly": 0.04,
            "eps_growth_yearly": 77.01
        },
        "20074": {
            "year_quarter": 20074,
            "year": 2007,
            "quarter": 4,
            "eps": -0.07,
            "eps_growth_year": null,
            "eps_4q": 0.2,
            "eps_4q_growth_year": 1112.61,
            "roe": -0.39,
            "roe_4q": 1.12,
            "gross_profit": 37126,
            "gross_margin": 4.85,
            "gross_margin_4q_avg": 6.04,
            "net_income": -10389,
            "net_income_4q": null,
            "revenue": 765963,
            "revenue_4q": null,
            "common_shares": 1484540,
            "book_valuer_per_share": 15.16,
            "book_valuer_per_share_4q_avg": 15.14,
            "equity": 3125292,
            "current_ratio": 156.35,
            "debt_ratio": 41.64,
            "inventory_turnover_ratio": 1.37,
            "account_receivable_turnover_ratio": null,
            "reinvestment_rate": null,
            "research_to_sale_ratio": null,
            "price_fair": 20.16,
            "eps_avg_yearly": 0.58,
            "eps_latest_yearly": 0.04,
            "eps_growth_yearly": 98.57
        },
        "20081": {
            "year_quarter": 20081,
            "year": 2008,
            "quarter": 1,
            "eps": -0.68,
            "eps_growth_year": -1233.33,
            "eps_4q": -0.47,
            "eps_4q_growth_year": -352.33,
            "roe": -4.05,
            "roe_4q": -3.2699999999999996,
            "gross_profit": 87761,
            "gross_margin": 10.2,
            "gross_margin_4q_avg": 6.95,
            "net_income": -123120,
            "net_income_4q": null,
            "revenue": 860381,
            "revenue_4q": null,
            "common_shares": 1484540,
            "book_valuer_per_share": 14.26,
            "book_valuer_per_share_4q_avg": 14.95,
            "equity": 2953658,
            "current_ratio": 152.17,
            "debt_ratio": 43.64,
            "inventory_turnover_ratio": 0.85,
            "account_receivable_turnover_ratio": null,
            "reinvestment_rate": null,
            "research_to_sale_ratio": null,
            "price_fair": 18.9,
            "eps_avg_yearly": 0.54,
            "eps_latest_yearly": 0.04,
            "eps_growth_yearly": 73.21
        },
        "20082": {
            "year_quarter": 20082,
            "year": 2008,
            "quarter": 2,
            "eps": 0.16,
            "eps_growth_year": 0,
            "eps_4q": -0.48,
            "eps_4q_growth_year": -241.53,
            "roe": 0.97,
            "roe_4q": -3.3800000000000003,
            "gross_profit": 116353,
            "gross_margin": 11.63,
            "gross_margin_4q_avg": 8.25,
            "net_income": 28732,
            "net_income_4q": null,
            "revenue": 1000748,
            "revenue_4q": null,
            "common_shares": 1484540,
            "book_valuer_per_share": 14.4,
            "book_valuer_per_share_4q_avg": 14.76,
            "equity": 2987405,
            "current_ratio": 155.93,
            "debt_ratio": 42.89,
            "inventory_turnover_ratio": 0.94,
            "account_receivable_turnover_ratio": null,
            "reinvestment_rate": null,
            "research_to_sale_ratio": null,
            "price_fair": 16.33,
            "eps_avg_yearly": 0.47,
            "eps_latest_yearly": 0.04,
            "eps_growth_yearly": 90.2
        },
        "20083": {
            "year_quarter": 20083,
            "year": 2008,
            "quarter": 3,
            "eps": 0.72,
            "eps_growth_year": 7100,
            "eps_4q": 0.19,
            "eps_4q_growth_year": 17.38,
            "roe": 2.26,
            "roe_4q": -1.2100000000000004,
            "gross_profit": 65902,
            "gross_margin": 4.95,
            "gross_margin_4q_avg": 7.91,
            "net_income": 67639,
            "net_income_4q": null,
            "revenue": 1332195,
            "revenue_4q": null,
            "common_shares": 1484540,
            "book_valuer_per_share": 15.19,
            "book_valuer_per_share_4q_avg": 14.75,
            "equity": 3005842,
            "current_ratio": 141.22,
            "debt_ratio": 50.87,
            "inventory_turnover_ratio": 1.3,
            "account_receivable_turnover_ratio": null,
            "reinvestment_rate": null,
            "research_to_sale_ratio": null,
            "price_fair": 41.53,
            "eps_avg_yearly": 1.19,
            "eps_latest_yearly": 2.88,
            "eps_growth_yearly": 563.89
        },
        "20084": {
            "year_quarter": 20084,
            "year": 2008,
            "quarter": 4,
            "eps": -0.5,
            "eps_growth_year": null,
            "eps_4q": -0.13,
            "eps_4q_growth_year": -165.6,
            "roe": -2.68,
            "roe_4q": -3.5,
            "gross_profit": 91209,
            "gross_margin": 17.8,
            "gross_margin_4q_avg": 11.15,
            "net_income": -80341,
            "net_income_4q": null,
            "revenue": 512274,
            "revenue_4q": null,
            "common_shares": 1484540,
            "book_valuer_per_share": 14.7,
            "book_valuer_per_share_4q_avg": 14.64,
            "equity": 3000751,
            "current_ratio": 152.27,
            "debt_ratio": 42.38,
            "inventory_turnover_ratio": 0.43,
            "account_receivable_turnover_ratio": 0.87,
            "reinvestment_rate": null,
            "research_to_sale_ratio": null,
            "price_fair": 41.53,
            "eps_avg_yearly": 1.19,
            "eps_latest_yearly": 2.88,
            "eps_growth_yearly": 563.89
        },
        "20091": {
            "year_quarter": 20091,
            "year": 2009,
            "quarter": 1,
            "eps": 0.03,
            "eps_growth_year": null,
            "eps_4q": 0.21,
            "eps_4q_growth_year": null,
            "roe": -0.28,
            "roe_4q": 0.2699999999999998,
            "gross_profit": 46654,
            "gross_margin": 6.5,
            "gross_margin_4q_avg": 10.22,
            "net_income": -8480,
            "net_income_4q": null,
            "revenue": 717624,
            "revenue_4q": null,
            "common_shares": 1484540,
            "book_valuer_per_share": 14.79,
            "book_valuer_per_share_4q_avg": 14.77,
            "equity": 3011933,
            "current_ratio": 154.13,
            "debt_ratio": 38.49,
            "inventory_turnover_ratio": 0.77,
            "account_receivable_turnover_ratio": 0.66,
            "reinvestment_rate": null,
            "research_to_sale_ratio": null,
            "price_fair": 41.53,
            "eps_avg_yearly": 1.19,
            "eps_latest_yearly": 2.88,
            "eps_growth_yearly": 563.89
        },
        "20092": {
            "year_quarter": 20092,
            "year": 2009,
            "quarter": 2,
            "eps": -0.6,
            "eps_growth_year": -475,
            "eps_4q": -0.33,
            "eps_4q_growth_year": null,
            "roe": -4.4,
            "roe_4q": -5.100000000000001,
            "gross_profit": 58632,
            "gross_margin": 6.18,
            "gross_margin_4q_avg": 8.86,
            "net_income": -129520,
            "net_income_4q": null,
            "revenue": 949370,
            "revenue_4q": null,
            "common_shares": 1469970,
            "book_valuer_per_share": 14.35,
            "book_valuer_per_share_4q_avg": 14.76,
            "equity": 2870821,
            "current_ratio": 153.7,
            "debt_ratio": 40.63,
            "inventory_turnover_ratio": 1.11,
            "account_receivable_turnover_ratio": 0.85,
            "reinvestment_rate": null,
            "research_to_sale_ratio": null,
            "price_fair": 41.53,
            "eps_avg_yearly": 1.19,
            "eps_latest_yearly": 2.88,
            "eps_growth_yearly": 563.89
        },
        "20093": {
            "year_quarter": 20093,
            "year": 2009,
            "quarter": 3,
            "eps": 0,
            "eps_growth_year": -100,
            "eps_4q": -1.04,
            "eps_4q_growth_year": -642.63,
            "roe": -0.34,
            "roe_4q": -7.700000000000001,
            "gross_profit": 154310,
            "gross_margin": 13.46,
            "gross_margin_4q_avg": 10.99,
            "net_income": -9713,
            "net_income_4q": null,
            "revenue": 1146037,
            "revenue_4q": null,
            "common_shares": 1469970,
            "book_valuer_per_share": 14.39,
            "book_valuer_per_share_4q_avg": 14.56,
            "equity": 2861060,
            "current_ratio": 155.8,
            "debt_ratio": 43.24,
            "inventory_turnover_ratio": 1.35,
            "account_receivable_turnover_ratio": 0.86,
            "reinvestment_rate": null,
            "research_to_sale_ratio": null,
            "price_fair": 41.53,
            "eps_avg_yearly": 1.19,
            "eps_latest_yearly": 2.88,
            "eps_growth_yearly": 563.89
        },
        "20094": {
            "year_quarter": 20094,
            "year": 2009,
            "quarter": 4,
            "eps": 0.34,
            "eps_growth_year": null,
            "eps_4q": -0.22,
            "eps_4q_growth_year": null,
            "roe": 1.15,
            "roe_4q": -3.870000000000001,
            "gross_profit": 165058,
            "gross_margin": 14.47,
            "gross_margin_4q_avg": 10.15,
            "net_income": 33152,
            "net_income_4q": null,
            "revenue": 1140302,
            "revenue_4q": null,
            "common_shares": 1469970,
            "book_valuer_per_share": 14.86,
            "book_valuer_per_share_4q_avg": 14.6,
            "equity": 2891723,
            "current_ratio": 148.88,
            "debt_ratio": 41.4,
            "inventory_turnover_ratio": 1.45,
            "account_receivable_turnover_ratio": 1.57,
            "reinvestment_rate": null,
            "research_to_sale_ratio": null,
            "price_fair": 41.53,
            "eps_avg_yearly": 1.19,
            "eps_latest_yearly": 2.88,
            "eps_growth_yearly": 563.89
        },
        "20101": {
            "year_quarter": 20101,
            "year": 2010,
            "quarter": 1,
            "eps": 0.15,
            "eps_growth_year": 400,
            "eps_4q": -0.09,
            "eps_4q_growth_year": -143.17,
            "roe": 1.29,
            "roe_4q": -2.3000000000000003,
            "gross_profit": 163850,
            "gross_margin": 14.11,
            "gross_margin_4q_avg": 12.06,
            "net_income": 37720,
            "net_income_4q": null,
            "revenue": 1160826,
            "revenue_4q": null,
            "common_shares": 1469970,
            "book_valuer_per_share": 14.97,
            "book_valuer_per_share_4q_avg": 14.64,
            "equity": 2961210,
            "current_ratio": 140.23,
            "debt_ratio": 40.63,
            "inventory_turnover_ratio": 1.44,
            "account_receivable_turnover_ratio": 0.78,
            "reinvestment_rate": null,
            "research_to_sale_ratio": 1.21,
            "price_fair": 36.4,
            "eps_avg_yearly": 1.04,
            "eps_latest_yearly": 0.6,
            "eps_growth_yearly": 367.03
        },
        "20102": {
            "year_quarter": 20102,
            "year": 2010,
            "quarter": 2,
            "eps": 0.53,
            "eps_growth_year": null,
            "eps_4q": 1.01,
            "eps_4q_growth_year": null,
            "roe": 4.06,
            "roe_4q": 6.16,
            "gross_profit": 253984,
            "gross_margin": 18.02,
            "gross_margin_4q_avg": 15.02,
            "net_income": 123359,
            "net_income_4q": null,
            "revenue": 1409631,
            "revenue_4q": null,
            "common_shares": 1469970,
            "book_valuer_per_share": 15.56,
            "book_valuer_per_share_4q_avg": 14.95,
            "equity": 3111961,
            "current_ratio": 139.87,
            "debt_ratio": 42.98,
            "inventory_turnover_ratio": 1.6,
            "account_receivable_turnover_ratio": 0.84,
            "reinvestment_rate": 70184.37,
            "research_to_sale_ratio": 0.67,
            "price_fair": 43.96,
            "eps_avg_yearly": 1.26,
            "eps_latest_yearly": 2.12,
            "eps_growth_yearly": 496.29
        },
        "20103": {
            "year_quarter": 20103,
            "year": 2010,
            "quarter": 3,
            "eps": 0.48,
            "eps_growth_year": null,
            "eps_4q": 1.49,
            "eps_4q_growth_year": null,
            "roe": 3.71,
            "roe_4q": 10.209999999999999,
            "gross_profit": 293409,
            "gross_margin": 19.33,
            "gross_margin_4q_avg": 16.48,
            "net_income": 117543,
            "net_income_4q": null,
            "revenue": 1518129,
            "revenue_4q": null,
            "common_shares": 1469970,
            "book_valuer_per_share": 16.05,
            "book_valuer_per_share_4q_avg": 15.36,
            "equity": 3221540,
            "current_ratio": 162.39,
            "debt_ratio": 42.55,
            "inventory_turnover_ratio": 1.59,
            "account_receivable_turnover_ratio": 0.83,
            "reinvestment_rate": 3678.15,
            "research_to_sale_ratio": 1.05,
            "price_fair": 47.83,
            "eps_avg_yearly": 1.37,
            "eps_latest_yearly": 1.92,
            "eps_growth_yearly": 407.29
        },
        "20104": {
            "year_quarter": 20104,
            "year": 2010,
            "quarter": 4,
            "eps": -0.28,
            "eps_growth_year": -182.57,
            "eps_4q": 0.88,
            "eps_4q_growth_year": null,
            "roe": -1,
            "roe_4q": 8.059999999999999,
            "gross_profit": 193946,
            "gross_margin": 14.6,
            "gross_margin_4q_avg": 16.52,
            "net_income": -31582,
            "net_income_4q": null,
            "revenue": 1327973,
            "revenue_4q": null,
            "common_shares": 1469970,
            "book_valuer_per_share": 15.55,
            "book_valuer_per_share_4q_avg": 15.53,
            "equity": 3122700,
            "current_ratio": 170.76,
            "debt_ratio": 45.48,
            "inventory_turnover_ratio": 1.38,
            "account_receivable_turnover_ratio": 0.79,
            "reinvestment_rate": -3100.95,
            "research_to_sale_ratio": 0.38,
            "price_fair": 47.83,
            "eps_avg_yearly": 1.37,
            "eps_latest_yearly": 1.92,
            "eps_growth_yearly": 407.29
        },
        "20111": {
            "year_quarter": 20111,
            "year": 2011,
            "quarter": 1,
            "eps": 0.42,
            "eps_growth_year": 180,
            "eps_4q": 1.15,
            "eps_4q_growth_year": null,
            "roe": 3.61,
            "roe_4q": 10.379999999999999,
            "gross_profit": 185348,
            "gross_margin": 14.38,
            "gross_margin_4q_avg": 16.58,
            "net_income": 114898,
            "net_income_4q": null,
            "revenue": 1288724,
            "revenue_4q": null,
            "common_shares": 1469970,
            "book_valuer_per_share": 16.03,
            "book_valuer_per_share_4q_avg": 15.8,
            "equity": 3248797,
            "current_ratio": 175.83,
            "debt_ratio": 44.54,
            "inventory_turnover_ratio": 1.27,
            "account_receivable_turnover_ratio": 0.82,
            "reinvestment_rate": 2718.58,
            "research_to_sale_ratio": 0.95,
            "price_fair": 47.83,
            "eps_avg_yearly": 1.37,
            "eps_latest_yearly": 1.92,
            "eps_growth_yearly": 407.29
        },
        "20112": {
            "year_quarter": 20112,
            "year": 2011,
            "quarter": 2,
            "eps": 0.66,
            "eps_growth_year": 24.34,
            "eps_4q": 1.28,
            "eps_4q_growth_year": 25.95,
            "roe": 5.78,
            "roe_4q": 12.100000000000001,
            "gross_profit": 357859,
            "gross_margin": 19.84,
            "gross_margin_4q_avg": 17.04,
            "net_income": 189368,
            "net_income_4q": null,
            "revenue": 1803802,
            "revenue_4q": null,
            "common_shares": 1469970,
            "book_valuer_per_share": 16.08,
            "book_valuer_per_share_4q_avg": 15.93,
            "equity": 3300685,
            "current_ratio": 164.93,
            "debt_ratio": 49.49,
            "inventory_turnover_ratio": 1.58,
            "account_receivable_turnover_ratio": 0.97,
            "reinvestment_rate": 1545.27,
            "research_to_sale_ratio": 0.35,
            "price_fair": 59.5,
            "eps_avg_yearly": 1.7,
            "eps_latest_yearly": 2.64,
            "eps_growth_yearly": 334.27
        },
        "20113": {
            "year_quarter": 20113,
            "year": 2011,
            "quarter": 3,
            "eps": 0.83,
            "eps_growth_year": 71.46,
            "eps_4q": 1.62,
            "eps_4q_growth_year": 8.72,
            "roe": 4.8,
            "roe_4q": 13.19,
            "gross_profit": 310780,
            "gross_margin": 17.92,
            "gross_margin_4q_avg": 16.69,
            "net_income": 171237,
            "net_income_4q": null,
            "revenue": 1734495,
            "revenue_4q": null,
            "common_shares": 1469970,
            "book_valuer_per_share": 17.3,
            "book_valuer_per_share_4q_avg": 16.24,
            "equity": 3831677,
            "current_ratio": 157.06,
            "debt_ratio": 47.9,
            "inventory_turnover_ratio": 1.39,
            "account_receivable_turnover_ratio": 0.8,
            "reinvestment_rate": 890.77,
            "research_to_sale_ratio": 1.09,
            "price_fair": 78.63,
            "eps_avg_yearly": 2.25,
            "eps_latest_yearly": 3.32,
            "eps_growth_yearly": 413.94
        },
        "20114": {
            "year_quarter": 20114,
            "year": 2011,
            "quarter": 4,
            "eps": -0.14,
            "eps_growth_year": null,
            "eps_4q": 1.77,
            "eps_4q_growth_year": 100.18,
            "roe": -0.65,
            "roe_4q": 13.54,
            "gross_profit": 145368,
            "gross_margin": 11.67,
            "gross_margin_4q_avg": 15.95,
            "net_income": -24881,
            "net_income_4q": null,
            "revenue": 1245376,
            "revenue_4q": null,
            "common_shares": 1469970,
            "book_valuer_per_share": 17.18,
            "book_valuer_per_share_4q_avg": 16.65,
            "equity": 3788707,
            "current_ratio": 174.3,
            "debt_ratio": 42.2,
            "inventory_turnover_ratio": 1.02,
            "account_receivable_turnover_ratio": 0.57,
            "reinvestment_rate": 182.03,
            "research_to_sale_ratio": 0.92,
            "price_fair": 78.63,
            "eps_avg_yearly": 2.25,
            "eps_latest_yearly": 3.32,
            "eps_growth_yearly": 413.94
        },
        "20121": {
            "year_quarter": 20121,
            "year": 2012,
            "quarter": 1,
            "eps": -0.02,
            "eps_growth_year": -104.76,
            "eps_4q": 1.33,
            "eps_4q_growth_year": 15.64,
            "roe": -0.09,
            "roe_4q": 9.84,
            "gross_profit": 190844,
            "gross_margin": 14.43,
            "gross_margin_4q_avg": 15.97,
            "net_income": -3277,
            "net_income_4q": null,
            "revenue": 1323000,
            "revenue_4q": null,
            "common_shares": 1469970,
            "book_valuer_per_share": 17.04,
            "book_valuer_per_share_4q_avg": 16.9,
            "equity": 3750385,
            "current_ratio": 159.5,
            "debt_ratio": 40.27,
            "inventory_turnover_ratio": 1.14,
            "account_receivable_turnover_ratio": 0.69,
            "reinvestment_rate": 122.96,
            "research_to_sale_ratio": 0.81,
            "price_fair": 78.63,
            "eps_avg_yearly": 2.25,
            "eps_latest_yearly": 3.32,
            "eps_growth_yearly": 413.94
        },
        "20122": {
            "year_quarter": 20122,
            "year": 2012,
            "quarter": 2,
            "eps": 0.32,
            "eps_growth_year": -51.34,
            "eps_4q": 0.96,
            "eps_4q_growth_year": -24.86,
            "roe": 1.69,
            "roe_4q": 5.75,
            "gross_profit": 247837,
            "gross_margin": 16.65,
            "gross_margin_4q_avg": 15.17,
            "net_income": 62382,
            "net_income_4q": null,
            "revenue": 1488926,
            "revenue_4q": null,
            "common_shares": 1469970,
            "book_valuer_per_share": 16.71,
            "book_valuer_per_share_4q_avg": 17.06,
            "equity": 3645855,
            "current_ratio": 131.04,
            "debt_ratio": 45.94,
            "inventory_turnover_ratio": 1.29,
            "account_receivable_turnover_ratio": 0.82,
            "reinvestment_rate": 139.83,
            "research_to_sale_ratio": 0.49,
            "price_fair": 78.63,
            "eps_avg_yearly": 2.25,
            "eps_latest_yearly": 3.32,
            "eps_growth_yearly": 413.94
        },
        "20123": {
            "year_quarter": 20123,
            "year": 2012,
            "quarter": 3,
            "eps": 0.27,
            "eps_growth_year": -66.96,
            "eps_4q": 0.44,
            "eps_4q_growth_year": -72.58,
            "roe": 1.79,
            "roe_4q": 2.74,
            "gross_profit": 269460,
            "gross_margin": 17.36,
            "gross_margin_4q_avg": 15.03,
            "net_income": 65905,
            "net_income_4q": null,
            "revenue": 1552506,
            "revenue_4q": null,
            "common_shares": 1543469,
            "book_valuer_per_share": 16.14,
            "book_valuer_per_share_4q_avg": 16.77,
            "equity": 3697540,
            "current_ratio": 151.03,
            "debt_ratio": 46.88,
            "inventory_turnover_ratio": 1.35,
            "account_receivable_turnover_ratio": 0.81,
            "reinvestment_rate": 67.5,
            "research_to_sale_ratio": 1.04,
            "price_fair": 68.13,
            "eps_avg_yearly": 1.95,
            "eps_latest_yearly": 1.08,
            "eps_growth_yearly": 170.19
        },
        "20124": {
            "year_quarter": 20124,
            "year": 2012,
            "quarter": 4,
            "eps": 0.25,
            "eps_growth_year": null,
            "eps_4q": 0.82,
            "eps_4q_growth_year": -53.39,
            "roe": 1.6,
            "roe_4q": 4.99,
            "gross_profit": 219917,
            "gross_margin": 16.04,
            "gross_margin_4q_avg": 16.12,
            "net_income": 59306,
            "net_income_4q": null,
            "revenue": 1371250,
            "revenue_4q": null,
            "common_shares": 1543469,
            "book_valuer_per_share": 16.38,
            "book_valuer_per_share_4q_avg": 16.57,
            "equity": 3736311,
            "current_ratio": 138.71,
            "debt_ratio": 44.88,
            "inventory_turnover_ratio": 1.26,
            "account_receivable_turnover_ratio": 0.72,
            "reinvestment_rate": 145.18,
            "research_to_sale_ratio": 0.78,
            "price_fair": 63.4,
            "eps_avg_yearly": 1.81,
            "eps_latest_yearly": 1,
            "eps_growth_yearly": 141.65
        },
        "20131": {
            "year_quarter": 20131,
            "year": 2013,
            "quarter": 1,
            "eps": 0.51,
            "eps_growth_year": null,
            "eps_4q": 1.37,
            "eps_4q_growth_year": 3.22,
            "roe": 2.56,
            "roe_4q": 7.640000000000001,
            "gross_profit": 206867,
            "gross_margin": 16.79,
            "gross_margin_4q_avg": 16.71,
            "net_income": 96659,
            "net_income_4q": null,
            "revenue": 1232224,
            "revenue_4q": null,
            "common_shares": 1543469,
            "book_valuer_per_share": 17.04,
            "book_valuer_per_share_4q_avg": 16.57,
            "equity": 3829497,
            "current_ratio": 141.95,
            "debt_ratio": 43.81,
            "inventory_turnover_ratio": 1.15,
            "account_receivable_turnover_ratio": 0.67,
            "reinvestment_rate": 125.33,
            "research_to_sale_ratio": 1.57,
            "price_fair": 64.4,
            "eps_avg_yearly": 1.84,
            "eps_latest_yearly": 2.04,
            "eps_growth_yearly": 175.94
        },
        "20132": {
            "year_quarter": 20132,
            "year": 2013,
            "quarter": 2,
            "eps": 0.62,
            "eps_growth_year": 94.31,
            "eps_4q": 1.64,
            "eps_4q_growth_year": 70.84,
            "roe": 3.01,
            "roe_4q": 8.96,
            "gross_profit": 305839,
            "gross_margin": 19.61,
            "gross_margin_4q_avg": 17.45,
            "net_income": 115763,
            "net_income_4q": null,
            "revenue": 1559269,
            "revenue_4q": null,
            "common_shares": 1543469,
            "book_valuer_per_share": 17.06,
            "book_valuer_per_share_4q_avg": 16.66,
            "equity": 3861554,
            "current_ratio": 145.61,
            "debt_ratio": 45.58,
            "inventory_turnover_ratio": 1.34,
            "account_receivable_turnover_ratio": 0.82,
            "reinvestment_rate": 112.69,
            "research_to_sale_ratio": 1.25,
            "price_fair": 66.89,
            "eps_avg_yearly": 1.91,
            "eps_latest_yearly": 2.48,
            "eps_growth_yearly": 165.98
        },
        "20133": {
            "year_quarter": 20133,
            "year": 2013,
            "quarter": 3,
            "eps": 0.48,
            "eps_growth_year": 75.53,
            "eps_4q": 1.85,
            "eps_4q_growth_year": 314.96,
            "roe": 1.27,
            "roe_4q": 8.44,
            "gross_profit": 293023,
            "gross_margin": 20.16,
            "gross_margin_4q_avg": 18.15,
            "net_income": 49024,
            "net_income_4q": null,
            "revenue": 1453335,
            "revenue_4q": null,
            "common_shares": 1543469,
            "book_valuer_per_share": 17.46,
            "book_valuer_per_share_4q_avg": 16.99,
            "equity": 3886857,
            "current_ratio": 146.38,
            "debt_ratio": 45.52,
            "inventory_turnover_ratio": 1.26,
            "account_receivable_turnover_ratio": 0.74,
            "reinvestment_rate": 121.44,
            "research_to_sale_ratio": 1.59,
            "price_fair": 66.92,
            "eps_avg_yearly": 1.91,
            "eps_latest_yearly": 1.92,
            "eps_growth_yearly": 140.35
        },
        "20134": {
            "year_quarter": 20134,
            "year": 2013,
            "quarter": 4,
            "eps": 0.81,
            "eps_growth_year": 227.17,
            "eps_4q": 2.41,
            "eps_4q_growth_year": 192.44,
            "roe": 3.86,
            "roe_4q": 10.700000000000001,
            "gross_profit": 305155,
            "gross_margin": 20.82,
            "gross_margin_4q_avg": 19.35,
            "net_income": 153950,
            "net_income_4q": null,
            "revenue": 1465758,
            "revenue_4q": null,
            "common_shares": 1543469,
            "book_valuer_per_share": 18.44,
            "book_valuer_per_share_4q_avg": 17.5,
            "equity": 4082515,
            "current_ratio": 150.99,
            "debt_ratio": 43.13,
            "inventory_turnover_ratio": 1.33,
            "account_receivable_turnover_ratio": 0.76,
            "reinvestment_rate": 92.79,
            "research_to_sale_ratio": 1.69,
            "price_fair": 71.15,
            "eps_avg_yearly": 2.03,
            "eps_latest_yearly": 3.24,
            "eps_growth_yearly": 152.59
        },
        "20141": {
            "year_quarter": 20141,
            "year": 2014,
            "quarter": 1,
            "eps": 0.71,
            "eps_growth_year": 39.22,
            "eps_4q": 2.61,
            "eps_4q_growth_year": 90.66,
            "roe": 2.65,
            "roe_4q": 10.79,
            "gross_profit": 299978,
            "gross_margin": 21.97,
            "gross_margin_4q_avg": 20.64,
            "net_income": 109557,
            "net_income_4q": null,
            "revenue": 1365448,
            "revenue_4q": null,
            "common_shares": 1543469,
            "book_valuer_per_share": 19.12,
            "book_valuer_per_share_4q_avg": 18.02,
            "equity": 4183504,
            "current_ratio": 164.22,
            "debt_ratio": 43.6,
            "inventory_turnover_ratio": 1.19,
            "account_receivable_turnover_ratio": 0.71,
            "reinvestment_rate": 93.35,
            "research_to_sale_ratio": 1.39,
            "price_fair": 78.27,
            "eps_avg_yearly": 2.24,
            "eps_latest_yearly": 2.84,
            "eps_growth_yearly": 168.42
        },
        "20142": {
            "year_quarter": 20142,
            "year": 2014,
            "quarter": 2,
            "eps": 0.89,
            "eps_growth_year": 43.55,
            "eps_4q": 2.89,
            "eps_4q_growth_year": 76.18,
            "roe": 3.95,
            "roe_4q": 11.729999999999999,
            "gross_profit": 394833,
            "gross_margin": 24.58,
            "gross_margin_4q_avg": 21.88,
            "net_income": 161400,
            "net_income_4q": null,
            "revenue": 1606324,
            "revenue_4q": null,
            "common_shares": 1543469,
            "book_valuer_per_share": 17.84,
            "book_valuer_per_share_4q_avg": 18.22,
            "equity": 3987990,
            "current_ratio": 150.97,
            "debt_ratio": 46.97,
            "inventory_turnover_ratio": 1.31,
            "account_receivable_turnover_ratio": 0.8,
            "reinvestment_rate": -8.47,
            "research_to_sale_ratio": 1.17,
            "price_fair": 82.85,
            "eps_avg_yearly": 2.37,
            "eps_latest_yearly": 3.56,
            "eps_growth_yearly": 85.52
        },
        "20143": {
            "year_quarter": 20143,
            "year": 2014,
            "quarter": 3,
            "eps": 1.06,
            "eps_growth_year": 120.83,
            "eps_4q": 3.47,
            "eps_4q_growth_year": 88.01,
            "roe": 4.99,
            "roe_4q": 15.450000000000001,
            "gross_profit": 373221,
            "gross_margin": 23.27,
            "gross_margin_4q_avg": 22.66,
            "net_income": 205468,
            "net_income_4q": null,
            "revenue": 1603741,
            "revenue_4q": null,
            "common_shares": 1543469,
            "book_valuer_per_share": 19.15,
            "book_valuer_per_share_4q_avg": 18.64,
            "equity": 4254353,
            "current_ratio": 163.14,
            "debt_ratio": 43.42,
            "inventory_turnover_ratio": 1.3,
            "account_receivable_turnover_ratio": 0.76,
            "reinvestment_rate": 71.02,
            "research_to_sale_ratio": 1.34,
            "price_fair": 90.24,
            "eps_avg_yearly": 2.58,
            "eps_latest_yearly": 4.24,
            "eps_growth_yearly": 95.9
        },
        "20144": {
            "year_quarter": 20144,
            "year": 2014,
            "quarter": 4,
            "eps": 0.93,
            "eps_growth_year": 15.67,
            "eps_4q": 3.6,
            "eps_4q_growth_year": 49.44,
            "roe": 3.77,
            "roe_4q": 15.360000000000001,
            "gross_profit": 330279,
            "gross_margin": 22.07,
            "gross_margin_4q_avg": 22.97,
            "net_income": 164482,
            "net_income_4q": null,
            "revenue": 1496437,
            "revenue_4q": null,
            "common_shares": 1543469,
            "book_valuer_per_share": 20.4,
            "book_valuer_per_share_4q_avg": 19.13,
            "equity": 4482455,
            "current_ratio": 168.67,
            "debt_ratio": 41.99,
            "inventory_turnover_ratio": 1.21,
            "account_receivable_turnover_ratio": 0.71,
            "reinvestment_rate": 62.72,
            "research_to_sale_ratio": 1.4,
            "price_fair": 93.57,
            "eps_avg_yearly": 2.67,
            "eps_latest_yearly": 3.72,
            "eps_growth_yearly": 83.82
        },
        "20151": {
            "year_quarter": 20151,
            "year": 2015,
            "quarter": 1,
            "eps": 0.58,
            "eps_growth_year": -18.31,
            "eps_4q": 3.47,
            "eps_4q_growth_year": 32.66,
            "roe": 2.24,
            "roe_4q": 14.95,
            "gross_profit": 336670,
            "gross_margin": 23.33,
            "gross_margin_4q_avg": 23.31,
            "net_income": 101054,
            "net_income_4q": null,
            "revenue": 1443030,
            "revenue_4q": null,
            "common_shares": 1543469,
            "book_valuer_per_share": 20.87,
            "book_valuer_per_share_4q_avg": 19.57,
            "equity": 4554148,
            "current_ratio": 176.16,
            "debt_ratio": 40.35,
            "inventory_turnover_ratio": 1.16,
            "account_receivable_turnover_ratio": 0.72,
            "reinvestment_rate": 45.66,
            "research_to_sale_ratio": 1.41,
            "price_fair": 92.62,
            "eps_avg_yearly": 2.65,
            "eps_latest_yearly": 2.32,
            "eps_growth_yearly": 65.79
        },
        "20152": {
            "year_quarter": 20152,
            "year": 2015,
            "quarter": 2,
            "eps": 0.47,
            "eps_growth_year": -47.19,
            "eps_4q": 3.05,
            "eps_4q_growth_year": 5.52,
            "roe": 1.99,
            "roe_4q": 12.99,
            "gross_profit": 335169,
            "gross_margin": 22.15,
            "gross_margin_4q_avg": 22.71,
            "net_income": 88494,
            "net_income_4q": null,
            "revenue": 1512878,
            "revenue_4q": null,
            "common_shares": 1543469,
            "book_valuer_per_share": 19.37,
            "book_valuer_per_share_4q_avg": 19.95,
            "equity": 4333013,
            "current_ratio": 160.49,
            "debt_ratio": 44.4,
            "inventory_turnover_ratio": 1.32,
            "account_receivable_turnover_ratio": 0.78,
            "reinvestment_rate": 9.59,
            "research_to_sale_ratio": 1.41,
            "price_fair": 90.57,
            "eps_avg_yearly": 2.59,
            "eps_latest_yearly": 1.88,
            "eps_growth_yearly": 42.37
        },
        "20153": {
            "year_quarter": 20153,
            "year": 2015,
            "quarter": 3,
            "eps": 1.2,
            "eps_growth_year": 13.21,
            "eps_4q": 3.71,
            "eps_4q_growth_year": 6.88,
            "roe": 4.44,
            "roe_4q": 12.440000000000001,
            "gross_profit": 340338,
            "gross_margin": 23.99,
            "gross_margin_4q_avg": 22.89,
            "net_income": 204282,
            "net_income_4q": null,
            "revenue": 1418880,
            "revenue_4q": null,
            "common_shares": 1311948,
            "book_valuer_per_share": 22.93,
            "book_valuer_per_share_4q_avg": 20.89,
            "equity": 4866103,
            "current_ratio": 164.36,
            "debt_ratio": 41.19,
            "inventory_turnover_ratio": 1.28,
            "account_receivable_turnover_ratio": 0.73,
            "reinvestment_rate": 13.59,
            "research_to_sale_ratio": 1.47,
            "price_fair": 94.55,
            "eps_avg_yearly": 2.7,
            "eps_latest_yearly": 4.8,
            "eps_growth_yearly": 82.24
        },
        "20154": {
            "year_quarter": 20154,
            "year": 2015,
            "quarter": 4,
            "eps": 0.6,
            "eps_growth_year": -36.01,
            "eps_4q": 3.16,
            "eps_4q_growth_year": -12.09,
            "roe": 1.72,
            "roe_4q": 10.39,
            "gross_profit": 373053,
            "gross_margin": 26.13,
            "gross_margin_4q_avg": 23.9,
            "net_income": 83669,
            "net_income_4q": null,
            "revenue": 1427610,
            "revenue_4q": null,
            "common_shares": 1311948,
            "book_valuer_per_share": 23.01,
            "book_valuer_per_share_4q_avg": 21.55,
            "equity": 4854947,
            "current_ratio": 160.98,
            "debt_ratio": 41.49,
            "inventory_turnover_ratio": 1.27,
            "account_receivable_turnover_ratio": 0.74,
            "reinvestment_rate": 12.53,
            "research_to_sale_ratio": 1.55,
            "price_fair": 93.8,
            "eps_avg_yearly": 2.68,
            "eps_latest_yearly": 2.4,
            "eps_growth_yearly": 62.08
        },
        "20161": {
            "year_quarter": 20161,
            "year": 2016,
            "quarter": 1,
            "eps": 1.16,
            "eps_growth_year": 100,
            "eps_4q": 3.62,
            "eps_4q_growth_year": 4.42,
            "roe": 3.43,
            "roe_4q": 11.58,
            "gross_profit": 350828,
            "gross_margin": 24.93,
            "gross_margin_4q_avg": 24.3,
            "net_income": 170270,
            "net_income_4q": null,
            "revenue": 1407346,
            "revenue_4q": null,
            "common_shares": 1311948,
            "book_valuer_per_share": 24.08,
            "book_valuer_per_share_4q_avg": 22.35,
            "equity": 5074035,
            "current_ratio": 175.16,
            "debt_ratio": 37.91,
            "inventory_turnover_ratio": 1.22,
            "account_receivable_turnover_ratio": 0.72,
            "reinvestment_rate": 13.56,
            "research_to_sale_ratio": 1.42,
            "price_fair": 98.37,
            "eps_avg_yearly": 2.81,
            "eps_latest_yearly": 4.64,
            "eps_growth_yearly": 82.83
        },
        "20162": {
            "year_quarter": 20162,
            "year": 2016,
            "quarter": 2,
            "eps": 0.56,
            "eps_growth_year": 19.15,
            "eps_4q": 3.62,
            "eps_4q_growth_year": 18.88,
            "roe": 1.74,
            "roe_4q": 11.33,
            "gross_profit": 374175,
            "gross_margin": 24.45,
            "gross_margin_4q_avg": 24.88,
            "net_income": 85372,
            "net_income_4q": null,
            "revenue": 1530369,
            "revenue_4q": null,
            "common_shares": 1311948,
            "book_valuer_per_share": 21.74,
            "book_valuer_per_share_4q_avg": 22.94,
            "equity": 4714757,
            "current_ratio": 153.76,
            "debt_ratio": 42.45,
            "inventory_turnover_ratio": 1.31,
            "account_receivable_turnover_ratio": 0.76,
            "reinvestment_rate": 5.25,
            "research_to_sale_ratio": 1.59,
            "price_fair": 97.13,
            "eps_avg_yearly": 2.78,
            "eps_latest_yearly": 2.24,
            "eps_growth_yearly": 64.72
        },
        "20163": {
            "year_quarter": 20163,
            "year": 2016,
            "quarter": 3,
            "eps": 0.64,
            "eps_growth_year": -46.67,
            "eps_4q": 2.96,
            "eps_4q_growth_year": -20.2,
            "roe": 2.41,
            "roe_4q": 9.3,
            "gross_profit": 394975,
            "gross_margin": 25.5,
            "gross_margin_4q_avg": 25.25,
            "net_income": 113389,
            "net_income_4q": null,
            "revenue": 1549218,
            "revenue_4q": null,
            "common_shares": 1311948,
            "book_valuer_per_share": 21.85,
            "book_valuer_per_share_4q_avg": 22.67,
            "equity": 4679357,
            "current_ratio": 163.33,
            "debt_ratio": 42.92,
            "inventory_turnover_ratio": 1.37,
            "account_receivable_turnover_ratio": 0.77,
            "reinvestment_rate": -7.5,
            "research_to_sale_ratio": 1.46,
            "price_fair": 100.36,
            "eps_avg_yearly": 2.87,
            "eps_latest_yearly": 2.56,
            "eps_growth_yearly": 72.2
        },
        "20164": {
            "year_quarter": 20164,
            "year": 2016,
            "quarter": 4,
            "eps": 0.97,
            "eps_growth_year": 61.47,
            "eps_4q": 3.33,
            "eps_4q_growth_year": 5.23,
            "roe": 3.55,
            "roe_4q": 11.13,
            "gross_profit": 380872,
            "gross_margin": 23.98,
            "gross_margin_4q_avg": 24.72,
            "net_income": 168100,
            "net_income_4q": null,
            "revenue": 1587977,
            "revenue_4q": null,
            "common_shares": 1311948,
            "book_valuer_per_share": 22.53,
            "book_valuer_per_share_4q_avg": 22.55,
            "equity": 4796986,
            "current_ratio": 172.93,
            "debt_ratio": 42.35,
            "inventory_turnover_ratio": 1.39,
            "account_receivable_turnover_ratio": 0.77,
            "reinvestment_rate": -7.98,
            "research_to_sale_ratio": 1.69,
            "price_fair": 106.66,
            "eps_avg_yearly": 3.05,
            "eps_latest_yearly": 3.88,
            "eps_growth_yearly": 86.94
        },
        "20171": {
            "year_quarter": 20171,
            "year": 2017,
            "quarter": 1,
            "eps": 0.12,
            "eps_growth_year": -89.66,
            "eps_4q": 2.29,
            "eps_4q_growth_year": -36.79,
            "roe": 0.85,
            "roe_4q": 8.549999999999999,
            "gross_profit": 351560,
            "gross_margin": 22.92,
            "gross_margin_4q_avg": 24.21,
            "net_income": 40075,
            "net_income_4q": null,
            "revenue": 1533924,
            "revenue_4q": null,
            "common_shares": 1311948,
            "book_valuer_per_share": 21.88,
            "book_valuer_per_share_4q_avg": 22,
            "equity": 4660079,
            "current_ratio": 164.87,
            "debt_ratio": 44.02,
            "inventory_turnover_ratio": 1.27,
            "account_receivable_turnover_ratio": 0.73,
            "reinvestment_rate": -9.71,
            "research_to_sale_ratio": 1.59,
            "price_fair": 103.25,
            "eps_avg_yearly": 2.95,
            "eps_latest_yearly": 0.48,
            "eps_growth_yearly": 39.03
        },
        "20172": {
            "year_quarter": 20172,
            "year": 2017,
            "quarter": 2,
            "eps": 1.01,
            "eps_growth_year": 80.36,
            "eps_4q": 2.74,
            "eps_4q_growth_year": -24.4,
            "roe": 4.07,
            "roe_4q": 10.879999999999999,
            "gross_profit": 412550,
            "gross_margin": 23.98,
            "gross_margin_4q_avg": 24.1,
            "net_income": 188206,
            "net_income_4q": null,
            "revenue": 1720074,
            "revenue_4q": null,
            "common_shares": 1311948,
            "book_valuer_per_share": 20.81,
            "book_valuer_per_share_4q_avg": 21.77,
            "equity": 4593528,
            "current_ratio": 149.34,
            "debt_ratio": 48.36,
            "inventory_turnover_ratio": 1.36,
            "account_receivable_turnover_ratio": 0.79,
            "reinvestment_rate": -10.4,
            "research_to_sale_ratio": 1.64,
            "price_fair": 106.66,
            "eps_avg_yearly": 3.05,
            "eps_latest_yearly": 4.04,
            "eps_growth_yearly": 219.06
        },
        "20173": {
            "year_quarter": 20173,
            "year": 2017,
            "quarter": 3,
            "eps": 1.5,
            "eps_growth_year": 134.38,
            "eps_4q": 3.59,
            "eps_4q_growth_year": 21.38,
            "roe": 7.41,
            "roe_4q": 15.879999999999999,
            "gross_profit": 480232,
            "gross_margin": 24.39,
            "gross_margin_4q_avg": 23.82,
            "net_income": 355529,
            "net_income_4q": null,
            "revenue": 1968966,
            "revenue_4q": null,
            "common_shares": 1311948,
            "book_valuer_per_share": 22.56,
            "book_valuer_per_share_4q_avg": 21.95,
            "equity": 5004408,
            "current_ratio": 157.95,
            "debt_ratio": 45.3,
            "inventory_turnover_ratio": 1.54,
            "account_receivable_turnover_ratio": 0.79,
            "reinvestment_rate": -7.69,
            "research_to_sale_ratio": 1.35,
            "price_fair": 115.59,
            "eps_avg_yearly": 3.3,
            "eps_latest_yearly": 6,
            "eps_growth_yearly": 236.83
        },
        "20174": {
            "year_quarter": 20174,
            "year": 2017,
            "quarter": 4,
            "eps": 0.94,
            "eps_growth_year": -2.43,
            "eps_4q": 3.57,
            "eps_4q_growth_year": 7.26,
            "roe": 3.66,
            "roe_4q": 15.99,
            "gross_profit": 494473,
            "gross_margin": 25.26,
            "gross_margin_4q_avg": 24.14,
            "net_income": 188044,
            "net_income_4q": null,
            "revenue": 1957475,
            "revenue_4q": null,
            "common_shares": 1311948,
            "book_valuer_per_share": 23.6,
            "book_valuer_per_share_4q_avg": 22.21,
            "equity": 5267990,
            "current_ratio": 154.52,
            "debt_ratio": 44.77,
            "inventory_turnover_ratio": 1.5,
            "account_receivable_turnover_ratio": 0.74,
            "reinvestment_rate": -2.5,
            "research_to_sale_ratio": 1.53,
            "price_fair": 116.73,
            "eps_avg_yearly": 3.34,
            "eps_latest_yearly": 3.76,
            "eps_growth_yearly": 210.31
        },
        "20181": {
            "year_quarter": 20181,
            "year": 2018,
            "quarter": 1,
            "eps": 0.88,
            "eps_growth_year": 633.33,
            "eps_4q": 4.33,
            "eps_4q_growth_year": 89.07,
            "roe": 3.62,
            "roe_4q": 18.76,
            "gross_profit": 471383,
            "gross_margin": 25.53,
            "gross_margin_4q_avg": 24.79,
            "net_income": 195471,
            "net_income_4q": null,
            "revenue": 1846117,
            "revenue_4q": null,
            "common_shares": 1311948,
            "book_valuer_per_share": 24.84,
            "book_valuer_per_share_4q_avg": 22.95,
            "equity": 5522249,
            "current_ratio": 156.67,
            "debt_ratio": 44.03,
            "inventory_turnover_ratio": 1.26,
            "account_receivable_turnover_ratio": 0.71,
            "reinvestment_rate": 1.78,
            "research_to_sale_ratio": 2,
            "price_fair": 118.21,
            "eps_avg_yearly": 3.38,
            "eps_latest_yearly": 3.52,
            "eps_growth_yearly": 211.8
        },
        "20182": {
            "year_quarter": 20182,
            "year": 2018,
            "quarter": 2,
            "eps": 1.43,
            "eps_growth_year": 41.58,
            "eps_4q": 4.75,
            "eps_4q_growth_year": 73.27,
            "roe": 5.17,
            "roe_4q": 19.86,
            "gross_profit": 549165,
            "gross_margin": 25.25,
            "gross_margin_4q_avg": 25.11,
            "net_income": 279517,
            "net_income_4q": null,
            "revenue": 2174734,
            "revenue_4q": null,
            "common_shares": 1311948,
            "book_valuer_per_share": 24.08,
            "book_valuer_per_share_4q_avg": 23.77,
            "equity": 5296510,
            "current_ratio": 140.08,
            "debt_ratio": 50.47,
            "inventory_turnover_ratio": 1.38,
            "account_receivable_turnover_ratio": 0.8,
            "reinvestment_rate": 14.43,
            "research_to_sale_ratio": 1.63,
            "price_fair": 122.94,
            "eps_avg_yearly": 3.51,
            "eps_latest_yearly": 5.72,
            "eps_growth_yearly": 221.09
        },
        "20183": {
            "year_quarter": 20183,
            "year": 2018,
            "quarter": 3,
            "eps": 1.3,
            "eps_growth_year": -13.33,
            "eps_4q": 4.55,
            "eps_4q_growth_year": 26.75,
            "roe": 4.82,
            "roe_4q": 17.27,
            "gross_profit": 594104,
            "gross_margin": 27.65,
            "gross_margin_4q_avg": 25.92,
            "net_income": 257671,
            "net_income_4q": null,
            "revenue": 2148808,
            "revenue_4q": null,
            "common_shares": 1292198,
            "book_valuer_per_share": 24.91,
            "book_valuer_per_share_4q_avg": 24.36,
            "equity": 5390263,
            "current_ratio": 141.68,
            "debt_ratio": 49.73,
            "inventory_turnover_ratio": 1.35,
            "account_receivable_turnover_ratio": 0.77,
            "reinvestment_rate": 10.67,
            "research_to_sale_ratio": 1.76,
            "price_fair": 125.04,
            "eps_avg_yearly": 3.57,
            "eps_latest_yearly": 5.2,
            "eps_growth_yearly": 214.04
        },
        "20184": {
            "year_quarter": 20184,
            "year": 2018,
            "quarter": 4,
            "eps": 0.81,
            "eps_growth_year": -14.43,
            "eps_4q": 4.42,
            "eps_4q_growth_year": 23.78,
            "roe": 3.12,
            "roe_4q": 16.73,
            "gross_profit": 520807,
            "gross_margin": 28.05,
            "gross_margin_4q_avg": 26.62,
            "net_income": 171490,
            "net_income_4q": null,
            "revenue": 1856806,
            "revenue_4q": null,
            "common_shares": 1292198,
            "book_valuer_per_share": 25.85,
            "book_valuer_per_share_4q_avg": 24.92,
            "equity": 5593343,
            "current_ratio": 144.43,
            "debt_ratio": 48.71,
            "inventory_turnover_ratio": 1.07,
            "account_receivable_turnover_ratio": 0.68,
            "reinvestment_rate": 27.59,
            "research_to_sale_ratio": 1.73,
            "price_fair": 123.99,
            "eps_avg_yearly": 3.54,
            "eps_latest_yearly": 3.24,
            "eps_growth_yearly": 207.68
        },
        "20191": {
            "year_quarter": 20191,
            "year": 2019,
            "quarter": 1,
            "eps": 0.86,
            "eps_growth_year": -2.27,
            "eps_4q": 4.4,
            "eps_4q_growth_year": 1.61,
            "roe": 2.83,
            "roe_4q": 15.94,
            "gross_profit": 403418,
            "gross_margin": 24.58,
            "gross_margin_4q_avg": 26.38,
            "net_income": 162603,
            "net_income_4q": null,
            "revenue": 1641172,
            "revenue_4q": null,
            "common_shares": 1292198,
            "book_valuer_per_share": 27.48,
            "book_valuer_per_share_4q_avg": 25.58,
            "equity": 5912479,
            "current_ratio": 185.47,
            "debt_ratio": 45.52,
            "inventory_turnover_ratio": 0.92,
            "account_receivable_turnover_ratio": 0.65,
            "reinvestment_rate": 49.96,
            "research_to_sale_ratio": 2.34,
            "price_fair": 126.44,
            "eps_avg_yearly": 3.61,
            "eps_latest_yearly": 3.44,
            "eps_growth_yearly": 218.63
        },
        "20192": {
            "year_quarter": 20192,
            "year": 2019,
            "quarter": 2,
            "eps": 0.92,
            "eps_growth_year": -35.66,
            "eps_4q": 3.89,
            "eps_4q_growth_year": -18.06,
            "roe": 2.58,
            "roe_4q": 13.350000000000001,
            "gross_profit": 415716,
            "gross_margin": 23.11,
            "gross_margin_4q_avg": 25.85,
            "net_income": 148137,
            "net_income_4q": null,
            "revenue": 1799231,
            "revenue_4q": null,
            "common_shares": 1292198,
            "book_valuer_per_share": 25.77,
            "book_valuer_per_share_4q_avg": 26,
            "equity": 5552147,
            "current_ratio": 163.84,
            "debt_ratio": 49.03,
            "inventory_turnover_ratio": 1.11,
            "account_receivable_turnover_ratio": 0.74,
            "reinvestment_rate": 68.9,
            "research_to_sale_ratio": 2.13,
            "price_fair": 130.38,
            "eps_avg_yearly": 3.73,
            "eps_latest_yearly": 3.68,
            "eps_growth_yearly": 225.12
        },
        "20193": {
            "year_quarter": 20193,
            "year": 2019,
            "quarter": 3,
            "eps": 0.79,
            "eps_growth_year": -39.23,
            "eps_4q": 3.38,
            "eps_4q_growth_year": -25.78,
            "roe": 2.35,
            "roe_4q": 10.879999999999999,
            "gross_profit": 453111,
            "gross_margin": 25.95,
            "gross_margin_4q_avg": 25.42,
            "net_income": 129761,
            "net_income_4q": null,
            "revenue": 1746262,
            "revenue_4q": null,
            "common_shares": 1292198,
            "book_valuer_per_share": 25.66,
            "book_valuer_per_share_4q_avg": 26.19,
            "equity": 5487976,
            "current_ratio": 170.64,
            "debt_ratio": 47.77,
            "inventory_turnover_ratio": 1.15,
            "account_receivable_turnover_ratio": 0.73,
            "reinvestment_rate": 53.6,
            "research_to_sale_ratio": 2.18,
            "price_fair": 126.79,
            "eps_avg_yearly": 3.62,
            "eps_latest_yearly": 3.16,
            "eps_growth_yearly": 182.76
        },
        "20194": {
            "year_quarter": 20194,
            "year": 2019,
            "quarter": 4,
            "eps": 0.78,
            "eps_growth_year": -3.52,
            "eps_4q": 3.35,
            "eps_4q_growth_year": -24.14,
            "roe": 2.7,
            "roe_4q": 10.46,
            "gross_profit": 484896,
            "gross_margin": 26.18,
            "gross_margin_4q_avg": 24.96,
            "net_income": 148920,
            "net_income_4q": null,
            "revenue": 1851807,
            "revenue_4q": null,
            "common_shares": 1292198,
            "book_valuer_per_share": 26.08,
            "book_valuer_per_share_4q_avg": 26.25,
            "equity": 5562674,
            "current_ratio": 176.51,
            "debt_ratio": 46,
            "inventory_turnover_ratio": 1.24,
            "account_receivable_turnover_ratio": 0.83,
            "reinvestment_rate": 52.63,
            "research_to_sale_ratio": 1.67,
            "price_fair": 128.36,
            "eps_avg_yearly": 3.67,
            "eps_latest_yearly": 3.12,
            "eps_growth_yearly": 194.94
        },
        "20201": {
            "year_quarter": 20201,
            "year": 2020,
            "quarter": 1,
            "eps": 0.92,
            "eps_growth_year": 6.98,
            "eps_4q": 3.41,
            "eps_4q_growth_year": -22.41,
            "roe": 3,
            "roe_4q": 10.63,
            "gross_profit": 401167,
            "gross_margin": 25.59,
            "gross_margin_4q_avg": 25.21,
            "net_income": 168395,
            "net_income_4q": null,
            "revenue": 1567647,
            "revenue_4q": null,
            "common_shares": 1292198,
            "book_valuer_per_share": 26.73,
            "book_valuer_per_share_4q_avg": 26.06,
            "equity": 5671820,
            "current_ratio": 182.51,
            "debt_ratio": 45.24,
            "inventory_turnover_ratio": 1,
            "account_receivable_turnover_ratio": 0.74,
            "reinvestment_rate": 49.62,
            "research_to_sale_ratio": 2.73,
            "price_fair": 126.26,
            "eps_avg_yearly": 3.61,
            "eps_latest_yearly": 3.68,
            "eps_growth_yearly": 176.09
        },
        "20202": {
            "year_quarter": 20202,
            "year": 2020,
            "quarter": 2,
            "eps": 1.62,
            "eps_growth_year": 76.09,
            "eps_4q": 4.11,
            "eps_4q_growth_year": 5.68,
            "roe": 4.94,
            "roe_4q": 12.99,
            "gross_profit": 612560,
            "gross_margin": 29.98,
            "gross_margin_4q_avg": 26.93,
            "net_income": 278389,
            "net_income_4q": null,
            "revenue": 2043410,
            "revenue_4q": null,
            "common_shares": 1292198,
            "book_valuer_per_share": 26.33,
            "book_valuer_per_share_4q_avg": 26.2,
            "equity": 5595046,
            "current_ratio": 167,
            "debt_ratio": 47.38,
            "inventory_turnover_ratio": 1.16,
            "account_receivable_turnover_ratio": 0.92,
            "reinvestment_rate": 55.89,
            "research_to_sale_ratio": 2.11,
            "price_fair": 135.54,
            "eps_avg_yearly": 3.87,
            "eps_latest_yearly": 6.48,
            "eps_growth_yearly": 208.05
        },
        "20203": {
            "year_quarter": 20203,
            "year": 2020,
            "quarter": 3,
            "eps": 1.66,
            "eps_growth_year": 110.13,
            "eps_4q": 4.72,
            "eps_4q_growth_year": 39.54,
            "roe": 5.15,
            "roe_4q": 15.79,
            "gross_profit": 620823,
            "gross_margin": 30.04,
            "gross_margin_4q_avg": 27.95,
            "net_income": 308680,
            "net_income_4q": null,
            "revenue": 2066654,
            "revenue_4q": null,
            "common_shares": 1292198,
            "book_valuer_per_share": 31.33,
            "book_valuer_per_share_4q_avg": 27.62,
            "equity": 6385559,
            "current_ratio": 201.89,
            "debt_ratio": 42.86,
            "inventory_turnover_ratio": 1.18,
            "account_receivable_turnover_ratio": 0.83,
            "reinvestment_rate": 66.74,
            "research_to_sale_ratio": 1.57,
            "price_fair": 144.46,
            "eps_avg_yearly": 4.13,
            "eps_latest_yearly": 6.64,
            "eps_growth_yearly": 205.09
        },
        "20204": {
            "year_quarter": 20204,
            "year": 2020,
            "quarter": 4,
            "eps": 0.86,
            "eps_growth_year": 11.03,
            "eps_4q": 4.43,
            "eps_4q_growth_year": 32.07,
            "roe": 3.2,
            "roe_4q": 16.290000000000003,
            "gross_profit": 609624,
            "gross_margin": 28.43,
            "gross_margin_4q_avg": 28.51,
            "net_income": 220721,
            "net_income_4q": null,
            "revenue": 2144611,
            "revenue_4q": null,
            "common_shares": 1450867,
            "book_valuer_per_share": 34.47,
            "book_valuer_per_share_4q_avg": 29.72,
            "equity": 7403640,
            "current_ratio": 225.49,
            "debt_ratio": 35.98,
            "inventory_turnover_ratio": 1.28,
            "account_receivable_turnover_ratio": 0.85,
            "reinvestment_rate": 73.88,
            "research_to_sale_ratio": 2.04,
            "price_fair": 143.5,
            "eps_avg_yearly": 4.1,
            "eps_latest_yearly": 3.44,
            "eps_growth_yearly": 180.15
        },
        "20211": {
            "year_quarter": 20211,
            "year": 2021,
            "quarter": 1,
            "eps": 1.27,
            "eps_growth_year": 38.04,
            "eps_4q": 4.76,
            "eps_4q_growth_year": 39.46,
            "roe": 4.03,
            "roe_4q": 17.32,
            "gross_profit": 606687,
            "gross_margin": 28.55,
            "gross_margin_4q_avg": 29.25,
            "net_income": 313034,
            "net_income_4q": null,
            "revenue": 2125178,
            "revenue_4q": null,
            "common_shares": 1532635,
            "book_valuer_per_share": 35.9,
            "book_valuer_per_share_4q_avg": 32.01,
            "equity": 8129142,
            "current_ratio": 246.92,
            "debt_ratio": 29.74,
            "inventory_turnover_ratio": 1.21,
            "account_receivable_turnover_ratio": 0.84,
            "reinvestment_rate": 76.9,
            "research_to_sale_ratio": 2.08,
            "price_fair": 153.56,
            "eps_avg_yearly": 4.39,
            "eps_latest_yearly": 5.08,
            "eps_growth_yearly": 213.98
        },
        "20212": {
            "year_quarter": 20212,
            "year": 2021,
            "quarter": 2,
            "eps": 1.55,
            "eps_growth_year": -4.32,
            "eps_4q": 4.96,
            "eps_4q_growth_year": 20.75,
            "roe": 4.46,
            "roe_4q": 16.840000000000003,
            "gross_profit": 734348,
            "gross_margin": 29.99,
            "gross_margin_4q_avg": 29.25,
            "net_income": 371915,
            "net_income_4q": null,
            "revenue": 2448567,
            "revenue_4q": null,
            "common_shares": 1594202,
            "book_valuer_per_share": 36.16,
            "book_valuer_per_share_4q_avg": 34.47,
            "equity": 8542926,
            "current_ratio": 235.12,
            "debt_ratio": 29.8,
            "inventory_turnover_ratio": 1.29,
            "account_receivable_turnover_ratio": 0.92,
            "reinvestment_rate": 74.22,
            "research_to_sale_ratio": 2.17,
            "price_fair": 158.29,
            "eps_avg_yearly": 4.52,
            "eps_latest_yearly": 6.2,
            "eps_growth_yearly": 34.08
        },
        "20213": {
            "year_quarter": 20213,
            "year": 2021,
            "quarter": 3,
            "eps": 1.68,
            "eps_growth_year": 1.2,
            "eps_4q": 5.24,
            "eps_4q_growth_year": 11.18,
            "roe": 4.8,
            "roe_4q": 16.49,
            "gross_profit": 813971,
            "gross_margin": 30.26,
            "gross_margin_4q_avg": 29.31,
            "net_income": 408383,
            "net_income_4q": null,
            "revenue": 2690251,
            "revenue_4q": null,
            "common_shares": 1603780,
            "book_valuer_per_share": 35.19,
            "book_valuer_per_share_4q_avg": 35.43,
            "equity": 8490186,
            "current_ratio": 222.15,
            "debt_ratio": 33.07,
            "inventory_turnover_ratio": 1.39,
            "account_receivable_turnover_ratio": 0.9,
            "reinvestment_rate": 85.51,
            "research_to_sale_ratio": 2,
            "price_fair": 155.49,
            "eps_avg_yearly": 4.57,
            "eps_latest_yearly": 6.72,
            "eps_growth_yearly": 24.04
        },
        "20214": {
            "year_quarter": 20214,
            "year": 2021,
            "quarter": 4,
            "eps": 1.62,
            "eps_growth_year": 87.57,
            "eps_4q": 6.03,
            "eps_4q_growth_year": 36.17,
            "roe": 4.37,
            "roe_4q": 17.66,
            "gross_profit": 773963,
            "gross_margin": 28.74,
            "gross_margin_4q_avg": 29.39,
            "net_income": 381511,
            "net_income_4q": null,
            "revenue": 2693177,
            "revenue_4q": null,
            "common_shares": 1621595,
            "book_valuer_per_share": 36.84,
            "book_valuer_per_share_4q_avg": 36.02,
            "equity": 8963789,
            "current_ratio": 227.34,
            "debt_ratio": 31.9,
            "inventory_turnover_ratio": 1.32,
            "account_receivable_turnover_ratio": 0.87,
            "reinvestment_rate": 85.95,
            "research_to_sale_ratio": 1.81,
            "price_fair": 165.81,
            "eps_avg_yearly": 4.74,
            "eps_latest_yearly": 6.48,
            "eps_growth_yearly": 32.48
        },
        "20221": {
            "year_quarter": 20221,
            "year": 2022,
            "quarter": 1,
            "eps": 1.68,
            "eps_growth_year": 32.28,
            "eps_4q": 6.46,
            "eps_4q_growth_year": 35.7,
            "roe": 4.45,
            "roe_4q": 18.080000000000002,
            "gross_profit": 747325,
            "gross_margin": 29.05,
            "gross_margin_4q_avg": 29.51,
            "net_income": 415631,
            "net_income_4q": null,
            "revenue": 2572984,
            "revenue_4q": null,
            "common_shares": 1629010,
            "book_valuer_per_share": 39.66,
            "book_valuer_per_share_4q_avg": 36.96,
            "equity": 9707032,
            "current_ratio": 240.68,
            "debt_ratio": 30.05,
            "inventory_turnover_ratio": 1.11,
            "account_receivable_turnover_ratio": 0.84,
            "reinvestment_rate": 86.44,
            "research_to_sale_ratio": 2.26,
            "price_fair": 172.81,
            "eps_avg_yearly": 4.94,
            "eps_latest_yearly": 6.72,
            "eps_growth_yearly": 35.01
        },
        "20222": {
            "year_quarter": 20222,
            "year": 2022,
            "quarter": 2,
            "eps": 2.27,
            "eps_growth_year": 46.45,
            "eps_4q": 7.22,
            "eps_4q_growth_year": 45.54,
            "roe": 5.36,
            "roe_4q": 18.98,
            "gross_profit": 915219,
            "gross_margin": 32,
            "gross_margin_4q_avg": 30.01,
            "net_income": 512293,
            "net_income_4q": null,
            "revenue": 2859699,
            "revenue_4q": null,
            "common_shares": 1634679,
            "book_valuer_per_share": 38.09,
            "book_valuer_per_share_4q_avg": 37.45,
            "equity": 9416578,
            "current_ratio": 197.18,
            "debt_ratio": 34.39,
            "inventory_turnover_ratio": 1.07,
            "account_receivable_turnover_ratio": 0.89,
            "reinvestment_rate": 81.41,
            "research_to_sale_ratio": 1.93,
            "price_fair": 180.16,
            "eps_avg_yearly": 5.15,
            "eps_latest_yearly": 9.08,
            "eps_growth_yearly": 28.16
        },
        "20223": {
            "year_quarter": 20223,
            "year": 2022,
            "quarter": 3,
            "eps": 2.4,
            "eps_growth_year": 42.86,
            "eps_4q": 7.96,
            "eps_4q_growth_year": 51.77,
            "roe": 5.41,
            "roe_4q": 19.59,
            "gross_profit": 824090,
            "gross_margin": 32.68,
            "gross_margin_4q_avg": 30.62,
            "net_income": 525566,
            "net_income_4q": null,
            "revenue": 2521905,
            "revenue_4q": null,
            "common_shares": 1634951,
            "book_valuer_per_share": 40.78,
            "book_valuer_per_share_4q_avg": 38.84,
            "equity": 10016332,
            "current_ratio": 206.29,
            "debt_ratio": 31.63,
            "inventory_turnover_ratio": 0.9,
            "account_receivable_turnover_ratio": 0.78,
            "reinvestment_rate": 82.36,
            "research_to_sale_ratio": 1.88,
            "price_fair": 189.79,
            "eps_avg_yearly": 5.42,
            "eps_latest_yearly": 9.6,
            "eps_growth_yearly": 31.87
        },
        "20224": {
            "year_quarter": 20224,
            "year": 2022,
            "quarter": 4,
            "eps": 1.17,
            "eps_growth_year": -27.48,
            "eps_4q": 7.49,
            "eps_4q_growth_year": 24.38,
            "roe": 2.77,
            "roe_4q": 17.99,
            "gross_profit": 685079,
            "gross_margin": 28.63,
            "gross_margin_4q_avg": 30.59,
            "net_income": 279273,
            "net_income_4q": null,
            "revenue": 2392601,
            "revenue_4q": null,
            "common_shares": 1635432,
            "book_valuer_per_share": 41.69,
            "book_valuer_per_share_4q_avg": 40.06,
            "equity": 10179102,
            "current_ratio": 212.45,
            "debt_ratio": 30.66,
            "inventory_turnover_ratio": 0.95,
            "account_receivable_turnover_ratio": 0.81,
            "reinvestment_rate": 71.44,
            "research_to_sale_ratio": 1.86,
            "price_fair": 192.94,
            "eps_avg_yearly": 5.51,
            "eps_latest_yearly": 4.68,
            "eps_growth_yearly": 28.48
        },
        "20231": {
            "year_quarter": 20231,
            "year": 2023,
            "quarter": 1,
            "eps": 1.04,
            "eps_growth_year": -38.1,
            "eps_4q": 6.87,
            "eps_4q_growth_year": 6.37,
            "roe": 2.28,
            "roe_4q": 15.82,
            "gross_profit": 576056,
            "gross_margin": 27.32,
            "gross_margin_4q_avg": 30.16,
            "net_income": 235575,
            "net_income_4q": null,
            "revenue": 2108904,
            "revenue_4q": null,
            "common_shares": 1641465,
            "book_valuer_per_share": 42.73,
            "book_valuer_per_share_4q_avg": 40.82,
            "equity": 10453452,
            "current_ratio": 202.43,
            "debt_ratio": 28.4,
            "inventory_turnover_ratio": 0.93,
            "account_receivable_turnover_ratio": 0.79,
            "reinvestment_rate": 65.09,
            "research_to_sale_ratio": 2.66,
            "price_fair": 189.81,
            "eps_avg_yearly": 5.56,
            "eps_latest_yearly": 4.16,
            "eps_growth_yearly": 24.15
        },
        "20232": {
            "year_quarter": 20232,
            "year": 2023,
            "quarter": 2,
            "eps": 1.35,
            "eps_growth_year": -40.53,
            "eps_4q": 5.94,
            "eps_4q_growth_year": -17.72,
            "roe": 3.08,
            "roe_4q": 13.54,
            "gross_profit": 629979,
            "gross_margin": 27.68,
            "gross_margin_4q_avg": 29.08,
            "net_income": 310836,
            "net_income_4q": null,
            "revenue": 2275971,
            "revenue_4q": null,
            "common_shares": 1642495,
            "book_valuer_per_share": 39.45,
            "book_valuer_per_share_4q_avg": 41.16,
            "equity": 9724176,
            "current_ratio": 179.19,
            "debt_ratio": 32.58,
            "inventory_turnover_ratio": 1.11,
            "account_receivable_turnover_ratio": 0.87,
            "reinvestment_rate": 51.45,
            "research_to_sale_ratio": 2.63,
            "price_fair": 198.28,
            "eps_avg_yearly": 5.67,
            "eps_latest_yearly": 5.4,
            "eps_growth_yearly": 29.86
        }
    },
    "months": {
        "2001-09": {
            "month": "2001-09",
            "price": "44.46",
            "revenue": 175454
        },
        "2001-10": {
            "month": "2001-10",
            "price": "40.66",
            "revenue": 163947
        },
        "2001-11": {
            "month": "2001-11",
            "price": "50.40",
            "revenue": 151573
        },
        "2001-12": {
            "month": "2001-12",
            "price": "54.90",
            "revenue": 140797
        },
        "2002-01": {
            "month": "2002-01",
            "price": "64.14",
            "revenue": 191878
        },
        "2002-02": {
            "month": "2002-02",
            "price": "59.92",
            "revenue": 181590
        },
        "2002-03": {
            "month": "2002-03",
            "price": "64.62",
            "revenue": 204414
        },
        "2002-04": {
            "month": "2002-04",
            "price": "63.52",
            "revenue": 206138
        },
        "2002-05": {
            "month": "2002-05",
            "price": "53.83",
            "revenue": 208248
        },
        "2002-06": {
            "month": "2002-06",
            "price": "50.34",
            "revenue": 186336
        },
        "2002-07": {
            "month": "2002-07",
            "price": "44.18",
            "revenue": 186311
        },
        "2002-08": {
            "month": "2002-08",
            "price": "39.45",
            "revenue": 209337
        },
        "2002-09": {
            "month": "2002-09",
            "price": "30.98",
            "revenue": 198560
        },
        "2002-10": {
            "month": "2002-10",
            "price": "31.11",
            "revenue": 194425
        },
        "2002-11": {
            "month": "2002-11",
            "price": "28.74",
            "revenue": 192547
        },
        "2002-12": {
            "month": "2002-12",
            "price": "24.25",
            "revenue": 156045
        },
        "2003-01": {
            "month": "2003-01",
            "price": "23.45",
            "revenue": 182385
        },
        "2003-02": {
            "month": "2003-02",
            "price": "22.73",
            "revenue": 172332
        },
        "2003-03": {
            "month": "2003-03",
            "price": "20.51",
            "revenue": 209731
        },
        "2003-04": {
            "month": "2003-04",
            "price": "21.17",
            "revenue": 215379
        },
        "2003-05": {
            "month": "2003-05",
            "price": "21.57",
            "revenue": 212991
        },
        "2003-06": {
            "month": "2003-06",
            "price": "25.10",
            "revenue": 199993
        },
        "2003-07": {
            "month": "2003-07",
            "price": "24.71",
            "revenue": 215947
        },
        "2003-08": {
            "month": "2003-08",
            "price": "21.55",
            "revenue": 221214
        },
        "2003-09": {
            "month": "2003-09",
            "price": "19.33",
            "revenue": 218209
        },
        "2003-10": {
            "month": "2003-10",
            "price": "18.35",
            "revenue": 247767
        },
        "2003-11": {
            "month": "2003-11",
            "price": "19.52",
            "revenue": 229381
        },
        "2003-12": {
            "month": "2003-12",
            "price": "19.21",
            "revenue": 213919
        },
        "2004-01": {
            "month": "2004-01",
            "price": "19.91",
            "revenue": 174117
        },
        "2004-02": {
            "month": "2004-02",
            "price": "21.07",
            "revenue": 210020
        },
        "2004-03": {
            "month": "2004-03",
            "price": "19.70",
            "revenue": 228480
        },
        "2004-04": {
            "month": "2004-04",
            "price": "19.91",
            "revenue": 238669
        },
        "2004-05": {
            "month": "2004-05",
            "price": "15.89",
            "revenue": 214267
        },
        "2004-06": {
            "month": "2004-06",
            "price": "14.45",
            "revenue": 206050
        },
        "2004-07": {
            "month": "2004-07",
            "price": "13.48",
            "revenue": 208529
        },
        "2004-08": {
            "month": "2004-08",
            "price": "12.94",
            "revenue": 203271
        },
        "2004-09": {
            "month": "2004-09",
            "price": "12.70",
            "revenue": 185366
        },
        "2004-10": {
            "month": "2004-10",
            "price": "12.28",
            "revenue": 170174
        },
        "2004-11": {
            "month": "2004-11",
            "price": "11.50",
            "revenue": 165578
        },
        "2004-12": {
            "month": "2004-12",
            "price": "11.20",
            "revenue": 160999
        },
        "2005-01": {
            "month": "2005-01",
            "price": "10.65",
            "revenue": 167717
        },
        "2005-02": {
            "month": "2005-02",
            "price": "10.37",
            "revenue": 114763
        },
        "2005-03": {
            "month": "2005-03",
            "price": "11.51",
            "revenue": 162752
        },
        "2005-04": {
            "month": "2005-04",
            "price": "12.44",
            "revenue": 167874
        },
        "2005-05": {
            "month": "2005-05",
            "price": "11.95",
            "revenue": 156432
        },
        "2005-06": {
            "month": "2005-06",
            "price": "12.33",
            "revenue": 172081
        },
        "2005-07": {
            "month": "2005-07",
            "price": "14.21",
            "revenue": 179759
        },
        "2005-08": {
            "month": "2005-08",
            "price": "13.74",
            "revenue": 203562
        },
        "2005-09": {
            "month": "2005-09",
            "price": "13.28",
            "revenue": 192964
        },
        "2005-10": {
            "month": "2005-10",
            "price": "11.90",
            "revenue": 233642
        },
        "2005-11": {
            "month": "2005-11",
            "price": "12.87",
            "revenue": 223839
        },
        "2005-12": {
            "month": "2005-12",
            "price": "14.66",
            "revenue": 207673
        },
        "2006-01": {
            "month": "2006-01",
            "price": "14.78",
            "revenue": 182278
        },
        "2006-02": {
            "month": "2006-02",
            "price": "14.09",
            "revenue": 186102
        },
        "2006-03": {
            "month": "2006-03",
            "price": "13.93",
            "revenue": 225444
        },
        "2006-04": {
            "month": "2006-04",
            "price": "15.44",
            "revenue": 205019
        },
        "2006-05": {
            "month": "2006-05",
            "price": "13.50",
            "revenue": 249955
        },
        "2006-06": {
            "month": "2006-06",
            "price": "11.87",
            "revenue": 200842
        },
        "2006-07": {
            "month": "2006-07",
            "price": "11.73",
            "revenue": 225041
        },
        "2006-08": {
            "month": "2006-08",
            "price": "11.62",
            "revenue": 250668
        },
        "2006-09": {
            "month": "2006-09",
            "price": "11.13",
            "revenue": 229600
        },
        "2006-10": {
            "month": "2006-10",
            "price": "13.04",
            "revenue": 228736
        },
        "2006-11": {
            "month": "2006-11",
            "price": "14.95",
            "revenue": 221182
        },
        "2006-12": {
            "month": "2006-12",
            "price": "16.43",
            "revenue": 196752
        },
        "2007-01": {
            "month": "2007-01",
            "price": "21.27",
            "revenue": 233527
        },
        "2007-02": {
            "month": "2007-02",
            "price": "20.94",
            "revenue": 149012
        },
        "2007-03": {
            "month": "2007-03",
            "price": "21.95",
            "revenue": 225069
        },
        "2007-04": {
            "month": "2007-04",
            "price": "24.07",
            "revenue": 264362
        },
        "2007-05": {
            "month": "2007-05",
            "price": "21.05",
            "revenue": 292671
        },
        "2007-06": {
            "month": "2007-06",
            "price": "25.57",
            "revenue": 254340
        },
        "2007-07": {
            "month": "2007-07",
            "price": "26.59",
            "revenue": 266662
        },
        "2007-08": {
            "month": "2007-08",
            "price": "21.20",
            "revenue": 264551
        },
        "2007-09": {
            "month": "2007-09",
            "price": "19.03",
            "revenue": 266114
        },
        "2007-10": {
            "month": "2007-10",
            "price": "17.70",
            "revenue": 285609
        },
        "2007-11": {
            "month": "2007-11",
            "price": "13.42",
            "revenue": 256426
        },
        "2007-12": {
            "month": "2007-12",
            "price": "11.93",
            "revenue": 224991
        },
        "2008-01": {
            "month": "2008-01",
            "price": "11.02",
            "revenue": 224547
        },
        "2008-02": {
            "month": "2008-02",
            "price": "10.69",
            "revenue": 177013
        },
        "2008-03": {
            "month": "2008-03",
            "price": "10.89",
            "revenue": 260555
        },
        "2008-04": {
            "month": "2008-04",
            "price": "11.62",
            "revenue": 253578
        },
        "2008-05": {
            "month": "2008-05",
            "price": "11.35",
            "revenue": 248124
        },
        "2008-06": {
            "month": "2008-06",
            "price": "9.58",
            "revenue": 224746
        },
        "2008-07": {
            "month": "2008-07",
            "price": "7.54",
            "revenue": 269587
        },
        "2008-08": {
            "month": "2008-08",
            "price": "7.63",
            "revenue": 268207
        },
        "2008-09": {
            "month": "2008-09",
            "price": "6.33",
            "revenue": 297222
        },
        "2008-10": {
            "month": "2008-10",
            "price": "5.74",
            "revenue": 261314
        },
        "2008-11": {
            "month": "2008-11",
            "price": "4.84",
            "revenue": 210060
        },
        "2008-12": {
            "month": "2008-12",
            "price": "5.05",
            "revenue": 175533
        },
        "2009-01": {
            "month": "2009-01",
            "price": "5.96",
            "revenue": 125670
        },
        "2009-02": {
            "month": "2009-02",
            "price": "5.53",
            "revenue": 189412
        },
        "2009-03": {
            "month": "2009-03",
            "price": "6.71",
            "revenue": 249219
        },
        "2009-04": {
            "month": "2009-04",
            "price": "8.09",
            "revenue": 249695
        },
        "2009-05": {
            "month": "2009-05",
            "price": "8.15",
            "revenue": 250498
        },
        "2009-06": {
            "month": "2009-06",
            "price": "7.67",
            "revenue": 266825
        },
        "2009-07": {
            "month": "2009-07",
            "price": "8.15",
            "revenue": 301047
        },
        "2009-08": {
            "month": "2009-08",
            "price": "11.42",
            "revenue": 289383
        },
        "2009-09": {
            "month": "2009-09",
            "price": "10.97",
            "revenue": 324279
        },
        "2009-10": {
            "month": "2009-10",
            "price": "11.72",
            "revenue": 292693
        },
        "2009-11": {
            "month": "2009-11",
            "price": "10.80",
            "revenue": 310721
        },
        "2009-12": {
            "month": "2009-12",
            "price": "13.71",
            "revenue": 343356
        },
        "2010-01": {
            "month": "2010-01",
            "price": "16.23",
            "revenue": 322312
        },
        "2010-02": {
            "month": "2010-02",
            "price": "14.56",
            "revenue": 242761
        },
        "2010-03": {
            "month": "2010-03",
            "price": "19.12",
            "revenue": 341201
        },
        "2010-04": {
            "month": "2010-04",
            "price": "21.45",
            "revenue": 371653
        },
        "2010-05": {
            "month": "2010-05",
            "price": "18.63",
            "revenue": 389590
        },
        "2010-06": {
            "month": "2010-06",
            "price": "18.45",
            "revenue": 400729
        },
        "2010-07": {
            "month": "2010-07",
            "price": "20.12",
            "revenue": 394756
        },
        "2010-08": {
            "month": "2010-08",
            "price": "25.41",
            "revenue": 415174
        },
        "2010-09": {
            "month": "2010-09",
            "price": "24.67",
            "revenue": 390349
        },
        "2010-10": {
            "month": "2010-10",
            "price": "22.69",
            "revenue": 359746
        },
        "2010-11": {
            "month": "2010-11",
            "price": "23.32",
            "revenue": 383007
        },
        "2010-12": {
            "month": "2010-12",
            "price": "25.02",
            "revenue": 321499
        },
        "2011-01": {
            "month": "2011-01",
            "price": "23.95",
            "revenue": 307838
        },
        "2011-02": {
            "month": "2011-02",
            "price": "22.09",
            "revenue": 238903
        },
        "2011-03": {
            "month": "2011-03",
            "price": "20.66",
            "revenue": 375491
        },
        "2011-04": {
            "month": "2011-04",
            "price": "22.22",
            "revenue": 387121
        },
        "2011-05": {
            "month": "2011-05",
            "price": "21.55",
            "revenue": 441288
        },
        "2011-06": {
            "month": "2011-06",
            "price": "21.49",
            "revenue": 460108
        },
        "2011-07": {
            "month": "2011-07",
            "price": "21.91",
            "revenue": 425632
        },
        "2011-08": {
            "month": "2011-08",
            "price": "19.55",
            "revenue": 448070
        },
        "2011-09": {
            "month": "2011-09",
            "price": "17.38",
            "revenue": 407020
        },
        "2011-10": {
            "month": "2011-10",
            "price": "15.34",
            "revenue": 334281
        },
        "2011-11": {
            "month": "2011-11",
            "price": "15.21",
            "revenue": 338079
        },
        "2011-12": {
            "month": "2011-12",
            "price": "13.09",
            "revenue": 304797
        },
        "2012-01": {
            "month": "2012-01",
            "price": "14.23",
            "revenue": 303437
        },
        "2012-02": {
            "month": "2012-02",
            "price": "16.80",
            "revenue": 303885
        },
        "2012-03": {
            "month": "2012-03",
            "price": "18.43",
            "revenue": 407840
        },
        "2012-04": {
            "month": "2012-04",
            "price": "16.30",
            "revenue": 502930
        },
        "2012-05": {
            "month": "2012-05",
            "price": "13.91",
            "revenue": 508284
        },
        "2012-06": {
            "month": "2012-06",
            "price": "13.26",
            "revenue": 478480
        },
        "2012-07": {
            "month": "2012-07",
            "price": "13.37",
            "revenue": 497151
        },
        "2012-08": {
            "month": "2012-08",
            "price": "12.85",
            "revenue": 528186
        },
        "2012-09": {
            "month": "2012-09",
            "price": "13.11",
            "revenue": 517610
        },
        "2012-10": {
            "month": "2012-10",
            "price": "11.85",
            "revenue": 404414
        },
        "2012-11": {
            "month": "2012-11",
            "price": "11.14",
            "revenue": 483869
        },
        "2012-12": {
            "month": "2012-12",
            "price": "11.77",
            "revenue": 480213
        },
        "2013-01": {
            "month": "2013-01",
            "price": "12.58",
            "revenue": 465184
        },
        "2013-02": {
            "month": "2013-02",
            "price": "12.54",
            "revenue": 296012
        },
        "2013-03": {
            "month": "2013-03",
            "price": "12.41",
            "revenue": 471296
        },
        "2013-04": {
            "month": "2013-04",
            "price": "14.08",
            "revenue": 513281
        },
        "2013-05": {
            "month": "2013-05",
            "price": "15.56",
            "revenue": 548680
        },
        "2013-06": {
            "month": "2013-06",
            "price": "15.62",
            "revenue": 498186
        },
        "2013-07": {
            "month": "2013-07",
            "price": "16.60",
            "revenue": 485511
        },
        "2013-08": {
            "month": "2013-08",
            "price": "20.14",
            "revenue": 501385
        },
        "2013-09": {
            "month": "2013-09",
            "price": "21.91",
            "revenue": 467556
        },
        "2013-10": {
            "month": "2013-10",
            "price": "22.37",
            "revenue": 448014
        },
        "2013-11": {
            "month": "2013-11",
            "price": "21.94",
            "revenue": 514688
        },
        "2013-12": {
            "month": "2013-12",
            "price": "24.66",
            "revenue": 499610
        },
        "2014-01": {
            "month": "2014-01",
            "price": "28.04",
            "revenue": 449784
        },
        "2014-02": {
            "month": "2014-02",
            "price": "29.90",
            "revenue": 380529
        },
        "2014-03": {
            "month": "2014-03",
            "price": "31.75",
            "revenue": 534587
        },
        "2014-04": {
            "month": "2014-04",
            "price": "31.65",
            "revenue": 595432
        },
        "2014-05": {
            "month": "2014-05",
            "price": "32.57",
            "revenue": 523313
        },
        "2014-06": {
            "month": "2014-06",
            "price": "41.26",
            "revenue": 487972
        },
        "2014-07": {
            "month": "2014-07",
            "price": "42.73",
            "revenue": 563540
        },
        "2014-08": {
            "month": "2014-08",
            "price": "43.30",
            "revenue": 532739
        },
        "2014-09": {
            "month": "2014-09",
            "price": "40.49",
            "revenue": 512282
        },
        "2014-10": {
            "month": "2014-10",
            "price": "38.36",
            "revenue": 490623
        },
        "2014-11": {
            "month": "2014-11",
            "price": "37.26",
            "revenue": 488302
        },
        "2014-12": {
            "month": "2014-12",
            "price": "38.12",
            "revenue": 520646
        },
        "2015-01": {
            "month": "2015-01",
            "price": "37.77",
            "revenue": 543661
        },
        "2015-02": {
            "month": "2015-02",
            "price": "39.33",
            "revenue": 388853
        },
        "2015-03": {
            "month": "2015-03",
            "price": "42.29",
            "revenue": 510578
        },
        "2015-04": {
            "month": "2015-04",
            "price": "40.08",
            "revenue": 556433
        },
        "2015-05": {
            "month": "2015-05",
            "price": "34.81",
            "revenue": 497683
        },
        "2015-06": {
            "month": "2015-06",
            "price": "32.62",
            "revenue": 458033
        },
        "2015-07": {
            "month": "2015-07",
            "price": "26.70",
            "revenue": 485855
        },
        "2015-08": {
            "month": "2015-08",
            "price": "21.15",
            "revenue": 483394
        },
        "2015-09": {
            "month": "2015-09",
            "price": "21.68",
            "revenue": 449033
        },
        "2015-10": {
            "month": "2015-10",
            "price": "24.08",
            "revenue": 441253
        },
        "2015-11": {
            "month": "2015-11",
            "price": "27.09",
            "revenue": 491198
        },
        "2015-12": {
            "month": "2015-12",
            "price": "31.15",
            "revenue": 495879
        },
        "2016-01": {
            "month": "2016-01",
            "price": "29.75",
            "revenue": 507463
        },
        "2016-02": {
            "month": "2016-02",
            "price": "33.03",
            "revenue": 344241
        },
        "2016-03": {
            "month": "2016-03",
            "price": "36.39",
            "revenue": 555523
        },
        "2016-04": {
            "month": "2016-04",
            "price": "35.69",
            "revenue": 523414
        },
        "2016-05": {
            "month": "2016-05",
            "price": "35.95",
            "revenue": 524018
        },
        "2016-06": {
            "month": "2016-06",
            "price": "37.27",
            "revenue": 483933
        },
        "2016-07": {
            "month": "2016-07",
            "price": "40.44",
            "revenue": 490508
        },
        "2016-08": {
            "month": "2016-08",
            "price": "39.53",
            "revenue": 535292
        },
        "2016-09": {
            "month": "2016-09",
            "price": "40.29",
            "revenue": 522775
        },
        "2016-10": {
            "month": "2016-10",
            "price": "40.03",
            "revenue": 478425
        },
        "2016-11": {
            "month": "2016-11",
            "price": "37.04",
            "revenue": 542442
        },
        "2016-12": {
            "month": "2016-12",
            "price": "38.69",
            "revenue": 570932
        },
        "2017-01": {
            "month": "2017-01",
            "price": "39.28",
            "revenue": 488087
        },
        "2017-02": {
            "month": "2017-02",
            "price": "40.71",
            "revenue": 450321
        },
        "2017-03": {
            "month": "2017-03",
            "price": "39.54",
            "revenue": 595609
        },
        "2017-04": {
            "month": "2017-04",
            "price": "41.03",
            "revenue": 568307
        },
        "2017-05": {
            "month": "2017-05",
            "price": "38.63",
            "revenue": 591658
        },
        "2017-06": {
            "month": "2017-06",
            "price": "39.39",
            "revenue": 560024
        },
        "2017-07": {
            "month": "2017-07",
            "price": "40.13",
            "revenue": 624312
        },
        "2017-08": {
            "month": "2017-08",
            "price": "40.30",
            "revenue": 649005
        },
        "2017-09": {
            "month": "2017-09",
            "price": "43.40",
            "revenue": 695941
        },
        "2017-10": {
            "month": "2017-10",
            "price": "46.90",
            "revenue": 611878
        },
        "2017-11": {
            "month": "2017-11",
            "price": "51.64",
            "revenue": 670420
        },
        "2017-12": {
            "month": "2017-12",
            "price": "60.31",
            "revenue": 675753
        },
        "2018-01": {
            "month": "2018-01",
            "price": "61.60",
            "revenue": 658696
        },
        "2018-02": {
            "month": "2018-02",
            "price": "54.89",
            "revenue": 474838
        },
        "2018-03": {
            "month": "2018-03",
            "price": "55.31",
            "revenue": 713308
        },
        "2018-04": {
            "month": "2018-04",
            "price": "59.21",
            "revenue": 707533
        },
        "2018-05": {
            "month": "2018-05",
            "price": "64.13",
            "revenue": 722759
        },
        "2018-06": {
            "month": "2018-06",
            "price": "77.18",
            "revenue": 744205
        },
        "2018-07": {
            "month": "2018-07",
            "price": "71.11",
            "revenue": 735585
        },
        "2018-08": {
            "month": "2018-08",
            "price": "60.54",
            "revenue": 731335
        },
        "2018-09": {
            "month": "2018-09",
            "price": "49.86",
            "revenue": 702610
        },
        "2018-10": {
            "month": "2018-10",
            "price": "43.95",
            "revenue": 647718
        },
        "2018-11": {
            "month": "2018-11",
            "price": "43.62",
            "revenue": 607690
        },
        "2018-12": {
            "month": "2018-12",
            "price": "42.44",
            "revenue": 616413
        },
        "2019-01": {
            "month": "2019-01",
            "price": "39.40",
            "revenue": 595940
        },
        "2019-02": {
            "month": "2019-02",
            "price": "42.57",
            "revenue": 397388
        },
        "2019-03": {
            "month": "2019-03",
            "price": "41.20",
            "revenue": 648346
        },
        "2019-04": {
            "month": "2019-04",
            "price": "41.30",
            "revenue": 625069
        },
        "2019-05": {
            "month": "2019-05",
            "price": "37.49",
            "revenue": 630386
        },
        "2019-06": {
            "month": "2019-06",
            "price": "38.57",
            "revenue": 543696
        },
        "2019-07": {
            "month": "2019-07",
            "price": "41.79",
            "revenue": 578543
        },
        "2019-08": {
            "month": "2019-08",
            "price": "40.99",
            "revenue": 573849
        },
        "2019-09": {
            "month": "2019-09",
            "price": "43.84",
            "revenue": 593828
        },
        "2019-10": {
            "month": "2019-10",
            "price": "42.47",
            "revenue": 574518
        },
        "2019-11": {
            "month": "2019-11",
            "price": "40.56",
            "revenue": 613049
        },
        "2019-12": {
            "month": "2019-12",
            "price": "43.25",
            "revenue": 664683
        },
        "2020-01": {
            "month": "2020-01",
            "price": "41.57",
            "revenue": 501824
        },
        "2020-02": {
            "month": "2020-02",
            "price": "38.41",
            "revenue": 376640
        },
        "2020-03": {
            "month": "2020-03",
            "price": "30.24",
            "revenue": 689817
        },
        "2020-04": {
            "month": "2020-04",
            "price": "36.05",
            "revenue": 683639
        },
        "2020-05": {
            "month": "2020-05",
            "price": "41.50",
            "revenue": 705231
        },
        "2020-06": {
            "month": "2020-06",
            "price": "43.14",
            "revenue": 654353
        },
        "2020-07": {
            "month": "2020-07",
            "price": "45.95",
            "revenue": 654641
        },
        "2020-08": {
            "month": "2020-08",
            "price": "52.72",
            "revenue": 701621
        },
        "2020-09": {
            "month": "2020-09",
            "price": "53.79",
            "revenue": 710652
        },
        "2020-10": {
            "month": "2020-10",
            "price": "52.96",
            "revenue": 643077
        },
        "2020-11": {
            "month": "2020-11",
            "price": "56.17",
            "revenue": 738799
        },
        "2020-12": {
            "month": "2020-12",
            "price": "61.66",
            "revenue": 764924
        },
        "2021-01": {
            "month": "2021-01",
            "price": "68.88",
            "revenue": 775803
        },
        "2021-02": {
            "month": "2021-02",
            "price": "73.55",
            "revenue": 586549
        },
        "2021-03": {
            "month": "2021-03",
            "price": "77.98",
            "revenue": 762937
        },
        "2021-04": {
            "month": "2021-04",
            "price": "73.34",
            "revenue": 815338
        },
        "2021-05": {
            "month": "2021-05",
            "price": "61.81",
            "revenue": 809883
        },
        "2021-06": {
            "month": "2021-06",
            "price": "65.39",
            "revenue": 823882
        },
        "2021-07": {
            "month": "2021-07",
            "price": "74.95",
            "revenue": 883567
        },
        "2021-08": {
            "month": "2021-08",
            "price": "71.99",
            "revenue": 917062
        },
        "2021-09": {
            "month": "2021-09",
            "price": "67.58",
            "revenue": 893537
        },
        "2021-10": {
            "month": "2021-10",
            "price": "61.06",
            "revenue": 853614
        },
        "2021-11": {
            "month": "2021-11",
            "price": "64.99",
            "revenue": 872643
        },
        "2021-12": {
            "month": "2021-12",
            "price": "65.51",
            "revenue": 976396
        },
        "2022-01": {
            "month": "2022-01",
            "price": "67.10",
            "revenue": 913049
        },
        "2022-02": {
            "month": "2022-02",
            "price": "68.59",
            "revenue": 699660
        },
        "2022-03": {
            "month": "2022-03",
            "price": "65.15",
            "revenue": 950750
        },
        "2022-04": {
            "month": "2022-04",
            "price": "61.97",
            "revenue": 959508
        },
        "2022-05": {
            "month": "2022-05",
            "price": "61.14",
            "revenue": 957300
        },
        "2022-06": {
            "month": "2022-06",
            "price": "60.73",
            "revenue": 942891
        },
        "2022-07": {
            "month": "2022-07",
            "price": "54.34",
            "revenue": 880929
        },
        "2022-08": {
            "month": "2022-08",
            "price": "55.77",
            "revenue": 798569
        },
        "2022-09": {
            "month": "2022-09",
            "price": "53.27",
            "revenue": 842312
        },
        "2022-10": {
            "month": "2022-10",
            "price": "48.12",
            "revenue": 800829
        },
        "2022-11": {
            "month": "2022-11",
            "price": "53.87",
            "revenue": 819016
        },
        "2022-12": {
            "month": "2022-12",
            "price": "55.73",
            "revenue": 772788
        },
        "2023-01": {
            "month": "2023-01",
            "price": "56.30",
            "revenue": 601663
        },
        "2023-02": {
            "month": "2023-02",
            "price": "61.24",
            "revenue": 690001
        },
        "2023-03": {
            "month": "2023-03",
            "price": "67.00",
            "revenue": 817240
        },
        "2023-04": {
            "month": "2023-04",
            "price": "65.72",
            "revenue": 727135
        },
        "2023-05": {
            "month": "2023-05",
            "price": "63.15",
            "revenue": 768974
        },
        "2023-06": {
            "month": "2023-06",
            "price": "62.58",
            "revenue": 780051
        },
        "2023-07": {
            "month": "2023-07",
            "price": "60.76",
            "revenue": 734098
        },
        "2023-08": {
            "month": "2023-08",
            "price": "57.15",
            "revenue": 762424
        },
        "2023-09": {
            "month": "2023-09",
            "price": "60.04",
            "revenue": 746990
        }
    }
}
