{
    "summary": {
        "stock_name": "可成",
        "stock_id": "2474",
        "category": "其他電子",
        "main_business": "機殼及內構件各式相關產品之生產、銷售與開發。",
        "website_url": "http://www.catcher-group.com",
        "ceo": "洪天賜",
        "pe_ratio": 13,
        "report_year_from": 2001,
        "report_year_to": 2023,
        "age": 22,
        "eps_negative_percentage": 0,
        "eps_growth_avg": {
            "last_all": 17.04,
            "last_2y": 21.15,
            "last_4y": 6.36,
            "last_8y": 9.48,
            "last_12y": 18.36,
            "last_16y": 8.88,
            "last_20y": 17.04,
            "at_2006_last_3y": 56.79,
            "at_2007_last_3y": 27.07,
            "at_2008_last_3y": 3.7,
            "at_2009_last_3y": -21.92,
            "at_2010_last_3y": -17.96,
            "at_2011_last_3y": 11.76,
            "at_2012_last_3y": 23.97,
            "at_2013_last_3y": 38.35,
            "at_2014_last_3y": 38.54,
            "at_2015_last_3y": 23.17,
            "at_2016_last_3y": 20.23,
            "at_2017_last_3y": 13.37,
            "at_2018_last_3y": 13.37,
            "at_2019_last_3y": -11.19,
            "at_2020_last_3y": 14.19,
            "at_2021_last_3y": -0.33,
            "at_2022_last_3y": 0.93,
            "at_2023_last_3y": 0.93,
            "at_2006_last_all": 43.66,
            "at_2007_last_all": 33.24,
            "at_2008_last_all": 21.43,
            "at_2009_last_all": 14.89,
            "at_2010_last_all": 16.27,
            "at_2011_last_all": 24.65,
            "at_2012_last_all": 22.35,
            "at_2013_last_all": 22.71,
            "at_2014_last_all": 23.12,
            "at_2015_last_all": 24.22,
            "at_2016_last_all": 21.79,
            "at_2017_last_all": 20.38,
            "at_2018_last_all": 20.83,
            "at_2019_last_all": 16.35,
            "at_2020_last_all": 20.19,
            "at_2021_last_all": 16.23,
            "at_2022_last_all": 17.04,
            "at_2023_last_all": 17.04
        },
        "latest_eps": 14.3,
        "latest_price": 188.5,
        "latest_roe": 6.12,
        "latest_gross_margin": 22.92,
        "latest_equity": 160861297,
        "latest_revenue": 3541744,
        "latest_gross_profit": 811781,
        "latest_net_income": 883880,
        "latest_debt_ratio": 33.67,
        "latest_current_ratio": 203.41,
        "latest_account_receivable_turnover_ratio": 0.51,
        "latest_inventory_turnover_ratio": 0.79,
        "latest_reinvestment_rate": -64.42,
        "latest_research_to_sale_ratio": 8.72
    },
    "eps_dividends": {
        "1998": {
            "cash": 0,
            "stock": 7,
            "eps": 0
        },
        "1999": {
            "cash": 0,
            "stock": 4,
            "eps": 0
        },
        "2000": {
            "cash": 0,
            "stock": 5,
            "eps": 0
        },
        "2001": {
            "cash": 1,
            "stock": 2,
            "eps": 3.27
        },
        "2002": {
            "cash": 0,
            "stock": 3,
            "eps": 2.98
        },
        "2003": {
            "cash": 1,
            "stock": 2,
            "eps": 6.69
        },
        "2004": {
            "cash": 3,
            "stock": 2,
            "eps": 9.64
        },
        "2005": {
            "cash": 1,
            "stock": 4,
            "eps": 16.54
        },
        "2006": {
            "cash": 2,
            "stock": 4,
            "eps": 18.44
        },
        "2007": {
            "cash": 3,
            "stock": 3,
            "eps": 14.96
        },
        "2008": {
            "cash": 4,
            "stock": 1,
            "eps": 7.57
        },
        "2009": {
            "cash": 1,
            "stock": 1,
            "eps": 5.23
        },
        "2010": {
            "cash": 2,
            "stock": 0,
            "eps": 6.66
        },
        "2011": {
            "cash": 9,
            "stock": 0,
            "eps": 14.59
        },
        "2012": {
            "cash": 0,
            "stock": 0,
            "eps": 14.51
        },
        "2013": {
            "cash": 6,
            "stock": 0,
            "eps": 18.37
        },
        "2014": {
            "cash": 5,
            "stock": 0,
            "eps": 23.53
        },
        "2015": {
            "cash": 6,
            "stock": 0,
            "eps": 32.6
        },
        "2016": {
            "cash": 10,
            "stock": 0,
            "eps": 28.58
        },
        "2017": {
            "cash": 10,
            "stock": 0,
            "eps": 28.35
        },
        "2018": {
            "cash": 12,
            "stock": 0,
            "eps": 36.31
        },
        "2019": {
            "cash": 12,
            "stock": 0,
            "eps": 14.63
        },
        "2020": {
            "cash": 10,
            "stock": 0,
            "eps": 27.68
        },
        "2021": {
            "cash": 12,
            "stock": 0,
            "eps": 11.38
        },
        "2022": {
            "cash": 10,
            "stock": 0,
            "eps": 15.15
        },
        "2023": {
            "cash": 10,
            "stock": 0,
            "eps": 1.25
        }
    },
    "dividends": {
        "1998-06-21": {
            "cash": 0,
            "stock": 7
        },
        "1999-03-18": {
            "cash": 0,
            "stock": 4
        },
        "2000-04-24": {
            "cash": 0,
            "stock": 5
        },
        "2001-06-12": {
            "cash": 0.5,
            "stock": 2
        },
        "2002-05-30": {
            "cash": 0,
            "stock": 3
        },
        "2003-05-06": {
            "cash": 0.6,
            "stock": 1.5
        },
        "2004-03-06": {
            "cash": 3,
            "stock": 2
        },
        "2005-03-12": {
            "cash": 0.92,
            "stock": 3.69
        },
        "2006-03-10": {
            "cash": 1.99,
            "stock": 3.97
        },
        "2007-04-04": {
            "cash": 3,
            "stock": 3
        },
        "2008-04-09": {
            "cash": 4,
            "stock": 1
        },
        "2009-05-14": {
            "cash": 1,
            "stock": 1
        },
        "2010-05-12": {
            "cash": 2,
            "stock": 0
        },
        "2011-01-01": {
            "cash": 5,
            "stock": 0
        },
        "2011-05-06": {
            "cash": 4,
            "stock": 0
        },
        "2013-04-26": {
            "cash": 6,
            "stock": 0
        },
        "2014-10-22": {
            "cash": 5,
            "stock": 0
        },
        "2015-09-24": {
            "cash": 6,
            "stock": 0
        },
        "2016-10-13": {
            "cash": 10,
            "stock": 0
        },
        "2017-10-13": {
            "cash": 10,
            "stock": 0
        },
        "2018-10-16": {
            "cash": 12,
            "stock": 0
        },
        "2019-10-16": {
            "cash": 12,
            "stock": 0
        },
        "2020-10-16": {
            "cash": 10,
            "stock": 0
        },
        "2021-09-30": {
            "cash": 12,
            "stock": 0
        },
        "2022-09-30": {
            "cash": 10,
            "stock": 0
        },
        "2023-04-18": {
            "cash": 10,
            "stock": 0
        }
    },
    "prices": {
        "200101": "無",
        "200102": "無",
        "200103": "無",
        "200104": "無",
        "200105": "無",
        "200106": "無",
        "200107": "無",
        "200108": "無",
        "200109": "27.71",
        "200110": "30.88",
        "200111": "44.24",
        "200112": "59.76",
        "200201": "72.52",
        "200202": "76.92",
        "200203": "114.62",
        "200204": "141.05",
        "200205": "109.52",
        "200206": "84.70",
        "200207": "73.41",
        "200208": "70.84",
        "200209": "50.66",
        "200210": "51.51",
        "200211": "57.02",
        "200212": "48.74",
        "200301": "48.57",
        "200302": "49.21",
        "200303": "50.79",
        "200304": "60.00",
        "200305": "63.76",
        "200306": "64.92",
        "200307": "71.80",
        "200308": "90.76",
        "200309": "96.33",
        "200310": "102.11",
        "200311": "108.82",
        "200312": "119.22",
        "200401": "114.70",
        "200402": "116.78",
        "200403": "126.83",
        "200404": "138.66",
        "200405": "127.88",
        "200406": "110.21",
        "200407": "93.36",
        "200408": "87.75",
        "200409": "97.38",
        "200410": "101.60",
        "200411": "101.98",
        "200412": "101.83",
        "200501": "99.38",
        "200502": "99.62",
        "200503": "113.80",
        "200504": "153.18",
        "200505": "169.62",
        "200506": "179.02",
        "200507": "226.70",
        "200508": "239.59",
        "200509": "223.17",
        "200510": "221.40",
        "200511": "224.84",
        "200512": "242.91",
        "200601": "245.19",
        "200602": "242.18",
        "200603": "291.37",
        "200604": "322.84",
        "200605": "354.50",
        "200606": "343.93",
        "200607": "333.74",
        "200608": "326.04",
        "200609": "283.76",
        "200610": "276.55",
        "200611": "282.86",
        "200612": "306.50",
        "200701": "353.43",
        "200702": "336.04",
        "200703": "265.72",
        "200704": "250.78",
        "200705": "285.18",
        "200706": "303.22",
        "200707": "321.14",
        "200708": "258.65",
        "200709": "240.81",
        "200710": "230.34",
        "200711": "199.27",
        "200712": "184.60",
        "200801": "121.22",
        "200802": "105.11",
        "200803": "109.48",
        "200804": "122.12",
        "200805": "113.48",
        "200806": "100.28",
        "200807": "87.02",
        "200808": "103.53",
        "200809": "103.13",
        "200810": "80.65",
        "200811": "62.73",
        "200812": "54.45",
        "200901": "58.49",
        "200902": "58.75",
        "200903": "67.41",
        "200904": "80.66",
        "200905": "90.54",
        "200906": "80.79",
        "200907": "85.33",
        "200908": "87.01",
        "200909": "88.45",
        "200910": "82.62",
        "200911": "83.40",
        "200912": "87.47",
        "201001": "81.43",
        "201002": "66.71",
        "201003": "71.10",
        "201004": "82.00",
        "201005": "77.31",
        "201006": "71.71",
        "201007": "72.89",
        "201008": "73.73",
        "201009": "71.78",
        "201010": "76.70",
        "201011": "85.05",
        "201012": "104.37",
        "201101": "114.62",
        "201102": "118.25",
        "201103": "132.37",
        "201104": "164.55",
        "201105": "180.45",
        "201106": "184.83",
        "201107": "220.12",
        "201108": "236.89",
        "201109": "199.26",
        "201110": "171.42",
        "201111": "160.93",
        "201112": "136.32",
        "201201": "158.73",
        "201202": "198.12",
        "201203": "217.26",
        "201204": "199.50",
        "201205": "186.84",
        "201206": "192.07",
        "201207": "176.89",
        "201208": "148.16",
        "201209": "145.88",
        "201210": "133.09",
        "201211": "136.41",
        "201212": "143.52",
        "201301": "134.93",
        "201302": "135.15",
        "201303": "130.43",
        "201304": "145.28",
        "201305": "159.50",
        "201306": "156.76",
        "201307": "143.93",
        "201308": "143.17",
        "201309": "150.82",
        "201310": "165.86",
        "201311": "177.52",
        "201312": "189.57",
        "201401": "201.47",
        "201402": "217.29",
        "201403": "219.90",
        "201404": "238.71",
        "201405": "267.00",
        "201406": "281.88",
        "201407": "274.16",
        "201408": "283.05",
        "201409": "293.71",
        "201410": "265.18",
        "201411": "254.35",
        "201412": "247.79",
        "201501": "263.85",
        "201502": "286.23",
        "201503": "307.55",
        "201504": "356.60",
        "201505": "351.50",
        "201506": "362.33",
        "201507": "367.45",
        "201508": "336.55",
        "201509": "332.82",
        "201510": "338.50",
        "201511": "320.81",
        "201512": "297.54",
        "201601": "229.93",
        "201602": "248.27",
        "201603": "274.28",
        "201604": "248.26",
        "201605": "226.24",
        "201606": "243.81",
        "201607": "232.18",
        "201608": "221.96",
        "201609": "247.21",
        "201610": "248.98",
        "201611": "224.43",
        "201612": "230.14",
        "201701": "226.72",
        "201702": "260.14",
        "201703": "274.43",
        "201704": "297.92",
        "201705": "321.82",
        "201706": "355.07",
        "201707": "370.29",
        "201708": "377.13",
        "201709": "328.14",
        "201710": "311.42",
        "201711": "332.57",
        "201712": "323.45",
        "201801": "330.70",
        "201802": "343.31",
        "201803": "360.43",
        "201804": "349.92",
        "201805": "341.89",
        "201806": "346.82",
        "201807": "357.64",
        "201808": "368.72",
        "201809": "351.50",
        "201810": "308.98",
        "201811": "262.02",
        "201812": "232.12",
        "201901": "217.81",
        "201902": "242.42",
        "201903": "229.00",
        "201904": "254.18",
        "201905": "218.73",
        "201906": "211.39",
        "201907": "228.67",
        "201908": "216.98",
        "201909": "230.05",
        "201910": "256.02",
        "201911": "267.86",
        "201912": "244.61",
        "202001": "240.93",
        "202002": "244.45",
        "202003": "205.73",
        "202004": "212.70",
        "202005": "225.98",
        "202006": "222.22",
        "202007": "225.46",
        "202008": "211.40",
        "202009": "186.34",
        "202010": "180.53",
        "202011": "188.95",
        "202012": "200.41",
        "202101": "206.08",
        "202102": "194.23",
        "202103": "201.20",
        "202104": "203.39",
        "202105": "182.69",
        "202106": "180.93",
        "202107": "184.98",
        "202108": "179.14",
        "202109": "162.72",
        "202110": "162.90",
        "202111": "160.20",
        "202112": "154.36",
        "202201": "159.31",
        "202202": "153.20",
        "202203": "146.13",
        "202204": "145.71",
        "202205": "156.17",
        "202206": "167.88",
        "202207": "165.29",
        "202208": "176.54",
        "202209": "171.98",
        "202210": "169.20",
        "202211": "179.39",
        "202212": "172.20",
        "202301": "174.62",
        "202302": "187.42",
        "202303": "187.65",
        "202304": "182.91",
        "202305": "184.65"
    },
    "quarters": {
        "20011": {
            "year_quarter": 20011,
            "year": 2001,
            "quarter": 1,
            "eps": 0.64,
            "eps_growth_year": -64.64,
            "eps_4q": 2.52,
            "eps_4q_growth_year": -60.95,
            "roe": 2.14,
            "roe_4q": 2.14,
            "gross_profit": 115108,
            "gross_margin": 45.05,
            "gross_margin_4q_avg": 45.05,
            "net_income": 54107,
            "revenue": 255533,
            "common_shares": 844413,
            "book_valuer_per_share": 30.27,
            "book_valuer_per_share_4q_avg": 30.27,
            "equity": 2556313,
            "current_ratio": 561.71,
            "debt_ratio": 14.65,
            "inventory_turnover_ratio": 1.27,
            "account_receivable_turnover_ratio": null,
            "reinvestment_rate": null,
            "research_to_sale_ratio": null,
            "price_fair": 0,
            "eps_avg_yearly": 0,
            "eps_latest_yearly": 0,
            "eps_growth_yearly": 0
        },
        "20012": {
            "year_quarter": 20012,
            "year": 2001,
            "quarter": 2,
            "eps": 1,
            "eps_growth_year": 100,
            "eps_4q": 3.04,
            "eps_4q_growth_year": -12.65,
            "roe": 3.27,
            "roe_4q": 5.41,
            "gross_profit": 110719,
            "gross_margin": 46,
            "gross_margin_4q_avg": 45.53,
            "net_income": 84344,
            "revenue": 240695,
            "common_shares": 844413,
            "book_valuer_per_share": 30.83,
            "book_valuer_per_share_4q_avg": 30.55,
            "equity": 2603234,
            "current_ratio": 492.17,
            "debt_ratio": 15.04,
            "inventory_turnover_ratio": 1.24,
            "account_receivable_turnover_ratio": null,
            "reinvestment_rate": null,
            "research_to_sale_ratio": null,
            "price_fair": 0,
            "eps_avg_yearly": 0,
            "eps_latest_yearly": 0,
            "eps_growth_yearly": 0
        },
        "20013": {
            "year_quarter": 20013,
            "year": 2001,
            "quarter": 3,
            "eps": 0.95,
            "eps_growth_year": 26.67,
            "eps_4q": 2.86,
            "eps_4q_growth_year": -15.44,
            "roe": 3.65,
            "roe_4q": 9.06,
            "gross_profit": 93232,
            "gross_margin": 40.63,
            "gross_margin_4q_avg": 43.89,
            "net_income": 96781,
            "revenue": 229461,
            "common_shares": 1020496,
            "book_valuer_per_share": 26.47,
            "book_valuer_per_share_4q_avg": 29.19,
            "equity": 2700766,
            "current_ratio": 544.47,
            "debt_ratio": 10.85,
            "inventory_turnover_ratio": 1.11,
            "account_receivable_turnover_ratio": null,
            "reinvestment_rate": null,
            "research_to_sale_ratio": null,
            "price_fair": 0,
            "eps_avg_yearly": 0,
            "eps_latest_yearly": 0,
            "eps_growth_yearly": 0
        },
        "20014": {
            "year_quarter": 20014,
            "year": 2001,
            "quarter": 4,
            "eps": 0.68,
            "eps_growth_year": 0,
            "eps_4q": 2.98,
            "eps_4q_growth_year": -2.03,
            "roe": 2.54,
            "roe_4q": 11.6,
            "gross_profit": 109855,
            "gross_margin": 38.84,
            "gross_margin_4q_avg": 42.63,
            "net_income": 69508,
            "revenue": 282821,
            "common_shares": 1020496,
            "book_valuer_per_share": 27.17,
            "book_valuer_per_share_4q_avg": 28.69,
            "equity": 2772305,
            "current_ratio": 417.44,
            "debt_ratio": 12.75,
            "inventory_turnover_ratio": 1.13,
            "account_receivable_turnover_ratio": null,
            "reinvestment_rate": null,
            "research_to_sale_ratio": null,
            "price_fair": 0,
            "eps_avg_yearly": 0,
            "eps_latest_yearly": 0,
            "eps_growth_yearly": 0
        },
        "20021": {
            "year_quarter": 20021,
            "year": 2002,
            "quarter": 1,
            "eps": 1.49,
            "eps_growth_year": 132.81,
            "eps_4q": 3.95,
            "eps_4q_growth_year": 56.77,
            "roe": 5.34,
            "roe_4q": 14.799999999999999,
            "gross_profit": 234334,
            "gross_margin": 39.75,
            "gross_margin_4q_avg": 41.31,
            "net_income": 152072,
            "revenue": 589534,
            "common_shares": 1020496,
            "book_valuer_per_share": 28.65,
            "book_valuer_per_share_4q_avg": 28.28,
            "equity": 2924095,
            "current_ratio": 228.82,
            "debt_ratio": 22.1,
            "inventory_turnover_ratio": 1.89,
            "account_receivable_turnover_ratio": null,
            "reinvestment_rate": null,
            "research_to_sale_ratio": null,
            "price_fair": 208.6,
            "eps_avg_yearly": 5.96,
            "eps_latest_yearly": 5.96,
            "eps_growth_yearly": 476.47
        },
        "20022": {
            "year_quarter": 20022,
            "year": 2002,
            "quarter": 2,
            "eps": 0.78,
            "eps_growth_year": -22,
            "eps_4q": 3.91,
            "eps_4q_growth_year": 28.63,
            "roe": 2.68,
            "roe_4q": 14.209999999999999,
            "gross_profit": 173413,
            "gross_margin": 34.52,
            "gross_margin_4q_avg": 38.44,
            "net_income": 79318,
            "revenue": 502333,
            "common_shares": 1020496,
            "book_valuer_per_share": 29.28,
            "book_valuer_per_share_4q_avg": 27.89,
            "equity": 2988446,
            "current_ratio": 381.73,
            "debt_ratio": 29.94,
            "inventory_turnover_ratio": 1.47,
            "account_receivable_turnover_ratio": null,
            "reinvestment_rate": null,
            "research_to_sale_ratio": null,
            "price_fair": 158.9,
            "eps_avg_yearly": 4.54,
            "eps_latest_yearly": 3.12,
            "eps_growth_yearly": 142.93
        },
        "20023": {
            "year_quarter": 20023,
            "year": 2002,
            "quarter": 3,
            "eps": 0.07,
            "eps_growth_year": -92.63,
            "eps_4q": 2.3,
            "eps_4q_growth_year": -19.55,
            "roe": 0.31,
            "roe_4q": 10.870000000000001,
            "gross_profit": 91662,
            "gross_margin": 27.89,
            "gross_margin_4q_avg": 35.25,
            "net_income": 9436,
            "revenue": 328625,
            "common_shares": 1337383,
            "book_valuer_per_share": 22.55,
            "book_valuer_per_share_4q_avg": 26.91,
            "equity": 3015587,
            "current_ratio": 655.88,
            "debt_ratio": 27.19,
            "inventory_turnover_ratio": 1.02,
            "account_receivable_turnover_ratio": null,
            "reinvestment_rate": null,
            "research_to_sale_ratio": null,
            "price_fair": 9.36,
            "eps_avg_yearly": 3.12,
            "eps_latest_yearly": 0.28,
            "eps_growth_yearly": -26.08
        },
        "20024": {
            "year_quarter": 20024,
            "year": 2002,
            "quarter": 4,
            "eps": 0.64,
            "eps_growth_year": -5.88,
            "eps_4q": 2.43,
            "eps_4q_growth_year": -18.49,
            "roe": 2.82,
            "roe_4q": 11.15,
            "gross_profit": 174372,
            "gross_margin": 42.4,
            "gross_margin_4q_avg": 36.14,
            "net_income": 86106,
            "revenue": 411301,
            "common_shares": 1337383,
            "book_valuer_per_share": 23.16,
            "book_valuer_per_share_4q_avg": 25.91,
            "equity": 3096822,
            "current_ratio": 274.51,
            "debt_ratio": 34.88,
            "inventory_turnover_ratio": 1.01,
            "account_receivable_turnover_ratio": null,
            "reinvestment_rate": 141.87,
            "research_to_sale_ratio": null,
            "price_fair": 104.3,
            "eps_avg_yearly": 2.98,
            "eps_latest_yearly": 2.56,
            "eps_growth_yearly": 794.73
        },
        "20031": {
            "year_quarter": 20031,
            "year": 2003,
            "quarter": 1,
            "eps": 0.85,
            "eps_growth_year": -42.95,
            "eps_4q": 2.16,
            "eps_4q_growth_year": -45.37,
            "roe": 3.61,
            "roe_4q": 9.42,
            "gross_profit": 176113,
            "gross_margin": 37.75,
            "gross_margin_4q_avg": 35.64,
            "net_income": 113836,
            "revenue": 466576,
            "common_shares": 1337383,
            "book_valuer_per_share": 24,
            "book_valuer_per_share_4q_avg": 24.75,
            "equity": 3210040,
            "current_ratio": 632.82,
            "debt_ratio": 26.8,
            "inventory_turnover_ratio": 1.34,
            "account_receivable_turnover_ratio": null,
            "reinvestment_rate": 86.23,
            "research_to_sale_ratio": null,
            "price_fair": 107.24,
            "eps_avg_yearly": 3.06,
            "eps_latest_yearly": 3.4,
            "eps_growth_yearly": 662.03
        },
        "20032": {
            "year_quarter": 20032,
            "year": 2003,
            "quarter": 2,
            "eps": 1.78,
            "eps_growth_year": 128.21,
            "eps_4q": 3.34,
            "eps_4q_growth_year": -14.49,
            "roe": 7.25,
            "roe_4q": 13.99,
            "gross_profit": 175622,
            "gross_margin": 36.39,
            "gross_margin_4q_avg": 36.11,
            "net_income": 238294,
            "revenue": 482634,
            "common_shares": 1337383,
            "book_valuer_per_share": 25.16,
            "book_valuer_per_share_4q_avg": 23.72,
            "equity": 3365485,
            "current_ratio": 556.08,
            "debt_ratio": 26.5,
            "inventory_turnover_ratio": 1.56,
            "account_receivable_turnover_ratio": null,
            "reinvestment_rate": 65.4,
            "research_to_sale_ratio": null,
            "price_fair": 130.9,
            "eps_avg_yearly": 3.74,
            "eps_latest_yearly": 7.12,
            "eps_growth_yearly": 624.63
        },
        "20033": {
            "year_quarter": 20033,
            "year": 2003,
            "quarter": 3,
            "eps": 1.8,
            "eps_growth_year": 2471.43,
            "eps_4q": 4.62,
            "eps_4q_growth_year": 100.83,
            "roe": 8,
            "roe_4q": 21.68,
            "gross_profit": 188707,
            "gross_margin": 35.91,
            "gross_margin_4q_avg": 38.11,
            "net_income": 279371,
            "revenue": 525522,
            "common_shares": 1550990,
            "book_valuer_per_share": 23.32,
            "book_valuer_per_share_4q_avg": 23.91,
            "equity": 3616884,
            "current_ratio": 505.35,
            "debt_ratio": 25.61,
            "inventory_turnover_ratio": 1.76,
            "account_receivable_turnover_ratio": null,
            "reinvestment_rate": 44.19,
            "research_to_sale_ratio": null,
            "price_fair": 148.2,
            "eps_avg_yearly": 4.23,
            "eps_latest_yearly": 7.2,
            "eps_growth_yearly": 536.04
        },
        "20034": {
            "year_quarter": 20034,
            "year": 2003,
            "quarter": 4,
            "eps": 2.26,
            "eps_growth_year": 253.12,
            "eps_4q": 6.32,
            "eps_4q_growth_year": 160.22,
            "roe": 9.25,
            "roe_4q": 28.11,
            "gross_profit": 198619,
            "gross_margin": 36.77,
            "gross_margin_4q_avg": 36.71,
            "net_income": 351245,
            "revenue": 540128,
            "common_shares": 1550990,
            "book_valuer_per_share": 25.62,
            "book_valuer_per_share_4q_avg": 24.53,
            "equity": 3973647,
            "current_ratio": 332.72,
            "debt_ratio": 50.53,
            "inventory_turnover_ratio": 1.27,
            "account_receivable_turnover_ratio": null,
            "reinvestment_rate": 100.99,
            "research_to_sale_ratio": null,
            "price_fair": 169.23,
            "eps_avg_yearly": 4.84,
            "eps_latest_yearly": 9.04,
            "eps_growth_yearly": 481.82
        },
        "20041": {
            "year_quarter": 20041,
            "year": 2004,
            "quarter": 1,
            "eps": 2.32,
            "eps_growth_year": 172.94,
            "eps_4q": 7.91,
            "eps_4q_growth_year": 267.17,
            "roe": 8.73,
            "roe_4q": 33.230000000000004,
            "gross_profit": 152884,
            "gross_margin": 41.82,
            "gross_margin_4q_avg": 37.72,
            "net_income": 360300,
            "revenue": 365547,
            "common_shares": 1550990,
            "book_valuer_per_share": 27.57,
            "book_valuer_per_share_4q_avg": 25.42,
            "equity": 4276316,
            "current_ratio": 924.11,
            "debt_ratio": 40.21,
            "inventory_turnover_ratio": 0.78,
            "account_receivable_turnover_ratio": null,
            "reinvestment_rate": 29.45,
            "research_to_sale_ratio": null,
            "price_fair": 186.51,
            "eps_avg_yearly": 5.33,
            "eps_latest_yearly": 9.28,
            "eps_growth_yearly": 429.46
        },
        "20042": {
            "year_quarter": 20042,
            "year": 2004,
            "quarter": 2,
            "eps": 2.27,
            "eps_growth_year": 27.53,
            "eps_4q": 7.54,
            "eps_4q_growth_year": 125.46,
            "roe": 9.97,
            "roe_4q": 35.95,
            "gross_profit": 215164,
            "gross_margin": 49.77,
            "gross_margin_4q_avg": 41.07,
            "net_income": 426872,
            "revenue": 432288,
            "common_shares": 1550990,
            "book_valuer_per_share": 27.65,
            "book_valuer_per_share_4q_avg": 26.04,
            "equity": 4288534,
            "current_ratio": 338.31,
            "debt_ratio": 43.58,
            "inventory_turnover_ratio": 1.13,
            "account_receivable_turnover_ratio": null,
            "reinvestment_rate": 21.99,
            "research_to_sale_ratio": null,
            "price_fair": 199.64,
            "eps_avg_yearly": 5.7,
            "eps_latest_yearly": 9.08,
            "eps_growth_yearly": 385.65
        },
        "20043": {
            "year_quarter": 20043,
            "year": 2004,
            "quarter": 3,
            "eps": 2.74,
            "eps_growth_year": 52.22,
            "eps_4q": 8.8,
            "eps_4q_growth_year": 90.38,
            "roe": 11.29,
            "roe_4q": 39.239999999999995,
            "gross_profit": 130662,
            "gross_margin": 36.39,
            "gross_margin_4q_avg": 41.19,
            "net_income": 514544,
            "revenue": 359018,
            "common_shares": 1876588,
            "book_valuer_per_share": 25.71,
            "book_valuer_per_share_4q_avg": 26.64,
            "equity": 4824206,
            "current_ratio": 555.95,
            "debt_ratio": 36.88,
            "inventory_turnover_ratio": 1.26,
            "account_receivable_turnover_ratio": null,
            "reinvestment_rate": 16.39,
            "research_to_sale_ratio": null,
            "price_fair": 216.36,
            "eps_avg_yearly": 6.18,
            "eps_latest_yearly": 10.96,
            "eps_growth_yearly": 358.12
        },
        "20044": {
            "year_quarter": 20044,
            "year": 2004,
            "quarter": 4,
            "eps": 2.31,
            "eps_growth_year": 2.21,
            "eps_4q": 9.24,
            "eps_4q_growth_year": 46.16,
            "roe": 8.79,
            "roe_4q": 38.78,
            "gross_profit": 80209,
            "gross_margin": 23.99,
            "gross_margin_4q_avg": 37.99,
            "net_income": 433772,
            "revenue": 334325,
            "common_shares": 1881469,
            "book_valuer_per_share": 26.85,
            "book_valuer_per_share_4q_avg": 26.95,
            "equity": 5050825,
            "current_ratio": 136.71,
            "debt_ratio": 46.65,
            "inventory_turnover_ratio": 0.79,
            "account_receivable_turnover_ratio": null,
            "reinvestment_rate": 79.33,
            "research_to_sale_ratio": null,
            "price_fair": 225.28,
            "eps_avg_yearly": 6.44,
            "eps_latest_yearly": 9.24,
            "eps_growth_yearly": 323.05
        },
        "20051": {
            "year_quarter": 20051,
            "year": 2005,
            "quarter": 1,
            "eps": 3.35,
            "eps_growth_year": 44.4,
            "eps_4q": 10.67,
            "eps_4q_growth_year": 34.78,
            "roe": 11.67,
            "roe_4q": 41.72,
            "gross_profit": 89817,
            "gross_margin": 32.05,
            "gross_margin_4q_avg": 35.55,
            "net_income": 629551,
            "revenue": 280244,
            "common_shares": 1881469,
            "book_valuer_per_share": 30.5,
            "book_valuer_per_share_4q_avg": 27.68,
            "equity": 5739311,
            "current_ratio": 131.47,
            "debt_ratio": 31.01,
            "inventory_turnover_ratio": 0.66,
            "account_receivable_turnover_ratio": null,
            "reinvestment_rate": 3.64,
            "research_to_sale_ratio": null,
            "price_fair": 244.03,
            "eps_avg_yearly": 6.97,
            "eps_latest_yearly": 13.4,
            "eps_growth_yearly": 312.05
        },
        "20052": {
            "year_quarter": 20052,
            "year": 2005,
            "quarter": 2,
            "eps": 5.01,
            "eps_growth_year": 120.7,
            "eps_4q": 13.32,
            "eps_4q_growth_year": 76.69,
            "roe": 14.05,
            "roe_4q": 45.8,
            "gross_profit": 101127,
            "gross_margin": 34.3,
            "gross_margin_4q_avg": 31.68,
            "net_income": 951144,
            "revenue": 294835,
            "common_shares": 2019764,
            "book_valuer_per_share": 38.62,
            "book_valuer_per_share_4q_avg": 30.42,
            "equity": 7799348,
            "current_ratio": 257.71,
            "debt_ratio": 13.25,
            "inventory_turnover_ratio": 2.1,
            "account_receivable_turnover_ratio": null,
            "reinvestment_rate": 0.46,
            "research_to_sale_ratio": null,
            "price_fair": 276.7,
            "eps_avg_yearly": 7.91,
            "eps_latest_yearly": 20.04,
            "eps_growth_yearly": 303.92
        },
        "20053": {
            "year_quarter": 20053,
            "year": 2005,
            "quarter": 3,
            "eps": 3.91,
            "eps_growth_year": 42.7,
            "eps_4q": 11.38,
            "eps_4q_growth_year": 29.34,
            "roe": 12.2,
            "roe_4q": 46.71,
            "gross_profit": 60788,
            "gross_margin": 25.51,
            "gross_margin_4q_avg": 28.96,
            "net_income": 1053817,
            "revenue": 238248,
            "common_shares": 2821616,
            "book_valuer_per_share": 33.61,
            "book_valuer_per_share_4q_avg": 32.4,
            "equity": 9482638,
            "current_ratio": 379.84,
            "debt_ratio": 8.94,
            "inventory_turnover_ratio": 2.36,
            "account_receivable_turnover_ratio": null,
            "reinvestment_rate": -1.85,
            "research_to_sale_ratio": null,
            "price_fair": 294.75,
            "eps_avg_yearly": 8.42,
            "eps_latest_yearly": 15.64,
            "eps_growth_yearly": 277.8
        },
        "20054": {
            "year_quarter": 20054,
            "year": 2005,
            "quarter": 4,
            "eps": 4.27,
            "eps_growth_year": 84.85,
            "eps_4q": 13.94,
            "eps_4q_growth_year": 50.85,
            "roe": 11.41,
            "roe_4q": 49.33,
            "gross_profit": 68933,
            "gross_margin": 29.57,
            "gross_margin_4q_avg": 30.36,
            "net_income": 1163082,
            "revenue": 233117,
            "common_shares": 2837237,
            "book_valuer_per_share": 38.44,
            "book_valuer_per_share_4q_avg": 35.29,
            "equity": 10911179,
            "current_ratio": 410.01,
            "debt_ratio": 31.59,
            "inventory_turnover_ratio": 0.41,
            "account_receivable_turnover_ratio": null,
            "reinvestment_rate": 65.61,
            "research_to_sale_ratio": null,
            "price_fair": 313.69,
            "eps_avg_yearly": 8.96,
            "eps_latest_yearly": 17.08,
            "eps_growth_yearly": 262.74
        },
        "20061": {
            "year_quarter": 20061,
            "year": 2006,
            "quarter": 1,
            "eps": 4.4,
            "eps_growth_year": 31.34,
            "eps_4q": 15.34,
            "eps_4q_growth_year": 43.78,
            "roe": 10.16,
            "roe_4q": 47.81999999999999,
            "gross_profit": 127930,
            "gross_margin": 42.67,
            "gross_margin_4q_avg": 33.01,
            "net_income": 1274361,
            "revenue": 299834,
            "common_shares": 2936444,
            "book_valuer_per_share": 48.3,
            "book_valuer_per_share_4q_avg": 39.74,
            "equity": 14183282,
            "current_ratio": 989.17,
            "debt_ratio": 6.56,
            "inventory_turnover_ratio": 0.43,
            "account_receivable_turnover_ratio": null,
            "reinvestment_rate": -6.73,
            "research_to_sale_ratio": null,
            "price_fair": 339.15,
            "eps_avg_yearly": 9.69,
            "eps_latest_yearly": 17.6,
            "eps_growth_yearly": 233.72
        },
        "20062": {
            "year_quarter": 20062,
            "year": 2006,
            "quarter": 2,
            "eps": 4.93,
            "eps_growth_year": -1.6,
            "eps_4q": 16.91,
            "eps_4q_growth_year": 26.94,
            "roe": 9.76,
            "roe_4q": 43.53,
            "gross_profit": 100210,
            "gross_margin": 41.01,
            "gross_margin_4q_avg": 34.69,
            "net_income": 1436785,
            "revenue": 244344,
            "common_shares": 2946035,
            "book_valuer_per_share": 51.75,
            "book_valuer_per_share_4q_avg": 43.03,
            "equity": 15245257,
            "current_ratio": 336.33,
            "debt_ratio": 7.9,
            "inventory_turnover_ratio": 2.19,
            "account_receivable_turnover_ratio": null,
            "reinvestment_rate": -6,
            "research_to_sale_ratio": null,
            "price_fair": 375.46,
            "eps_avg_yearly": 10.73,
            "eps_latest_yearly": 19.72,
            "eps_growth_yearly": 248.65
        },
        "20063": {
            "year_quarter": 20063,
            "year": 2006,
            "quarter": 3,
            "eps": 3.79,
            "eps_growth_year": -3.07,
            "eps_4q": 13.2,
            "eps_4q_growth_year": 15.92,
            "roe": 9.63,
            "roe_4q": 40.96,
            "gross_profit": 1814314,
            "gross_margin": 47.88,
            "gross_margin_4q_avg": 40.28,
            "net_income": 1560120,
            "revenue": 3789499,
            "common_shares": 4140765,
            "book_valuer_per_share": 41.43,
            "book_valuer_per_share_4q_avg": 44.98,
            "equity": 17172059,
            "current_ratio": 260.72,
            "debt_ratio": 22.63,
            "inventory_turnover_ratio": 3.3,
            "account_receivable_turnover_ratio": null,
            "reinvestment_rate": 65.33,
            "research_to_sale_ratio": null,
            "price_fair": 408.01,
            "eps_avg_yearly": 11.66,
            "eps_latest_yearly": 15.16,
            "eps_growth_yearly": 265.62
        },
        "20064": {
            "year_quarter": 20064,
            "year": 2006,
            "quarter": 4,
            "eps": 5.32,
            "eps_growth_year": 24.59,
            "eps_4q": 15.64,
            "eps_4q_growth_year": 12.17,
            "roe": 12.06,
            "roe_4q": 41.61,
            "gross_profit": 2660832,
            "gross_margin": 55.57,
            "gross_margin_4q_avg": 46.78,
            "net_income": 2197970,
            "revenue": 4788204,
            "common_shares": 4141475,
            "book_valuer_per_share": 46.52,
            "book_valuer_per_share_4q_avg": 47,
            "equity": 19287840,
            "current_ratio": 262.47,
            "debt_ratio": 23.12,
            "inventory_turnover_ratio": 1.82,
            "account_receivable_turnover_ratio": null,
            "reinvestment_rate": 58.09,
            "research_to_sale_ratio": null,
            "price_fair": 448.96,
            "eps_avg_yearly": 12.83,
            "eps_latest_yearly": 21.28,
            "eps_growth_yearly": 72.14
        },
        "20071": {
            "year_quarter": 20071,
            "year": 2007,
            "quarter": 1,
            "eps": 4.23,
            "eps_growth_year": -3.86,
            "eps_4q": 16.75,
            "eps_4q_growth_year": 9.2,
            "roe": 8.62,
            "roe_4q": 40.07,
            "gross_profit": 79188,
            "gross_margin": 19.64,
            "gross_margin_4q_avg": 41.03,
            "net_income": 1752441,
            "revenue": 403226,
            "common_shares": 4141475,
            "book_valuer_per_share": 51.6,
            "book_valuer_per_share_4q_avg": 47.83,
            "equity": 21370413,
            "current_ratio": 391.66,
            "debt_ratio": 4.67,
            "inventory_turnover_ratio": 0.49,
            "account_receivable_turnover_ratio": null,
            "reinvestment_rate": -1.8,
            "research_to_sale_ratio": null,
            "price_fair": 478.54,
            "eps_avg_yearly": 13.67,
            "eps_latest_yearly": 16.92,
            "eps_growth_yearly": 58.82
        },
        "20072": {
            "year_quarter": 20072,
            "year": 2007,
            "quarter": 2,
            "eps": 2.9,
            "eps_growth_year": -41.18,
            "eps_4q": 16.17,
            "eps_4q_growth_year": -4.4,
            "roe": 5.63,
            "roe_4q": 35.940000000000005,
            "gross_profit": 166962,
            "gross_margin": 24.5,
            "gross_margin_4q_avg": 36.9,
            "net_income": 1202841,
            "revenue": 681509,
            "common_shares": 4141475,
            "book_valuer_per_share": 51.66,
            "book_valuer_per_share_4q_avg": 47.8,
            "equity": 21393101,
            "current_ratio": 153.33,
            "debt_ratio": 11.12,
            "inventory_turnover_ratio": 6.22,
            "account_receivable_turnover_ratio": null,
            "reinvestment_rate": -1.37,
            "research_to_sale_ratio": null,
            "price_fair": 468.87,
            "eps_avg_yearly": 13.95,
            "eps_latest_yearly": 11.6,
            "eps_growth_yearly": 23.61
        },
        "20073": {
            "year_quarter": 20073,
            "year": 2007,
            "quarter": 3,
            "eps": 3.73,
            "eps_growth_year": -1.58,
            "eps_4q": 13.18,
            "eps_4q_growth_year": -0.12,
            "roe": 9.03,
            "roe_4q": 35.34,
            "gross_profit": 2316270,
            "gross_margin": 45.33,
            "gross_margin_4q_avg": 36.26,
            "net_income": 2028217,
            "revenue": 5110223,
            "common_shares": 5415917,
            "book_valuer_per_share": 43.27,
            "book_valuer_per_share_4q_avg": 48.26,
            "equity": 23519122,
            "current_ratio": 247.85,
            "debt_ratio": 23.32,
            "inventory_turnover_ratio": 2.92,
            "account_receivable_turnover_ratio": null,
            "reinvestment_rate": 64.25,
            "research_to_sale_ratio": null,
            "price_fair": 505.23,
            "eps_avg_yearly": 14.44,
            "eps_latest_yearly": 14.92,
            "eps_growth_yearly": 30.48
        },
        "20074": {
            "year_quarter": 20074,
            "year": 2007,
            "quarter": 4,
            "eps": 4.1,
            "eps_growth_year": -22.93,
            "eps_4q": 13.26,
            "eps_4q_growth_year": -15.2,
            "roe": 9,
            "roe_4q": 32.28,
            "gross_profit": 2570258,
            "gross_margin": 46.81,
            "gross_margin_4q_avg": 34.07,
            "net_income": 2224918,
            "revenue": 5490963,
            "common_shares": 5415917,
            "book_valuer_per_share": 47.73,
            "book_valuer_per_share_4q_avg": 48.57,
            "equity": 25932083,
            "current_ratio": 200.99,
            "debt_ratio": 29.01,
            "inventory_turnover_ratio": 1.39,
            "account_receivable_turnover_ratio": null,
            "reinvestment_rate": 60.6,
            "research_to_sale_ratio": null,
            "price_fair": 521.33,
            "eps_avg_yearly": 14.9,
            "eps_latest_yearly": 16.4,
            "eps_growth_yearly": 26.57
        },
        "20081": {
            "year_quarter": 20081,
            "year": 2008,
            "quarter": 1,
            "eps": 1.59,
            "eps_growth_year": -62.41,
            "eps_4q": 11.65,
            "eps_4q_growth_year": -30.45,
            "roe": 3.32,
            "roe_4q": 26.98,
            "gross_profit": 1355296,
            "gross_margin": 33.65,
            "gross_margin_4q_avg": 37.57,
            "net_income": 860294,
            "revenue": 4027775,
            "common_shares": 5415917,
            "book_valuer_per_share": 47.52,
            "book_valuer_per_share_4q_avg": 47.55,
            "equity": 25818630,
            "current_ratio": 209.84,
            "debt_ratio": 25.81,
            "inventory_turnover_ratio": 1.16,
            "account_receivable_turnover_ratio": null,
            "reinvestment_rate": 69.1,
            "research_to_sale_ratio": null,
            "price_fair": 303.1,
            "eps_avg_yearly": 14.71,
            "eps_latest_yearly": 6.36,
            "eps_growth_yearly": 10.6
        },
        "20082": {
            "year_quarter": 20082,
            "year": 2008,
            "quarter": 2,
            "eps": 1.67,
            "eps_growth_year": -42.41,
            "eps_4q": 11.03,
            "eps_4q_growth_year": -31.74,
            "roe": 3.59,
            "roe_4q": 24.939999999999998,
            "gross_profit": 1919184,
            "gross_margin": 44.53,
            "gross_margin_4q_avg": 42.58,
            "net_income": 908689,
            "revenue": 4309435,
            "common_shares": 5415917,
            "book_valuer_per_share": 45.66,
            "book_valuer_per_share_4q_avg": 46.05,
            "equity": 24813390,
            "current_ratio": 144.2,
            "debt_ratio": 37.95,
            "inventory_turnover_ratio": 1.03,
            "account_receivable_turnover_ratio": null,
            "reinvestment_rate": 77.87,
            "research_to_sale_ratio": null,
            "price_fair": 326.18,
            "eps_avg_yearly": 14.56,
            "eps_latest_yearly": 6.68,
            "eps_growth_yearly": 12.4
        },
        "20083": {
            "year_quarter": 20083,
            "year": 2008,
            "quarter": 3,
            "eps": 2.34,
            "eps_growth_year": -37.27,
            "eps_4q": 8.96,
            "eps_4q_growth_year": -32.04,
            "roe": 5.34,
            "roe_4q": 21.25,
            "gross_profit": 2116355,
            "gross_margin": 42.18,
            "gross_margin_4q_avg": 41.79,
            "net_income": 1406445,
            "revenue": 5017504,
            "common_shares": 5415917,
            "book_valuer_per_share": 51.21,
            "book_valuer_per_share_4q_avg": 48.03,
            "equity": 27831834,
            "current_ratio": 155.78,
            "debt_ratio": 37.4,
            "inventory_turnover_ratio": 1.12,
            "account_receivable_turnover_ratio": null,
            "reinvestment_rate": 84.89,
            "research_to_sale_ratio": null,
            "price_fair": 394.13,
            "eps_avg_yearly": 14.46,
            "eps_latest_yearly": 9.36,
            "eps_growth_yearly": 17.25
        },
        "20084": {
            "year_quarter": 20084,
            "year": 2008,
            "quarter": 4,
            "eps": 1.97,
            "eps_growth_year": -51.95,
            "eps_4q": 7.22,
            "eps_4q_growth_year": -45.55,
            "roe": 4.13,
            "roe_4q": 16.38,
            "gross_profit": 2211572,
            "gross_margin": 38.84,
            "gross_margin_4q_avg": 39.8,
            "net_income": 1185815,
            "revenue": 5693791,
            "common_shares": 5997159,
            "book_valuer_per_share": 49.11,
            "book_valuer_per_share_4q_avg": 48.38,
            "equity": 29552999,
            "current_ratio": 208.84,
            "debt_ratio": 33.78,
            "inventory_turnover_ratio": 1.21,
            "account_receivable_turnover_ratio": 1.4,
            "reinvestment_rate": 74.33,
            "research_to_sale_ratio": null,
            "price_fair": 391.39,
            "eps_avg_yearly": 14.38,
            "eps_latest_yearly": 7.88,
            "eps_growth_yearly": 17.22
        },
        "20091": {
            "year_quarter": 20091,
            "year": 2009,
            "quarter": 1,
            "eps": 1.1,
            "eps_growth_year": -30.82,
            "eps_4q": 6.9,
            "eps_4q_growth_year": -40.78,
            "roe": 2.18,
            "roe_4q": 15.24,
            "gross_profit": 1189568,
            "gross_margin": 30.25,
            "gross_margin_4q_avg": 38.95,
            "net_income": 661486,
            "revenue": 3932589,
            "common_shares": 5997159,
            "book_valuer_per_share": 51.81,
            "book_valuer_per_share_4q_avg": 49.45,
            "equity": 31173106,
            "current_ratio": 200.49,
            "debt_ratio": 32.73,
            "inventory_turnover_ratio": 0.96,
            "account_receivable_turnover_ratio": 0.55,
            "reinvestment_rate": 86.26,
            "research_to_sale_ratio": null,
            "price_fair": 41.45,
            "eps_avg_yearly": 13.82,
            "eps_latest_yearly": 4.4,
            "eps_growth_yearly": -5.07
        },
        "20092": {
            "year_quarter": 20092,
            "year": 2009,
            "quarter": 2,
            "eps": 1.21,
            "eps_growth_year": -27.54,
            "eps_4q": 6.58,
            "eps_4q_growth_year": -40.35,
            "roe": 2.36,
            "roe_4q": 14.01,
            "gross_profit": 1555418,
            "gross_margin": 36.08,
            "gross_margin_4q_avg": 36.84,
            "net_income": 729427,
            "revenue": 4311390,
            "common_shares": 5997159,
            "book_valuer_per_share": 50.94,
            "book_valuer_per_share_4q_avg": 50.77,
            "equity": 30655198,
            "current_ratio": 213.67,
            "debt_ratio": 31.45,
            "inventory_turnover_ratio": 1.07,
            "account_receivable_turnover_ratio": 0.69,
            "reinvestment_rate": 83.35,
            "research_to_sale_ratio": null,
            "price_fair": 38.6,
            "eps_avg_yearly": 12.87,
            "eps_latest_yearly": 4.84,
            "eps_growth_yearly": -14.96
        },
        "20093": {
            "year_quarter": 20093,
            "year": 2009,
            "quarter": 3,
            "eps": 1.5,
            "eps_growth_year": -35.9,
            "eps_4q": 5.35,
            "eps_4q_growth_year": -40.32,
            "roe": 3.24,
            "roe_4q": 11.91,
            "gross_profit": 1756273,
            "gross_margin": 39.06,
            "gross_margin_4q_avg": 36.06,
            "net_income": 998853,
            "revenue": 4496014,
            "common_shares": 6649085,
            "book_valuer_per_share": 46.5,
            "book_valuer_per_share_4q_avg": 49.59,
            "equity": 31031896,
            "current_ratio": 214.01,
            "debt_ratio": 32.56,
            "inventory_turnover_ratio": 1.11,
            "account_receivable_turnover_ratio": 0.73,
            "reinvestment_rate": 79.03,
            "research_to_sale_ratio": null,
            "price_fair": 36.79,
            "eps_avg_yearly": 12.26,
            "eps_latest_yearly": 6,
            "eps_growth_yearly": -3.48
        },
        "20094": {
            "year_quarter": 20094,
            "year": 2009,
            "quarter": 4,
            "eps": 1.42,
            "eps_growth_year": -27.92,
            "eps_4q": 4.99,
            "eps_4q_growth_year": -30.85,
            "roe": 2.98,
            "roe_4q": 10.76,
            "gross_profit": 1503268,
            "gross_margin": 35.39,
            "gross_margin_4q_avg": 35.2,
            "net_income": 941491,
            "revenue": 4248023,
            "common_shares": 6649085,
            "book_valuer_per_share": 48.06,
            "book_valuer_per_share_4q_avg": 49.33,
            "equity": 32067155,
            "current_ratio": 237.34,
            "debt_ratio": 40.49,
            "inventory_turnover_ratio": 1.15,
            "account_receivable_turnover_ratio": 1.36,
            "reinvestment_rate": 60.27,
            "research_to_sale_ratio": null,
            "price_fair": 34.65,
            "eps_avg_yearly": 11.55,
            "eps_latest_yearly": 5.68,
            "eps_growth_yearly": -7.12
        },
        "20101": {
            "year_quarter": 20101,
            "year": 2010,
            "quarter": 1,
            "eps": 0.85,
            "eps_growth_year": -22.73,
            "eps_4q": 4.85,
            "eps_4q_growth_year": -29.66,
            "roe": 1.76,
            "roe_4q": 10.34,
            "gross_profit": 1174214,
            "gross_margin": 32.93,
            "gross_margin_4q_avg": 35.87,
            "net_income": 568693,
            "revenue": 3565485,
            "common_shares": 6649085,
            "book_valuer_per_share": 48.63,
            "book_valuer_per_share_4q_avg": 48.53,
            "equity": 32472347,
            "current_ratio": 227.5,
            "debt_ratio": 39.1,
            "inventory_turnover_ratio": 1.08,
            "account_receivable_turnover_ratio": 0.61,
            "reinvestment_rate": 87.91,
            "research_to_sale_ratio": 5.34,
            "price_fair": 31.99,
            "eps_avg_yearly": 10.66,
            "eps_latest_yearly": 3.4,
            "eps_growth_yearly": -17.91
        },
        "20102": {
            "year_quarter": 20102,
            "year": 2010,
            "quarter": 2,
            "eps": 1.26,
            "eps_growth_year": 4.36,
            "eps_4q": 5.03,
            "eps_4q_growth_year": -23.64,
            "roe": 2.59,
            "roe_4q": 10.57,
            "gross_profit": 1746575,
            "gross_margin": 33.1,
            "gross_margin_4q_avg": 35.12,
            "net_income": 842144,
            "revenue": 5276418,
            "common_shares": 6649085,
            "book_valuer_per_share": 48.69,
            "book_valuer_per_share_4q_avg": 47.97,
            "equity": 32529898,
            "current_ratio": 178.37,
            "debt_ratio": 43.66,
            "inventory_turnover_ratio": 1.49,
            "account_receivable_turnover_ratio": 0.76,
            "reinvestment_rate": 98.42,
            "research_to_sale_ratio": 3.85,
            "price_fair": 29.24,
            "eps_avg_yearly": 9.75,
            "eps_latest_yearly": 5.04,
            "eps_growth_yearly": -8.86
        },
        "20103": {
            "year_quarter": 20103,
            "year": 2010,
            "quarter": 3,
            "eps": 1.59,
            "eps_growth_year": 5.72,
            "eps_4q": 5.12,
            "eps_4q_growth_year": -4.24,
            "roe": 3.24,
            "roe_4q": 10.57,
            "gross_profit": 1963599,
            "gross_margin": 33.92,
            "gross_margin_4q_avg": 33.84,
            "net_income": 1061486,
            "revenue": 5789282,
            "common_shares": 6649085,
            "book_valuer_per_share": 49.35,
            "book_valuer_per_share_4q_avg": 48.68,
            "equity": 32969230,
            "current_ratio": 180.35,
            "debt_ratio": 44.02,
            "inventory_turnover_ratio": 1.5,
            "account_receivable_turnover_ratio": 0.7,
            "reinvestment_rate": 66.43,
            "research_to_sale_ratio": 2.62,
            "price_fair": 123.8,
            "eps_avg_yearly": 9.2,
            "eps_latest_yearly": 6.36,
            "eps_growth_yearly": 3.46
        },
        "20104": {
            "year_quarter": 20104,
            "year": 2010,
            "quarter": 4,
            "eps": 2.96,
            "eps_growth_year": 108.56,
            "eps_4q": 6.66,
            "eps_4q_growth_year": 33.43,
            "roe": 6,
            "roe_4q": 13.59,
            "gross_profit": 2868375,
            "gross_margin": 39.76,
            "gross_margin_4q_avg": 34.93,
            "net_income": 1974874,
            "revenue": 7213453,
            "common_shares": 6649085,
            "book_valuer_per_share": 49.14,
            "book_valuer_per_share_4q_avg": 48.95,
            "equity": 32853877,
            "current_ratio": 179.98,
            "debt_ratio": 43.45,
            "inventory_turnover_ratio": 1.85,
            "account_receivable_turnover_ratio": 0.82,
            "reinvestment_rate": 64.25,
            "research_to_sale_ratio": 2.16,
            "price_fair": 214.37,
            "eps_avg_yearly": 8.61,
            "eps_latest_yearly": 11.84,
            "eps_growth_yearly": 14.91
        },
        "20111": {
            "year_quarter": 20111,
            "year": 2011,
            "quarter": 1,
            "eps": 2.86,
            "eps_growth_year": 236.47,
            "eps_4q": 8.41,
            "eps_4q_growth_year": 73.34,
            "roe": 5.54,
            "roe_4q": 17.369999999999997,
            "gross_profit": 2839179,
            "gross_margin": 40.01,
            "gross_margin_4q_avg": 36.7,
            "net_income": 1915112,
            "revenue": 7096108,
            "common_shares": 6739788,
            "book_valuer_per_share": 53.41,
            "book_valuer_per_share_4q_avg": 50.15,
            "equity": 36244827,
            "current_ratio": 150.38,
            "debt_ratio": 41.31,
            "inventory_turnover_ratio": 2.09,
            "account_receivable_turnover_ratio": 0.73,
            "reinvestment_rate": 114.93,
            "research_to_sale_ratio": 2.64,
            "price_fair": 241.18,
            "eps_avg_yearly": 8.26,
            "eps_latest_yearly": 11.44,
            "eps_growth_yearly": 19.19
        },
        "20112": {
            "year_quarter": 20112,
            "year": 2011,
            "quarter": 2,
            "eps": 3.21,
            "eps_growth_year": 154.38,
            "eps_4q": 9.89,
            "eps_4q_growth_year": 96.74,
            "roe": 5.91,
            "roe_4q": 20.689999999999998,
            "gross_profit": 4186940,
            "gross_margin": 47.06,
            "gross_margin_4q_avg": 40.19,
            "net_income": 2382586,
            "revenue": 8897282,
            "common_shares": 7334229,
            "book_valuer_per_share": 60.13,
            "book_valuer_per_share_4q_avg": 53.01,
            "equity": 44322793,
            "current_ratio": 203.11,
            "debt_ratio": 41.58,
            "inventory_turnover_ratio": 2.31,
            "account_receivable_turnover_ratio": 0.81,
            "reinvestment_rate": 119.34,
            "research_to_sale_ratio": 2.26,
            "price_fair": 291.9,
            "eps_avg_yearly": 8.34,
            "eps_latest_yearly": 12.84,
            "eps_growth_yearly": 30.11
        },
        "20113": {
            "year_quarter": 20113,
            "year": 2011,
            "quarter": 3,
            "eps": 4.92,
            "eps_growth_year": 210.31,
            "eps_4q": 13.25,
            "eps_4q_growth_year": 158.9,
            "roe": 7.58,
            "roe_4q": 25.03,
            "gross_profit": 5629160,
            "gross_margin": 52.25,
            "gross_margin_4q_avg": 44.77,
            "net_income": 3702410,
            "revenue": 10772973,
            "common_shares": 7504259,
            "book_valuer_per_share": 70.83,
            "book_valuer_per_share_4q_avg": 58.38,
            "equity": 53367468,
            "current_ratio": 203.47,
            "debt_ratio": 40.95,
            "inventory_turnover_ratio": 2.25,
            "account_receivable_turnover_ratio": 0.77,
            "reinvestment_rate": 75.33,
            "research_to_sale_ratio": 1.9,
            "price_fair": 302.31,
            "eps_avg_yearly": 8.64,
            "eps_latest_yearly": 19.68,
            "eps_growth_yearly": 36.27
        },
        "20114": {
            "year_quarter": 20114,
            "year": 2011,
            "quarter": 4,
            "eps": 3.6,
            "eps_growth_year": 21.42,
            "eps_4q": 14.22,
            "eps_4q_growth_year": 113.5,
            "roe": 4.87,
            "roe_4q": 23.9,
            "gross_profit": 4235547,
            "gross_margin": 46.3,
            "gross_margin_4q_avg": 46.41,
            "net_income": 2664676,
            "revenue": 9147479,
            "common_shares": 7506394,
            "book_valuer_per_share": 74.35,
            "book_valuer_per_share_4q_avg": 64.68,
            "equity": 56004835,
            "current_ratio": 225.21,
            "debt_ratio": 37.27,
            "inventory_turnover_ratio": 1.98,
            "account_receivable_turnover_ratio": 0.63,
            "reinvestment_rate": 68.29,
            "research_to_sale_ratio": 2.05,
            "price_fair": 297.94,
            "eps_avg_yearly": 8.51,
            "eps_latest_yearly": 14.4,
            "eps_growth_yearly": 27.09
        },
        "20121": {
            "year_quarter": 20121,
            "year": 2012,
            "quarter": 1,
            "eps": 3.72,
            "eps_growth_year": 30.07,
            "eps_4q": 15.4,
            "eps_4q_growth_year": 83.06,
            "roe": 4.91,
            "roe_4q": 23.27,
            "gross_profit": 3562351,
            "gross_margin": 41.16,
            "gross_margin_4q_avg": 46.69,
            "net_income": 2792533,
            "revenue": 8655870,
            "common_shares": 7506963,
            "book_valuer_per_share": 76.53,
            "book_valuer_per_share_4q_avg": 70.46,
            "equity": 57638006,
            "current_ratio": 230.27,
            "debt_ratio": 36.05,
            "inventory_turnover_ratio": 1.99,
            "account_receivable_turnover_ratio": 0.75,
            "reinvestment_rate": 62.21,
            "research_to_sale_ratio": 2.21,
            "price_fair": 316.58,
            "eps_avg_yearly": 9.05,
            "eps_latest_yearly": 14.88,
            "eps_growth_yearly": 43.22
        },
        "20122": {
            "year_quarter": 20122,
            "year": 2012,
            "quarter": 2,
            "eps": 2.03,
            "eps_growth_year": -36.86,
            "eps_4q": 14.26,
            "eps_4q_growth_year": 44.24,
            "roe": 2.69,
            "roe_4q": 20.049999999999997,
            "gross_profit": 4360532,
            "gross_margin": 45.21,
            "gross_margin_4q_avg": 46.23,
            "net_income": 1526790,
            "revenue": 9645904,
            "common_shares": 7507031,
            "book_valuer_per_share": 74.17,
            "book_valuer_per_share_4q_avg": 73.97,
            "equity": 55876548,
            "current_ratio": 174.12,
            "debt_ratio": 40.91,
            "inventory_turnover_ratio": 2.08,
            "account_receivable_turnover_ratio": 0.81,
            "reinvestment_rate": 58.66,
            "research_to_sale_ratio": 2.18,
            "price_fair": 319.73,
            "eps_avg_yearly": 9.14,
            "eps_latest_yearly": 8.12,
            "eps_growth_yearly": 30.61
        },
        "20123": {
            "year_quarter": 20123,
            "year": 2012,
            "quarter": 3,
            "eps": 2.64,
            "eps_growth_year": -46.39,
            "eps_4q": 11.98,
            "eps_4q_growth_year": -9.6,
            "roe": 3.53,
            "roe_4q": 16,
            "gross_profit": 3704398,
            "gross_margin": 42.02,
            "gross_margin_4q_avg": 43.67,
            "net_income": 1987693,
            "revenue": 8815275,
            "common_shares": 7507031,
            "book_valuer_per_share": 75.37,
            "book_valuer_per_share_4q_avg": 75.11,
            "equity": 56754564,
            "current_ratio": 170.89,
            "debt_ratio": 41.94,
            "inventory_turnover_ratio": 2.12,
            "account_receivable_turnover_ratio": 0.65,
            "reinvestment_rate": 51.3,
            "research_to_sale_ratio": 2.39,
            "price_fair": 322.35,
            "eps_avg_yearly": 9.21,
            "eps_latest_yearly": 10.56,
            "eps_growth_yearly": 28.09
        },
        "20124": {
            "year_quarter": 20124,
            "year": 2012,
            "quarter": 4,
            "eps": 6.12,
            "eps_growth_year": 70.24,
            "eps_4q": 14.51,
            "eps_4q_growth_year": 1.99,
            "roe": 7.8,
            "roe_4q": 18.93,
            "gross_profit": 4411744,
            "gross_margin": 44.51,
            "gross_margin_4q_avg": 43.23,
            "net_income": 4602027,
            "revenue": 9911749,
            "common_shares": 7507031,
            "book_valuer_per_share": 81.3,
            "book_valuer_per_share_4q_avg": 76.84,
            "equity": 61210115,
            "current_ratio": 181.36,
            "debt_ratio": 39.35,
            "inventory_turnover_ratio": 2.3,
            "account_receivable_turnover_ratio": 0.69,
            "reinvestment_rate": 43.74,
            "research_to_sale_ratio": 3.3,
            "price_fair": 358.66,
            "eps_avg_yearly": 10.25,
            "eps_latest_yearly": 24.48,
            "eps_growth_yearly": 65
        },
        "20131": {
            "year_quarter": 20131,
            "year": 2013,
            "quarter": 1,
            "eps": 5.22,
            "eps_growth_year": 40.32,
            "eps_4q": 16.01,
            "eps_4q_growth_year": 4,
            "roe": 6.12,
            "roe_4q": 20.14,
            "gross_profit": 3851977,
            "gross_margin": 41.72,
            "gross_margin_4q_avg": 43.37,
            "net_income": 3925731,
            "revenue": 9232427,
            "common_shares": 7507031,
            "book_valuer_per_share": 89.23,
            "book_valuer_per_share_4q_avg": 80.02,
            "equity": 67139163,
            "current_ratio": 183.49,
            "debt_ratio": 39.2,
            "inventory_turnover_ratio": 2.02,
            "account_receivable_turnover_ratio": 0.6,
            "reinvestment_rate": 41.28,
            "research_to_sale_ratio": 2.13,
            "price_fair": 394.71,
            "eps_avg_yearly": 11.28,
            "eps_latest_yearly": 20.88,
            "eps_growth_yearly": 72.36
        },
        "20132": {
            "year_quarter": 20132,
            "year": 2013,
            "quarter": 2,
            "eps": 4.84,
            "eps_growth_year": 138.66,
            "eps_4q": 18.83,
            "eps_4q_growth_year": 32.02,
            "roe": 5.42,
            "roe_4q": 22.87,
            "gross_profit": 4652235,
            "gross_margin": 44.48,
            "gross_margin_4q_avg": 43.18,
            "net_income": 3641144,
            "revenue": 10459627,
            "common_shares": 7507031,
            "book_valuer_per_share": 89.39,
            "book_valuer_per_share_4q_avg": 83.82,
            "equity": 67270046,
            "current_ratio": 187.45,
            "debt_ratio": 32.56,
            "inventory_turnover_ratio": 1.85,
            "account_receivable_turnover_ratio": 0.64,
            "reinvestment_rate": 44.14,
            "research_to_sale_ratio": 2.4,
            "price_fair": 426.48,
            "eps_avg_yearly": 12.19,
            "eps_latest_yearly": 19.36,
            "eps_growth_yearly": 68.04
        },
        "20133": {
            "year_quarter": 20133,
            "year": 2013,
            "quarter": 3,
            "eps": 3.69,
            "eps_growth_year": 39.86,
            "eps_4q": 19.88,
            "eps_4q_growth_year": 65.95,
            "roe": 4.07,
            "roe_4q": 23.41,
            "gross_profit": 4348333,
            "gross_margin": 41.66,
            "gross_margin_4q_avg": 43.09,
            "net_income": 2776235,
            "revenue": 10438226,
            "common_shares": 7507031,
            "book_valuer_per_share": 92.08,
            "book_valuer_per_share_4q_avg": 88,
            "equity": 69289734,
            "current_ratio": 197.6,
            "debt_ratio": 30.44,
            "inventory_turnover_ratio": 1.67,
            "account_receivable_turnover_ratio": 0.63,
            "reinvestment_rate": 49.32,
            "research_to_sale_ratio": 1.87,
            "price_fair": 445.64,
            "eps_avg_yearly": 12.73,
            "eps_latest_yearly": 14.76,
            "eps_growth_yearly": 56.11
        },
        "20134": {
            "year_quarter": 20134,
            "year": 2013,
            "quarter": 4,
            "eps": 4.62,
            "eps_growth_year": -24.45,
            "eps_4q": 18.38,
            "eps_4q_growth_year": 26.73,
            "roe": 4.86,
            "roe_4q": 20.47,
            "gross_profit": 5468181,
            "gross_margin": 41.69,
            "gross_margin_4q_avg": 42.39,
            "net_income": 3474010,
            "revenue": 13115270,
            "common_shares": 7507031,
            "book_valuer_per_share": 97.92,
            "book_valuer_per_share_4q_avg": 92.16,
            "equity": 73680106,
            "current_ratio": 206.96,
            "debt_ratio": 30.08,
            "inventory_turnover_ratio": 1.97,
            "account_receivable_turnover_ratio": 0.77,
            "reinvestment_rate": 44.72,
            "research_to_sale_ratio": 1.53,
            "price_fair": 473.64,
            "eps_avg_yearly": 13.53,
            "eps_latest_yearly": 18.48,
            "eps_growth_yearly": 63.74
        },
        "20141": {
            "year_quarter": 20141,
            "year": 2014,
            "quarter": 1,
            "eps": 3.97,
            "eps_growth_year": -23.95,
            "eps_4q": 17.1,
            "eps_4q_growth_year": 6.79,
            "roe": 3.94,
            "roe_4q": 18.29,
            "gross_profit": 4303379,
            "gross_margin": 41.32,
            "gross_margin_4q_avg": 42.29,
            "net_income": 2986804,
            "revenue": 10415869,
            "common_shares": 7516340,
            "book_valuer_per_share": 103.43,
            "book_valuer_per_share_4q_avg": 95.71,
            "equity": 77923638,
            "current_ratio": 238.74,
            "debt_ratio": 25.68,
            "inventory_turnover_ratio": 1.56,
            "account_receivable_turnover_ratio": 0.63,
            "reinvestment_rate": 42.18,
            "research_to_sale_ratio": 1.75,
            "price_fair": 500.94,
            "eps_avg_yearly": 14.31,
            "eps_latest_yearly": 15.88,
            "eps_growth_yearly": 70.26
        },
        "20142": {
            "year_quarter": 20142,
            "year": 2014,
            "quarter": 2,
            "eps": 4.84,
            "eps_growth_year": 0,
            "eps_4q": 16.88,
            "eps_4q_growth_year": -10.36,
            "roe": 4.68,
            "roe_4q": 17.55,
            "gross_profit": 6556751,
            "gross_margin": 49.23,
            "gross_margin_4q_avg": 43.48,
            "net_income": 3645992,
            "revenue": 13319014,
            "common_shares": 7603795,
            "book_valuer_per_share": 102.22,
            "book_valuer_per_share_4q_avg": 98.91,
            "equity": 77914719,
            "current_ratio": 248.93,
            "debt_ratio": 25.88,
            "inventory_turnover_ratio": 1.74,
            "account_receivable_turnover_ratio": 0.79,
            "reinvestment_rate": 33.14,
            "research_to_sale_ratio": 2.14,
            "price_fair": 532.26,
            "eps_avg_yearly": 15.21,
            "eps_latest_yearly": 19.36,
            "eps_growth_yearly": 63.68
        },
        "20143": {
            "year_quarter": 20143,
            "year": 2014,
            "quarter": 3,
            "eps": 6.36,
            "eps_growth_year": 72.36,
            "eps_4q": 19.42,
            "eps_4q_growth_year": -2.31,
            "roe": 5.89,
            "roe_4q": 19.37,
            "gross_profit": 7094315,
            "gross_margin": 48.83,
            "gross_margin_4q_avg": 45.27,
            "net_income": 4812180,
            "revenue": 14528751,
            "common_shares": 7674077,
            "book_valuer_per_share": 111.06,
            "book_valuer_per_share_4q_avg": 103.66,
            "equity": 85410097,
            "current_ratio": 262.6,
            "debt_ratio": 28.09,
            "inventory_turnover_ratio": 1.89,
            "account_receivable_turnover_ratio": 0.83,
            "reinvestment_rate": 31.35,
            "research_to_sale_ratio": 1.94,
            "price_fair": 574,
            "eps_avg_yearly": 16.4,
            "eps_latest_yearly": 25.44,
            "eps_growth_yearly": 64.99
        },
        "20144": {
            "year_quarter": 20144,
            "year": 2014,
            "quarter": 4,
            "eps": 8.36,
            "eps_growth_year": 80.7,
            "eps_4q": 23.21,
            "eps_4q_growth_year": 26.22,
            "roe": 7.1,
            "roe_4q": 21.61,
            "gross_profit": 8146903,
            "gross_margin": 47.88,
            "gross_margin_4q_avg": 46.82,
            "net_income": 6442781,
            "revenue": 17013731,
            "common_shares": 7703911,
            "book_valuer_per_share": 124.48,
            "book_valuer_per_share_4q_avg": 110.3,
            "equity": 96089159,
            "current_ratio": 248.22,
            "debt_ratio": 29.84,
            "inventory_turnover_ratio": 1.83,
            "account_receivable_turnover_ratio": 0.9,
            "reinvestment_rate": 46.81,
            "research_to_sale_ratio": 1.83,
            "price_fair": 621.25,
            "eps_avg_yearly": 17.75,
            "eps_latest_yearly": 33.44,
            "eps_growth_yearly": 51.31
        },
        "20151": {
            "year_quarter": 20151,
            "year": 2015,
            "quarter": 1,
            "eps": 6.04,
            "eps_growth_year": 52.14,
            "eps_4q": 25.37,
            "eps_4q_growth_year": 48.36,
            "roe": 4.77,
            "roe_4q": 22.439999999999998,
            "gross_profit": 8109470,
            "gross_margin": 46.61,
            "gross_margin_4q_avg": 48.14,
            "net_income": 4664919,
            "revenue": 17400119,
            "common_shares": 7703911,
            "book_valuer_per_share": 128.9,
            "book_valuer_per_share_4q_avg": 116.67,
            "equity": 99463499,
            "current_ratio": 246.36,
            "debt_ratio": 29.14,
            "inventory_turnover_ratio": 1.58,
            "account_receivable_turnover_ratio": 0.79,
            "reinvestment_rate": 46.36,
            "research_to_sale_ratio": 1.63,
            "price_fair": 649.08,
            "eps_avg_yearly": 18.55,
            "eps_latest_yearly": 24.16,
            "eps_growth_yearly": 45.21
        },
        "20152": {
            "year_quarter": 20152,
            "year": 2015,
            "quarter": 2,
            "eps": 6.81,
            "eps_growth_year": 40.7,
            "eps_4q": 27.45,
            "eps_4q_growth_year": 62.65,
            "roe": 5.29,
            "roe_4q": 23.049999999999997,
            "gross_profit": 9547875,
            "gross_margin": 47.43,
            "gross_margin_4q_avg": 47.69,
            "net_income": 5258352,
            "revenue": 20129280,
            "common_shares": 7703911,
            "book_valuer_per_share": 128.5,
            "book_valuer_per_share_4q_avg": 123.24,
            "equity": 99158409,
            "current_ratio": 215.77,
            "debt_ratio": 31.79,
            "inventory_turnover_ratio": 1.73,
            "account_receivable_turnover_ratio": 0.78,
            "reinvestment_rate": 50.5,
            "research_to_sale_ratio": 1.62,
            "price_fair": 680.58,
            "eps_avg_yearly": 19.45,
            "eps_latest_yearly": 27.24,
            "eps_growth_yearly": 45.34
        },
        "20153": {
            "year_quarter": 20153,
            "year": 2015,
            "quarter": 3,
            "eps": 10.58,
            "eps_growth_year": 66.35,
            "eps_4q": 31.79,
            "eps_4q_growth_year": 63.68,
            "roe": 7.79,
            "roe_4q": 24.950000000000003,
            "gross_profit": 9957522,
            "gross_margin": 46.52,
            "gross_margin_4q_avg": 47.11,
            "net_income": 8172271,
            "revenue": 21404681,
            "common_shares": 7703911,
            "book_valuer_per_share": 143.5,
            "book_valuer_per_share_4q_avg": 131.35,
            "equity": 110742278,
            "current_ratio": 222.1,
            "debt_ratio": 31.24,
            "inventory_turnover_ratio": 1.7,
            "account_receivable_turnover_ratio": 0.7,
            "reinvestment_rate": 47.87,
            "research_to_sale_ratio": 1.49,
            "price_fair": 730.1,
            "eps_avg_yearly": 20.86,
            "eps_latest_yearly": 42.32,
            "eps_growth_yearly": 45.86
        },
        "20154": {
            "year_quarter": 20154,
            "year": 2015,
            "quarter": 4,
            "eps": 9.17,
            "eps_growth_year": 9.77,
            "eps_4q": 32.61,
            "eps_4q_growth_year": 40.52,
            "roe": 6.25,
            "roe_4q": 24.099999999999998,
            "gross_profit": 10531689,
            "gross_margin": 44.86,
            "gross_margin_4q_avg": 46.36,
            "net_income": 7085809,
            "revenue": 23479305,
            "common_shares": 7703911,
            "book_valuer_per_share": 150.26,
            "book_valuer_per_share_4q_avg": 137.79,
            "equity": 115965462,
            "current_ratio": 230.76,
            "debt_ratio": 32.41,
            "inventory_turnover_ratio": 1.77,
            "account_receivable_turnover_ratio": 0.77,
            "reinvestment_rate": 44.88,
            "research_to_sale_ratio": 3.09,
            "price_fair": 778.84,
            "eps_avg_yearly": 22.25,
            "eps_latest_yearly": 36.68,
            "eps_growth_yearly": 49.24
        },
        "20161": {
            "year_quarter": 20161,
            "year": 2016,
            "quarter": 1,
            "eps": 5.4,
            "eps_growth_year": -10.6,
            "eps_4q": 31.97,
            "eps_4q_growth_year": 26,
            "roe": 3.55,
            "roe_4q": 22.88,
            "gross_profit": 7210597,
            "gross_margin": 42.81,
            "gross_margin_4q_avg": 45.41,
            "net_income": 4165629,
            "revenue": 16843396,
            "common_shares": 7703911,
            "book_valuer_per_share": 153.47,
            "book_valuer_per_share_4q_avg": 143.93,
            "equity": 118440885,
            "current_ratio": 247.37,
            "debt_ratio": 30.67,
            "inventory_turnover_ratio": 1.36,
            "account_receivable_turnover_ratio": 0.6,
            "reinvestment_rate": 40.89,
            "research_to_sale_ratio": 1.41,
            "price_fair": 793.54,
            "eps_avg_yearly": 22.67,
            "eps_latest_yearly": 21.6,
            "eps_growth_yearly": 38.13
        },
        "20162": {
            "year_quarter": 20162,
            "year": 2016,
            "quarter": 2,
            "eps": 5.01,
            "eps_growth_year": -26.43,
            "eps_4q": 30.17,
            "eps_4q_growth_year": 9.9,
            "roe": 3.35,
            "roe_4q": 20.94,
            "gross_profit": 6327230,
            "gross_margin": 36.11,
            "gross_margin_4q_avg": 42.58,
            "net_income": 3871644,
            "revenue": 17523634,
            "common_shares": 7703911,
            "book_valuer_per_share": 146,
            "book_valuer_per_share_4q_avg": 148.31,
            "equity": 112693276,
            "current_ratio": 211.67,
            "debt_ratio": 34.06,
            "inventory_turnover_ratio": 1.94,
            "account_receivable_turnover_ratio": 0.62,
            "reinvestment_rate": 32.67,
            "research_to_sale_ratio": 1.29,
            "price_fair": 819.61,
            "eps_avg_yearly": 23.42,
            "eps_latest_yearly": 20.04,
            "eps_growth_yearly": 47.68
        },
        "20163": {
            "year_quarter": 20163,
            "year": 2016,
            "quarter": 3,
            "eps": 5.8,
            "eps_growth_year": -45.18,
            "eps_4q": 25.39,
            "eps_4q_growth_year": -20.14,
            "roe": 3.96,
            "roe_4q": 17.11,
            "gross_profit": 8840045,
            "gross_margin": 42.64,
            "gross_margin_4q_avg": 41.61,
            "net_income": 4480721,
            "revenue": 20730931,
            "common_shares": 7703911,
            "book_valuer_per_share": 146.9,
            "book_valuer_per_share_4q_avg": 149.16,
            "equity": 113388521,
            "current_ratio": 208.39,
            "debt_ratio": 35.16,
            "inventory_turnover_ratio": 2.86,
            "account_receivable_turnover_ratio": 0.64,
            "reinvestment_rate": 28.15,
            "research_to_sale_ratio": 1.46,
            "price_fair": 847.26,
            "eps_avg_yearly": 24.21,
            "eps_latest_yearly": 23.2,
            "eps_growth_yearly": 44.11
        },
        "20164": {
            "year_quarter": 20164,
            "year": 2016,
            "quarter": 4,
            "eps": 12.37,
            "eps_growth_year": 34.81,
            "eps_4q": 28.58,
            "eps_4q_growth_year": -12.34,
            "roe": 8.09,
            "roe_4q": 18.95,
            "gross_profit": 12019758,
            "gross_margin": 50.05,
            "gross_margin_4q_avg": 42.9,
            "net_income": 9550284,
            "revenue": 24015692,
            "common_shares": 7703911,
            "book_valuer_per_share": 159.18,
            "book_valuer_per_share_4q_avg": 151.39,
            "equity": 122830052,
            "current_ratio": 223.32,
            "debt_ratio": 34.09,
            "inventory_turnover_ratio": 3.37,
            "account_receivable_turnover_ratio": 0.69,
            "reinvestment_rate": 23.95,
            "research_to_sale_ratio": 2.17,
            "price_fair": 901.95,
            "eps_avg_yearly": 25.77,
            "eps_latest_yearly": 49.48,
            "eps_growth_yearly": 39.47
        },
        "20171": {
            "year_quarter": 20171,
            "year": 2017,
            "quarter": 1,
            "eps": 2.71,
            "eps_growth_year": -49.81,
            "eps_4q": 25.9,
            "eps_4q_growth_year": -18.99,
            "roe": 1.74,
            "roe_4q": 17.14,
            "gross_profit": 7136794,
            "gross_margin": 48.95,
            "gross_margin_4q_avg": 44.44,
            "net_income": 2104148,
            "revenue": 14579685,
            "common_shares": 7703911,
            "book_valuer_per_share": 153.54,
            "book_valuer_per_share_4q_avg": 151.41,
            "equity": 118420040,
            "current_ratio": 223.88,
            "debt_ratio": 33.75,
            "inventory_turnover_ratio": 2.01,
            "account_receivable_turnover_ratio": 0.54,
            "reinvestment_rate": 18.95,
            "research_to_sale_ratio": 2.03,
            "price_fair": 845.46,
            "eps_avg_yearly": 25.14,
            "eps_latest_yearly": 10.84,
            "eps_growth_yearly": 23.63
        },
        "20172": {
            "year_quarter": 20172,
            "year": 2017,
            "quarter": 2,
            "eps": 5.31,
            "eps_growth_year": 5.99,
            "eps_4q": 26.2,
            "eps_4q_growth_year": -13.16,
            "roe": 3.48,
            "roe_4q": 17.27,
            "gross_profit": 8903558,
            "gross_margin": 48.13,
            "gross_margin_4q_avg": 47.44,
            "net_income": 4095767,
            "revenue": 18500404,
            "common_shares": 7703911,
            "book_valuer_per_share": 151.35,
            "book_valuer_per_share_4q_avg": 152.74,
            "equity": 116738861,
            "current_ratio": 200.21,
            "debt_ratio": 37.26,
            "inventory_turnover_ratio": 1.92,
            "account_receivable_turnover_ratio": 0.79,
            "reinvestment_rate": 16.62,
            "research_to_sale_ratio": 1.55,
            "price_fair": 884.1,
            "eps_avg_yearly": 25.26,
            "eps_latest_yearly": 21.24,
            "eps_growth_yearly": 49.43
        },
        "20173": {
            "year_quarter": 20173,
            "year": 2017,
            "quarter": 3,
            "eps": 9.59,
            "eps_growth_year": 65.34,
            "eps_4q": 29.98,
            "eps_4q_growth_year": 18.1,
            "roe": 6.1,
            "roe_4q": 19.41,
            "gross_profit": 11671208,
            "gross_margin": 42.56,
            "gross_margin_4q_avg": 47.42,
            "net_income": 7384201,
            "revenue": 27421937,
            "common_shares": 7703911,
            "book_valuer_per_share": 162.68,
            "book_valuer_per_share_4q_avg": 156.69,
            "equity": 125411763,
            "current_ratio": 196.32,
            "debt_ratio": 37.71,
            "inventory_turnover_ratio": 2.08,
            "account_receivable_turnover_ratio": 0.99,
            "reinvestment_rate": 15.43,
            "research_to_sale_ratio": 1.17,
            "price_fair": 935.73,
            "eps_avg_yearly": 26.74,
            "eps_latest_yearly": 38.36,
            "eps_growth_yearly": 75.52
        },
        "20174": {
            "year_quarter": 20174,
            "year": 2017,
            "quarter": 4,
            "eps": 10.74,
            "eps_growth_year": -13.19,
            "eps_4q": 28.35,
            "eps_4q_growth_year": -0.8,
            "roe": 6.4,
            "roe_4q": 17.72,
            "gross_profit": 14257957,
            "gross_margin": 43.48,
            "gross_margin_4q_avg": 45.78,
            "net_income": 8273483,
            "revenue": 32793934,
            "common_shares": 7703911,
            "book_valuer_per_share": 172.71,
            "book_valuer_per_share_4q_avg": 160.07,
            "equity": 133134679,
            "current_ratio": 195.84,
            "debt_ratio": 37.75,
            "inventory_turnover_ratio": 2.02,
            "account_receivable_turnover_ratio": 1.07,
            "reinvestment_rate": 18.46,
            "research_to_sale_ratio": 2.31,
            "price_fair": 989.28,
            "eps_avg_yearly": 28.27,
            "eps_latest_yearly": 42.96,
            "eps_growth_yearly": 72.22
        },
        "20181": {
            "year_quarter": 20181,
            "year": 2018,
            "quarter": 1,
            "eps": 4.75,
            "eps_growth_year": 75.28,
            "eps_4q": 30.39,
            "eps_4q_growth_year": 17.34,
            "roe": 2.7,
            "roe_4q": 18.68,
            "gross_profit": 8518701,
            "gross_margin": 41.75,
            "gross_margin_4q_avg": 43.98,
            "net_income": 3664941,
            "revenue": 20406154,
            "common_shares": 7703911,
            "book_valuer_per_share": 179.09,
            "book_valuer_per_share_4q_avg": 166.46,
            "equity": 138059824,
            "current_ratio": 200.3,
            "debt_ratio": 36.06,
            "inventory_turnover_ratio": 1.14,
            "account_receivable_turnover_ratio": 0.82,
            "reinvestment_rate": 19.77,
            "research_to_sale_ratio": 1.89,
            "price_fair": 996.1,
            "eps_avg_yearly": 28.46,
            "eps_latest_yearly": 19,
            "eps_growth_yearly": 61.79
        },
        "20182": {
            "year_quarter": 20182,
            "year": 2018,
            "quarter": 2,
            "eps": 14.06,
            "eps_growth_year": 164.78,
            "eps_4q": 39.13,
            "eps_4q_growth_year": 49.37,
            "roe": 7.77,
            "roe_4q": 22.97,
            "gross_profit": 8770627,
            "gross_margin": 42.26,
            "gross_margin_4q_avg": 42.51,
            "net_income": 10836768,
            "revenue": 20755264,
            "common_shares": 7703911,
            "book_valuer_per_share": 182.97,
            "book_valuer_per_share_4q_avg": 174.36,
            "equity": 141056002,
            "current_ratio": 188.78,
            "debt_ratio": 39.86,
            "inventory_turnover_ratio": 0.87,
            "account_receivable_turnover_ratio": 0.97,
            "reinvestment_rate": 18.09,
            "research_to_sale_ratio": 1.95,
            "price_fair": 1076.78,
            "eps_avg_yearly": 30.77,
            "eps_latest_yearly": 56.24,
            "eps_growth_yearly": 105.32
        },
        "20183": {
            "year_quarter": 20183,
            "year": 2018,
            "quarter": 3,
            "eps": 8.52,
            "eps_growth_year": -11.16,
            "eps_4q": 38.06,
            "eps_4q_growth_year": 26.94,
            "roe": 4.62,
            "roe_4q": 21.490000000000002,
            "gross_profit": 10636963,
            "gross_margin": 42.4,
            "gross_margin_4q_avg": 42.47,
            "net_income": 6568051,
            "revenue": 25090008,
            "common_shares": 7703911,
            "book_valuer_per_share": 186.12,
            "book_valuer_per_share_4q_avg": 180.22,
            "equity": 143483056,
            "current_ratio": 189.31,
            "debt_ratio": 40.5,
            "inventory_turnover_ratio": 0.78,
            "account_receivable_turnover_ratio": 0.91,
            "reinvestment_rate": 14.21,
            "research_to_sale_ratio": 1.51,
            "price_fair": 1095.68,
            "eps_avg_yearly": 31.31,
            "eps_latest_yearly": 34.08,
            "eps_growth_yearly": 87.61
        },
        "20184": {
            "year_quarter": 20184,
            "year": 2018,
            "quarter": 4,
            "eps": 8.98,
            "eps_growth_year": -16.34,
            "eps_4q": 36.31,
            "eps_4q_growth_year": 28.06,
            "roe": 4.7,
            "roe_4q": 19.79,
            "gross_profit": 10697905,
            "gross_margin": 36.68,
            "gross_margin_4q_avg": 40.77,
            "net_income": 6925093,
            "revenue": 29164715,
            "common_shares": 7703911,
            "book_valuer_per_share": 196.29,
            "book_valuer_per_share_4q_avg": 186.12,
            "equity": 151324315,
            "current_ratio": 188.96,
            "debt_ratio": 41.16,
            "inventory_turnover_ratio": 0.8,
            "account_receivable_turnover_ratio": 1.06,
            "reinvestment_rate": 3.42,
            "research_to_sale_ratio": 2.91,
            "price_fair": 1101.1,
            "eps_avg_yearly": 31.46,
            "eps_latest_yearly": 35.92,
            "eps_growth_yearly": 81.1
        },
        "20191": {
            "year_quarter": 20191,
            "year": 2019,
            "quarter": 1,
            "eps": 2.2,
            "eps_growth_year": -53.68,
            "eps_4q": 33.76,
            "eps_4q_growth_year": 11.1,
            "roe": 1.11,
            "roe_4q": 18.2,
            "gross_profit": 4007022,
            "gross_margin": 25.35,
            "gross_margin_4q_avg": 36.67,
            "net_income": 1697937,
            "revenue": 15804300,
            "common_shares": 7703911,
            "book_valuer_per_share": 201.25,
            "book_valuer_per_share_4q_avg": 191.66,
            "equity": 155150422,
            "current_ratio": 201.49,
            "debt_ratio": 38.33,
            "inventory_turnover_ratio": 0.48,
            "account_receivable_turnover_ratio": 0.76,
            "reinvestment_rate": 0.68,
            "research_to_sale_ratio": 2.36,
            "price_fair": 1067.5,
            "eps_avg_yearly": 30.5,
            "eps_latest_yearly": 8.8,
            "eps_growth_yearly": 69.16
        },
        "20192": {
            "year_quarter": 20192,
            "year": 2019,
            "quarter": 2,
            "eps": 3.54,
            "eps_growth_year": -74.82,
            "eps_4q": 23.24,
            "eps_4q_growth_year": -40.6,
            "roe": 1.8,
            "roe_4q": 12.23,
            "gross_profit": 3706495,
            "gross_margin": 23.06,
            "gross_margin_4q_avg": 31.87,
            "net_income": 2731236,
            "revenue": 16074640,
            "common_shares": 7703911,
            "book_valuer_per_share": 192.14,
            "book_valuer_per_share_4q_avg": 193.95,
            "equity": 148133326,
            "current_ratio": 192.96,
            "debt_ratio": 40.59,
            "inventory_turnover_ratio": 0.53,
            "account_receivable_turnover_ratio": 0.95,
            "reinvestment_rate": -8.3,
            "research_to_sale_ratio": 4.97,
            "price_fair": 1038.89,
            "eps_avg_yearly": 29.68,
            "eps_latest_yearly": 14.16,
            "eps_growth_yearly": 81.2
        },
        "20193": {
            "year_quarter": 20193,
            "year": 2019,
            "quarter": 3,
            "eps": 4.41,
            "eps_growth_year": -48.24,
            "eps_4q": 19.14,
            "eps_4q_growth_year": -49.72,
            "roe": 2.29,
            "roe_4q": 9.9,
            "gross_profit": 6435035,
            "gross_margin": 23.13,
            "gross_margin_4q_avg": 27.06,
            "net_income": 3408321,
            "revenue": 27816516,
            "common_shares": 7703911,
            "book_valuer_per_share": 193.92,
            "book_valuer_per_share_4q_avg": 195.9,
            "equity": 149509070,
            "current_ratio": 195.05,
            "debt_ratio": 40.68,
            "inventory_turnover_ratio": 1.1,
            "account_receivable_turnover_ratio": 1.27,
            "reinvestment_rate": -17.75,
            "research_to_sale_ratio": 1.56,
            "price_fair": 984.9,
            "eps_avg_yearly": 28.14,
            "eps_latest_yearly": 17.64,
            "eps_growth_yearly": 73.51
        },
        "20194": {
            "year_quarter": 20194,
            "year": 2019,
            "quarter": 4,
            "eps": 4.48,
            "eps_growth_year": -50.16,
            "eps_4q": 14.63,
            "eps_4q_growth_year": -59.7,
            "roe": 2.32,
            "roe_4q": 7.52,
            "gross_profit": 8118343,
            "gross_margin": 25.42,
            "gross_margin_4q_avg": 24.24,
            "net_income": 3460326,
            "revenue": 31932659,
            "common_shares": 7703911,
            "book_valuer_per_share": 192.71,
            "book_valuer_per_share_4q_avg": 195.01,
            "equity": 148588507,
            "current_ratio": 205.69,
            "debt_ratio": 38.88,
            "inventory_turnover_ratio": 1.52,
            "account_receivable_turnover_ratio": 1.27,
            "reinvestment_rate": -22.74,
            "research_to_sale_ratio": 2.55,
            "price_fair": 943.86,
            "eps_avg_yearly": 26.97,
            "eps_latest_yearly": 17.92,
            "eps_growth_yearly": 77.24
        },
        "20201": {
            "year_quarter": 20201,
            "year": 2020,
            "quarter": 1,
            "eps": 5.09,
            "eps_growth_year": 131.36,
            "eps_4q": 17.6,
            "eps_4q_growth_year": -47.86,
            "roe": 2.61,
            "roe_4q": 9.02,
            "gross_profit": 4290796,
            "gross_margin": 24.36,
            "gross_margin_4q_avg": 23.99,
            "net_income": 3928657,
            "revenue": 17616374,
            "common_shares": 7703911,
            "book_valuer_per_share": 198.18,
            "book_valuer_per_share_4q_avg": 194.24,
            "equity": 152096177,
            "current_ratio": 216.05,
            "debt_ratio": 37.7,
            "inventory_turnover_ratio": 0.98,
            "account_receivable_turnover_ratio": 0.88,
            "reinvestment_rate": -23.92,
            "research_to_sale_ratio": 2.19,
            "price_fair": 941.15,
            "eps_avg_yearly": 26.89,
            "eps_latest_yearly": 20.36,
            "eps_growth_yearly": 90.92
        },
        "20202": {
            "year_quarter": 20202,
            "year": 2020,
            "quarter": 2,
            "eps": 3.63,
            "eps_growth_year": 2.54,
            "eps_4q": 17.77,
            "eps_4q_growth_year": -23.54,
            "roe": 1.88,
            "roe_4q": 9.100000000000001,
            "gross_profit": 5165332,
            "gross_margin": 22.92,
            "gross_margin_4q_avg": 23.96,
            "net_income": 2774578,
            "revenue": 22538006,
            "common_shares": 7616181,
            "book_valuer_per_share": 187.79,
            "book_valuer_per_share_4q_avg": 193.15,
            "equity": 143163884,
            "current_ratio": 202.6,
            "debt_ratio": 40.83,
            "inventory_turnover_ratio": 1.56,
            "account_receivable_turnover_ratio": 1.26,
            "reinvestment_rate": -23.55,
            "research_to_sale_ratio": 2.53,
            "price_fair": 929.08,
            "eps_avg_yearly": 26.55,
            "eps_latest_yearly": 14.52,
            "eps_growth_yearly": 85.55
        },
        "20203": {
            "year_quarter": 20203,
            "year": 2020,
            "quarter": 3,
            "eps": 0.75,
            "eps_growth_year": -82.99,
            "eps_4q": 14.06,
            "eps_4q_growth_year": -26.54,
            "roe": 0.4,
            "roe_4q": 7.209999999999999,
            "gross_profit": 6834850,
            "gross_margin": 28.88,
            "gross_margin_4q_avg": 25.4,
            "net_income": 579494,
            "revenue": 23668381,
            "common_shares": 7616181,
            "book_valuer_per_share": 188.63,
            "book_valuer_per_share_4q_avg": 191.83,
            "equity": 143746947,
            "current_ratio": 176.26,
            "debt_ratio": 41.11,
            "inventory_turnover_ratio": 1.79,
            "account_receivable_turnover_ratio": 1.16,
            "reinvestment_rate": -24.39,
            "research_to_sale_ratio": 0.49,
            "price_fair": 884.89,
            "eps_avg_yearly": 25.28,
            "eps_latest_yearly": 3,
            "eps_growth_yearly": 61.78
        },
        "20204": {
            "year_quarter": 20204,
            "year": 2020,
            "quarter": 4,
            "eps": 18.21,
            "eps_growth_year": 306.86,
            "eps_4q": 27.74,
            "eps_4q_growth_year": 89.61,
            "roe": 9.2,
            "roe_4q": 14.09,
            "gross_profit": 5628273,
            "gross_margin": 30.12,
            "gross_margin_4q_avg": 26.57,
            "net_income": 13883339,
            "revenue": 18683271,
            "common_shares": 7616181,
            "book_valuer_per_share": 207.42,
            "book_valuer_per_share_4q_avg": 195.51,
            "equity": 158071602,
            "current_ratio": 220.72,
            "debt_ratio": 38.23,
            "inventory_turnover_ratio": 1.67,
            "account_receivable_turnover_ratio": 0.96,
            "reinvestment_rate": -35.29,
            "research_to_sale_ratio": 2.75,
            "price_fair": 935.99,
            "eps_avg_yearly": 26.74,
            "eps_latest_yearly": 72.84,
            "eps_growth_yearly": 615.46
        },
        "20211": {
            "year_quarter": 20211,
            "year": 2021,
            "quarter": 1,
            "eps": 3.3,
            "eps_growth_year": -35.17,
            "eps_4q": 25.89,
            "eps_4q_growth_year": 47.09,
            "roe": 1.58,
            "roe_4q": 13.059999999999999,
            "gross_profit": 4019363,
            "gross_margin": 31.83,
            "gross_margin_4q_avg": 28.44,
            "net_income": 2522560,
            "revenue": 12629378,
            "common_shares": 7616181,
            "book_valuer_per_share": 210.66,
            "book_valuer_per_share_4q_avg": 198.63,
            "equity": 160546933,
            "current_ratio": 236.69,
            "debt_ratio": 36,
            "inventory_turnover_ratio": 1.63,
            "account_receivable_turnover_ratio": 0.78,
            "reinvestment_rate": -32.58,
            "research_to_sale_ratio": 2.8,
            "price_fair": 941.15,
            "eps_avg_yearly": 26.89,
            "eps_latest_yearly": 13.2,
            "eps_growth_yearly": 614.51
        },
        "20212": {
            "year_quarter": 20212,
            "year": 2021,
            "quarter": 2,
            "eps": 0.89,
            "eps_growth_year": -75.48,
            "eps_4q": 23.16,
            "eps_4q_growth_year": 30.28,
            "roe": 0.44,
            "roe_4q": 11.62,
            "gross_profit": 3344012,
            "gross_margin": 32.15,
            "gross_margin_4q_avg": 30.75,
            "net_income": 688819,
            "revenue": 10401910,
            "common_shares": 7616181,
            "book_valuer_per_share": 195.78,
            "book_valuer_per_share_4q_avg": 200.62,
            "equity": 149220893,
            "current_ratio": 214.33,
            "debt_ratio": 40.19,
            "inventory_turnover_ratio": 1.73,
            "account_receivable_turnover_ratio": 0.7,
            "reinvestment_rate": -34.24,
            "research_to_sale_ratio": 4.09,
            "price_fair": 902.48,
            "eps_avg_yearly": 25.79,
            "eps_latest_yearly": 3.56,
            "eps_growth_yearly": 572.27
        },
        "20213": {
            "year_quarter": 20213,
            "year": 2021,
            "quarter": 3,
            "eps": 2.64,
            "eps_growth_year": 252,
            "eps_4q": 25.1,
            "eps_4q_growth_year": 78.59,
            "roe": 1.34,
            "roe_4q": 12.559999999999999,
            "gross_profit": 3495026,
            "gross_margin": 35.42,
            "gross_margin_4q_avg": 32.38,
            "net_income": 2014610,
            "revenue": 9867645,
            "common_shares": 7616181,
            "book_valuer_per_share": 198.24,
            "book_valuer_per_share_4q_avg": 203.03,
            "equity": 150691506,
            "current_ratio": 216.73,
            "debt_ratio": 39.13,
            "inventory_turnover_ratio": 1.87,
            "account_receivable_turnover_ratio": 0.71,
            "reinvestment_rate": -39.12,
            "research_to_sale_ratio": 4.67,
            "price_fair": 841.66,
            "eps_avg_yearly": 24.05,
            "eps_latest_yearly": 10.56,
            "eps_growth_yearly": 601.28
        },
        "20214": {
            "year_quarter": 20214,
            "year": 2021,
            "quarter": 4,
            "eps": 4.55,
            "eps_growth_year": -75,
            "eps_4q": 11.59,
            "eps_4q_growth_year": -58.23,
            "roe": 2.23,
            "roe_4q": 5.590000000000001,
            "gross_profit": 2710726,
            "gross_margin": 33.07,
            "gross_margin_4q_avg": 33.12,
            "net_income": 3370294,
            "revenue": 8196046,
            "common_shares": 7616181,
            "book_valuer_per_share": 204.55,
            "book_valuer_per_share_4q_avg": 202.31,
            "equity": 151426722,
            "current_ratio": 218.89,
            "debt_ratio": 38.67,
            "inventory_turnover_ratio": 1.68,
            "account_receivable_turnover_ratio": 0.72,
            "reinvestment_rate": -49.06,
            "research_to_sale_ratio": 5.4,
            "price_fair": 787.5,
            "eps_avg_yearly": 22.5,
            "eps_latest_yearly": 18.2,
            "eps_growth_yearly": 616.36
        },
        "20221": {
            "year_quarter": 20221,
            "year": 2022,
            "quarter": 1,
            "eps": 2.81,
            "eps_growth_year": -14.85,
            "eps_4q": 11.13,
            "eps_4q_growth_year": -57.03,
            "roe": 1.33,
            "roe_4q": 5.340000000000001,
            "gross_profit": 2138821,
            "gross_margin": 29.62,
            "gross_margin_4q_avg": 32.57,
            "net_income": 2051057,
            "revenue": 7220830,
            "common_shares": 7297531,
            "book_valuer_per_share": 215.15,
            "book_valuer_per_share_4q_avg": 203.43,
            "equity": 157019955,
            "current_ratio": 238.67,
            "debt_ratio": 35.85,
            "inventory_turnover_ratio": 1.53,
            "account_receivable_turnover_ratio": 0.83,
            "reinvestment_rate": -53.11,
            "research_to_sale_ratio": 5.6,
            "price_fair": 770.53,
            "eps_avg_yearly": 22.02,
            "eps_latest_yearly": 11.24,
            "eps_growth_yearly": 620.75
        },
        "20222": {
            "year_quarter": 20222,
            "year": 2022,
            "quarter": 2,
            "eps": 4.88,
            "eps_growth_year": 448.31,
            "eps_4q": 15.33,
            "eps_4q_growth_year": -33.81,
            "roe": 2.25,
            "roe_4q": 7.15,
            "gross_profit": 1499439,
            "gross_margin": 28.41,
            "gross_margin_4q_avg": 31.63,
            "net_income": 3512480,
            "revenue": 5278554,
            "common_shares": 7297531,
            "book_valuer_per_share": 217.15,
            "book_valuer_per_share_4q_avg": 208.77,
            "equity": 155157016,
            "current_ratio": 219.75,
            "debt_ratio": 38.62,
            "inventory_turnover_ratio": 1.01,
            "account_receivable_turnover_ratio": 0.74,
            "reinvestment_rate": -55.66,
            "research_to_sale_ratio": 7.1,
            "price_fair": 690.2,
            "eps_avg_yearly": 19.72,
            "eps_latest_yearly": 19.52,
            "eps_growth_yearly": 590.16
        },
        "20223": {
            "year_quarter": 20223,
            "year": 2022,
            "quarter": 3,
            "eps": 7.06,
            "eps_growth_year": 167.42,
            "eps_4q": 19.58,
            "eps_4q_growth_year": -22.02,
            "roe": 3.11,
            "roe_4q": 8.92,
            "gross_profit": 2961660,
            "gross_margin": 34.14,
            "gross_margin_4q_avg": 31.31,
            "net_income": 5046349,
            "revenue": 8675025,
            "common_shares": 7144671,
            "book_valuer_per_share": 237.65,
            "book_valuer_per_share_4q_avg": 218.63,
            "equity": 169806580,
            "current_ratio": 239.93,
            "debt_ratio": 36.77,
            "inventory_turnover_ratio": 1.46,
            "account_receivable_turnover_ratio": 1.08,
            "reinvestment_rate": -54.34,
            "research_to_sale_ratio": 4.48,
            "price_fair": 677.43,
            "eps_avg_yearly": 19.36,
            "eps_latest_yearly": 28.24,
            "eps_growth_yearly": 611.18
        },
        "20224": {
            "year_quarter": 20224,
            "year": 2022,
            "quarter": 4,
            "eps": 0.4,
            "eps_growth_year": -91.2,
            "eps_4q": 15.26,
            "eps_4q_growth_year": 31.69,
            "roe": 0.17,
            "roe_4q": 6.859999999999999,
            "gross_profit": 2266977,
            "gross_margin": 34.11,
            "gross_margin_4q_avg": 31.57,
            "net_income": 286352,
            "revenue": 6646120,
            "common_shares": 7144671,
            "book_valuer_per_share": 232.05,
            "book_valuer_per_share_4q_avg": 225.5,
            "equity": 165802612,
            "current_ratio": 273.12,
            "debt_ratio": 31.36,
            "inventory_turnover_ratio": 1.24,
            "account_receivable_turnover_ratio": 0.69,
            "reinvestment_rate": -62.54,
            "research_to_sale_ratio": 4.91,
            "price_fair": 602.35,
            "eps_avg_yearly": 17.21,
            "eps_latest_yearly": 1.6,
            "eps_growth_yearly": 586.25
        },
        "20231": {
            "year_quarter": 20231,
            "year": 2023,
            "quarter": 1,
            "eps": 1.25,
            "eps_growth_year": -55.52,
            "eps_4q": 14.3,
            "eps_4q_growth_year": 28.53,
            "roe": 0.54,
            "roe_4q": 6.07,
            "gross_profit": 811781,
            "gross_margin": 22.92,
            "gross_margin_4q_avg": 29.9,
            "net_income": 883880,
            "revenue": 3541744,
            "common_shares": 7144671,
            "book_valuer_per_share": 236.42,
            "book_valuer_per_share_4q_avg": 230.82,
            "equity": 160861297,
            "current_ratio": 203.41,
            "debt_ratio": 33.67,
            "inventory_turnover_ratio": 0.79,
            "account_receivable_turnover_ratio": 0.51,
            "reinvestment_rate": -64.42,
            "research_to_sale_ratio": 8.72,
            "price_fair": 594.04,
            "eps_avg_yearly": 16.97,
            "eps_latest_yearly": 5,
            "eps_growth_yearly": 658.25
        }
    },
    "months": {
        "2001-09": {
            "month": "2001-09",
            "price": "27.71",
            "revenue": 81641
        },
        "2001-10": {
            "month": "2001-10",
            "price": "30.88",
            "revenue": 94507
        },
        "2001-11": {
            "month": "2001-11",
            "price": "44.24",
            "revenue": 91113
        },
        "2001-12": {
            "month": "2001-12",
            "price": "59.76",
            "revenue": 97201
        },
        "2002-01": {
            "month": "2002-01",
            "price": "72.52",
            "revenue": 120485
        },
        "2002-02": {
            "month": "2002-02",
            "price": "76.92",
            "revenue": 152083
        },
        "2002-03": {
            "month": "2002-03",
            "price": "114.62",
            "revenue": 316967
        },
        "2002-04": {
            "month": "2002-04",
            "price": "141.05",
            "revenue": 248595
        },
        "2002-05": {
            "month": "2002-05",
            "price": "109.52",
            "revenue": 137075
        },
        "2002-06": {
            "month": "2002-06",
            "price": "84.70",
            "revenue": 111516
        },
        "2002-07": {
            "month": "2002-07",
            "price": "73.41",
            "revenue": 102207
        },
        "2002-08": {
            "month": "2002-08",
            "price": "70.84",
            "revenue": 111051
        },
        "2002-09": {
            "month": "2002-09",
            "price": "50.66",
            "revenue": 115368
        },
        "2002-10": {
            "month": "2002-10",
            "price": "51.51",
            "revenue": 156434
        },
        "2002-11": {
            "month": "2002-11",
            "price": "57.02",
            "revenue": 136203
        },
        "2002-12": {
            "month": "2002-12",
            "price": "48.74",
            "revenue": 118684
        },
        "2003-01": {
            "month": "2003-01",
            "price": "48.57",
            "revenue": 131255
        },
        "2003-02": {
            "month": "2003-02",
            "price": "49.21",
            "revenue": 156877
        },
        "2003-03": {
            "month": "2003-03",
            "price": "50.79",
            "revenue": 178444
        },
        "2003-04": {
            "month": "2003-04",
            "price": "60.00",
            "revenue": 173438
        },
        "2003-05": {
            "month": "2003-05",
            "price": "63.76",
            "revenue": 143223
        },
        "2003-06": {
            "month": "2003-06",
            "price": "64.92",
            "revenue": 165975
        },
        "2003-07": {
            "month": "2003-07",
            "price": "71.80",
            "revenue": 165900
        },
        "2003-08": {
            "month": "2003-08",
            "price": "90.76",
            "revenue": 183699
        },
        "2003-09": {
            "month": "2003-09",
            "price": "96.33",
            "revenue": 175924
        },
        "2003-10": {
            "month": "2003-10",
            "price": "102.11",
            "revenue": 196855
        },
        "2003-11": {
            "month": "2003-11",
            "price": "108.82",
            "revenue": 184416
        },
        "2003-12": {
            "month": "2003-12",
            "price": "119.22",
            "revenue": 158857
        },
        "2004-01": {
            "month": "2004-01",
            "price": "114.70",
            "revenue": 121927
        },
        "2004-02": {
            "month": "2004-02",
            "price": "116.78",
            "revenue": 105197
        },
        "2004-03": {
            "month": "2004-03",
            "price": "126.83",
            "revenue": 138423
        },
        "2004-04": {
            "month": "2004-04",
            "price": "138.66",
            "revenue": 161279
        },
        "2004-05": {
            "month": "2004-05",
            "price": "127.88",
            "revenue": 140719
        },
        "2004-06": {
            "month": "2004-06",
            "price": "110.21",
            "revenue": 130289
        },
        "2004-07": {
            "month": "2004-07",
            "price": "93.36",
            "revenue": 111621
        },
        "2004-08": {
            "month": "2004-08",
            "price": "87.75",
            "revenue": 124292
        },
        "2004-09": {
            "month": "2004-09",
            "price": "97.38",
            "revenue": 123105
        },
        "2004-10": {
            "month": "2004-10",
            "price": "101.60",
            "revenue": 119567
        },
        "2004-11": {
            "month": "2004-11",
            "price": "101.98",
            "revenue": 115219
        },
        "2004-12": {
            "month": "2004-12",
            "price": "101.83",
            "revenue": 99540
        },
        "2005-01": {
            "month": "2005-01",
            "price": "99.38",
            "revenue": 98876
        },
        "2005-02": {
            "month": "2005-02",
            "price": "99.62",
            "revenue": 69943
        },
        "2005-03": {
            "month": "2005-03",
            "price": "113.80",
            "revenue": 111425
        },
        "2005-04": {
            "month": "2005-04",
            "price": "153.18",
            "revenue": 103786
        },
        "2005-05": {
            "month": "2005-05",
            "price": "169.62",
            "revenue": 92678
        },
        "2005-06": {
            "month": "2005-06",
            "price": "179.02",
            "revenue": 98372
        },
        "2005-07": {
            "month": "2005-07",
            "price": "226.70",
            "revenue": 91295
        },
        "2005-08": {
            "month": "2005-08",
            "price": "239.59",
            "revenue": 69602
        },
        "2005-09": {
            "month": "2005-09",
            "price": "223.17",
            "revenue": 77351
        },
        "2005-10": {
            "month": "2005-10",
            "price": "221.40",
            "revenue": 82494
        },
        "2005-11": {
            "month": "2005-11",
            "price": "224.84",
            "revenue": 90884
        },
        "2005-12": {
            "month": "2005-12",
            "price": "242.91",
            "revenue": 59740
        },
        "2006-01": {
            "month": "2006-01",
            "price": "245.19",
            "revenue": 64748
        },
        "2006-02": {
            "month": "2006-02",
            "price": "242.18",
            "revenue": 104331
        },
        "2006-03": {
            "month": "2006-03",
            "price": "291.37",
            "revenue": 130755
        },
        "2006-04": {
            "month": "2006-04",
            "price": "322.84",
            "revenue": 77648
        },
        "2006-05": {
            "month": "2006-05",
            "price": "354.50",
            "revenue": 106872
        },
        "2006-06": {
            "month": "2006-06",
            "price": "343.93",
            "revenue": 59824
        },
        "2006-07": {
            "month": "2006-07",
            "price": "333.74",
            "revenue": 75104
        },
        "2006-08": {
            "month": "2006-08",
            "price": "326.04",
            "revenue": 64259
        },
        "2006-09": {
            "month": "2006-09",
            "price": "283.76",
            "revenue": 96665
        },
        "2006-10": {
            "month": "2006-10",
            "price": "276.55",
            "revenue": 191660
        },
        "2006-11": {
            "month": "2006-11",
            "price": "282.86",
            "revenue": 146853
        },
        "2006-12": {
            "month": "2006-12",
            "price": "306.50",
            "revenue": 171421
        },
        "2007-01": {
            "month": "2007-01",
            "price": "353.43",
            "revenue": 123153
        },
        "2007-02": {
            "month": "2007-02",
            "price": "336.04",
            "revenue": 109060
        },
        "2007-03": {
            "month": "2007-03",
            "price": "265.72",
            "revenue": 171013
        },
        "2007-04": {
            "month": "2007-04",
            "price": "250.78",
            "revenue": 212831
        },
        "2007-05": {
            "month": "2007-05",
            "price": "285.18",
            "revenue": 205177
        },
        "2007-06": {
            "month": "2007-06",
            "price": "303.22",
            "revenue": 263501
        },
        "2007-07": {
            "month": "2007-07",
            "price": "321.14",
            "revenue": 203212
        },
        "2007-08": {
            "month": "2007-08",
            "price": "258.65",
            "revenue": 282729
        },
        "2007-09": {
            "month": "2007-09",
            "price": "240.81",
            "revenue": 216383
        },
        "2007-10": {
            "month": "2007-10",
            "price": "230.34",
            "revenue": 196204
        },
        "2007-11": {
            "month": "2007-11",
            "price": "199.27",
            "revenue": 250584
        },
        "2007-12": {
            "month": "2007-12",
            "price": "184.60",
            "revenue": 264157
        },
        "2008-01": {
            "month": "2008-01",
            "price": "121.22",
            "revenue": 257965
        },
        "2008-02": {
            "month": "2008-02",
            "price": "105.11",
            "revenue": 188606
        },
        "2008-03": {
            "month": "2008-03",
            "price": "109.48",
            "revenue": 229950
        },
        "2008-04": {
            "month": "2008-04",
            "price": "122.12",
            "revenue": 204738
        },
        "2008-05": {
            "month": "2008-05",
            "price": "113.48",
            "revenue": 243314
        },
        "2008-06": {
            "month": "2008-06",
            "price": "100.28",
            "revenue": 311691
        },
        "2008-07": {
            "month": "2008-07",
            "price": "87.02",
            "revenue": 333563
        },
        "2008-08": {
            "month": "2008-08",
            "price": "103.53",
            "revenue": 428230
        },
        "2008-09": {
            "month": "2008-09",
            "price": "103.13",
            "revenue": 501802
        },
        "2008-10": {
            "month": "2008-10",
            "price": "80.65",
            "revenue": 348203
        },
        "2008-11": {
            "month": "2008-11",
            "price": "62.73",
            "revenue": 343644
        },
        "2008-12": {
            "month": "2008-12",
            "price": "54.45",
            "revenue": 359742
        },
        "2009-01": {
            "month": "2009-01",
            "price": "58.49",
            "revenue": 155169
        },
        "2009-02": {
            "month": "2009-02",
            "price": "58.75",
            "revenue": 123819
        },
        "2009-03": {
            "month": "2009-03",
            "price": "67.41",
            "revenue": 72020
        },
        "2009-04": {
            "month": "2009-04",
            "price": "80.66",
            "revenue": 98919
        },
        "2009-05": {
            "month": "2009-05",
            "price": "90.54",
            "revenue": 68550
        },
        "2009-06": {
            "month": "2009-06",
            "price": "80.79",
            "revenue": 65711
        },
        "2009-07": {
            "month": "2009-07",
            "price": "85.33",
            "revenue": 55062
        },
        "2009-08": {
            "month": "2009-08",
            "price": "87.01",
            "revenue": 51277
        },
        "2009-09": {
            "month": "2009-09",
            "price": "88.45",
            "revenue": 39332
        },
        "2009-10": {
            "month": "2009-10",
            "price": "82.62",
            "revenue": 47715
        },
        "2009-11": {
            "month": "2009-11",
            "price": "83.40",
            "revenue": 31957
        },
        "2009-12": {
            "month": "2009-12",
            "price": "87.47",
            "revenue": 73381
        },
        "2010-01": {
            "month": "2010-01",
            "price": "81.43",
            "revenue": 67778
        },
        "2010-02": {
            "month": "2010-02",
            "price": "66.71",
            "revenue": 46359
        },
        "2010-03": {
            "month": "2010-03",
            "price": "71.10",
            "revenue": 119198
        },
        "2010-04": {
            "month": "2010-04",
            "price": "82.00",
            "revenue": 101747
        },
        "2010-05": {
            "month": "2010-05",
            "price": "77.31",
            "revenue": 105929
        },
        "2010-06": {
            "month": "2010-06",
            "price": "71.71",
            "revenue": 116551
        },
        "2010-07": {
            "month": "2010-07",
            "price": "72.89",
            "revenue": 194261
        },
        "2010-08": {
            "month": "2010-08",
            "price": "73.73",
            "revenue": 141253
        },
        "2010-09": {
            "month": "2010-09",
            "price": "71.78",
            "revenue": 209695
        },
        "2010-10": {
            "month": "2010-10",
            "price": "76.70",
            "revenue": 416608
        },
        "2010-11": {
            "month": "2010-11",
            "price": "85.05",
            "revenue": 515983
        },
        "2010-12": {
            "month": "2010-12",
            "price": "104.37",
            "revenue": 727580
        },
        "2011-01": {
            "month": "2011-01",
            "price": "114.62",
            "revenue": 679327
        },
        "2011-02": {
            "month": "2011-02",
            "price": "118.25",
            "revenue": 626494
        },
        "2011-03": {
            "month": "2011-03",
            "price": "132.37",
            "revenue": 771537
        },
        "2011-04": {
            "month": "2011-04",
            "price": "164.55",
            "revenue": 858807
        },
        "2011-05": {
            "month": "2011-05",
            "price": "180.45",
            "revenue": 1354405
        },
        "2011-06": {
            "month": "2011-06",
            "price": "184.83",
            "revenue": 1433851
        },
        "2011-07": {
            "month": "2011-07",
            "price": "220.12",
            "revenue": 1491837
        },
        "2011-08": {
            "month": "2011-08",
            "price": "236.89",
            "revenue": 1932457
        },
        "2011-09": {
            "month": "2011-09",
            "price": "199.26",
            "revenue": 3815779
        },
        "2011-10": {
            "month": "2011-10",
            "price": "171.42",
            "revenue": 3211244
        },
        "2011-11": {
            "month": "2011-11",
            "price": "160.93",
            "revenue": 2605217
        },
        "2011-12": {
            "month": "2011-12",
            "price": "136.32",
            "revenue": 3247339
        },
        "2012-01": {
            "month": "2012-01",
            "price": "158.73",
            "revenue": 2815936
        },
        "2012-02": {
            "month": "2012-02",
            "price": "198.12",
            "revenue": 2819722
        },
        "2012-03": {
            "month": "2012-03",
            "price": "217.26",
            "revenue": 3018500
        },
        "2012-04": {
            "month": "2012-04",
            "price": "199.50",
            "revenue": 3024521
        },
        "2012-05": {
            "month": "2012-05",
            "price": "186.84",
            "revenue": 3293325
        },
        "2012-06": {
            "month": "2012-06",
            "price": "192.07",
            "revenue": 3330514
        },
        "2012-07": {
            "month": "2012-07",
            "price": "176.89",
            "revenue": 3095426
        },
        "2012-08": {
            "month": "2012-08",
            "price": "148.16",
            "revenue": 2711160
        },
        "2012-09": {
            "month": "2012-09",
            "price": "145.88",
            "revenue": 3005627
        },
        "2012-10": {
            "month": "2012-10",
            "price": "133.09",
            "revenue": 3053919
        },
        "2012-11": {
            "month": "2012-11",
            "price": "136.41",
            "revenue": 3103269
        },
        "2012-12": {
            "month": "2012-12",
            "price": "143.52",
            "revenue": 3755787
        },
        "2013-01": {
            "month": "2013-01",
            "price": "134.93",
            "revenue": 3298357
        },
        "2013-02": {
            "month": "2013-02",
            "price": "135.15",
            "revenue": 2052996
        },
        "2013-03": {
            "month": "2013-03",
            "price": "130.43",
            "revenue": 3878853
        },
        "2013-04": {
            "month": "2013-04",
            "price": "145.28",
            "revenue": 3615279
        },
        "2013-05": {
            "month": "2013-05",
            "price": "159.50",
            "revenue": 3493259
        },
        "2013-06": {
            "month": "2013-06",
            "price": "156.76",
            "revenue": 3350675
        },
        "2013-07": {
            "month": "2013-07",
            "price": "143.93",
            "revenue": 3395000
        },
        "2013-08": {
            "month": "2013-08",
            "price": "143.17",
            "revenue": 3226323
        },
        "2013-09": {
            "month": "2013-09",
            "price": "150.82",
            "revenue": 3810028
        },
        "2013-10": {
            "month": "2013-10",
            "price": "165.86",
            "revenue": 4553560
        },
        "2013-11": {
            "month": "2013-11",
            "price": "177.52",
            "revenue": 4651582
        },
        "2013-12": {
            "month": "2013-12",
            "price": "189.57",
            "revenue": 3906389
        },
        "2014-01": {
            "month": "2014-01",
            "price": "201.47",
            "revenue": 3576942
        },
        "2014-02": {
            "month": "2014-02",
            "price": "217.29",
            "revenue": 2762558
        },
        "2014-03": {
            "month": "2014-03",
            "price": "219.90",
            "revenue": 4075979
        },
        "2014-04": {
            "month": "2014-04",
            "price": "238.71",
            "revenue": 4269960
        },
        "2014-05": {
            "month": "2014-05",
            "price": "267.00",
            "revenue": 4417724
        },
        "2014-06": {
            "month": "2014-06",
            "price": "281.88",
            "revenue": 4629565
        },
        "2014-07": {
            "month": "2014-07",
            "price": "274.16",
            "revenue": 4644371
        },
        "2014-08": {
            "month": "2014-08",
            "price": "283.05",
            "revenue": 5004630
        },
        "2014-09": {
            "month": "2014-09",
            "price": "293.71",
            "revenue": 4880132
        },
        "2014-10": {
            "month": "2014-10",
            "price": "265.18",
            "revenue": 5410168
        },
        "2014-11": {
            "month": "2014-11",
            "price": "254.35",
            "revenue": 5551220
        },
        "2014-12": {
            "month": "2014-12",
            "price": "247.79",
            "revenue": 6044690
        },
        "2015-01": {
            "month": "2015-01",
            "price": "263.85",
            "revenue": 5963702
        },
        "2015-02": {
            "month": "2015-02",
            "price": "286.23",
            "revenue": 4505494
        },
        "2015-03": {
            "month": "2015-03",
            "price": "307.55",
            "revenue": 6932408
        },
        "2015-04": {
            "month": "2015-04",
            "price": "356.60",
            "revenue": 7088001
        },
        "2015-05": {
            "month": "2015-05",
            "price": "351.50",
            "revenue": 6853928
        },
        "2015-06": {
            "month": "2015-06",
            "price": "362.33",
            "revenue": 6188471
        },
        "2015-07": {
            "month": "2015-07",
            "price": "367.45",
            "revenue": 6235931
        },
        "2015-08": {
            "month": "2015-08",
            "price": "336.55",
            "revenue": 7186002
        },
        "2015-09": {
            "month": "2015-09",
            "price": "332.82",
            "revenue": 7982270
        },
        "2015-10": {
            "month": "2015-10",
            "price": "338.50",
            "revenue": 8224925
        },
        "2015-11": {
            "month": "2015-11",
            "price": "320.81",
            "revenue": 8341327
        },
        "2015-12": {
            "month": "2015-12",
            "price": "297.54",
            "revenue": 6913754
        },
        "2016-01": {
            "month": "2016-01",
            "price": "229.93",
            "revenue": 6231066
        },
        "2016-02": {
            "month": "2016-02",
            "price": "248.27",
            "revenue": 4167468
        },
        "2016-03": {
            "month": "2016-03",
            "price": "274.28",
            "revenue": 6442754
        },
        "2016-04": {
            "month": "2016-04",
            "price": "248.26",
            "revenue": 6035124
        },
        "2016-05": {
            "month": "2016-05",
            "price": "226.24",
            "revenue": 5877849
        },
        "2016-06": {
            "month": "2016-06",
            "price": "243.81",
            "revenue": 5608145
        },
        "2016-07": {
            "month": "2016-07",
            "price": "232.18",
            "revenue": 5996240
        },
        "2016-08": {
            "month": "2016-08",
            "price": "221.96",
            "revenue": 7002104
        },
        "2016-09": {
            "month": "2016-09",
            "price": "247.21",
            "revenue": 7722300
        },
        "2016-10": {
            "month": "2016-10",
            "price": "248.98",
            "revenue": 8181396
        },
        "2016-11": {
            "month": "2016-11",
            "price": "224.43",
            "revenue": 8205234
        },
        "2016-12": {
            "month": "2016-12",
            "price": "230.14",
            "revenue": 7627387
        },
        "2017-01": {
            "month": "2017-01",
            "price": "226.72",
            "revenue": 4860112
        },
        "2017-02": {
            "month": "2017-02",
            "price": "260.14",
            "revenue": 4744537
        },
        "2017-03": {
            "month": "2017-03",
            "price": "274.43",
            "revenue": 4971022
        },
        "2017-04": {
            "month": "2017-04",
            "price": "297.92",
            "revenue": 5135626
        },
        "2017-05": {
            "month": "2017-05",
            "price": "321.82",
            "revenue": 6084016
        },
        "2017-06": {
            "month": "2017-06",
            "price": "355.07",
            "revenue": 7288788
        },
        "2017-07": {
            "month": "2017-07",
            "price": "370.29",
            "revenue": 7449235
        },
        "2017-08": {
            "month": "2017-08",
            "price": "377.13",
            "revenue": 8524135
        },
        "2017-09": {
            "month": "2017-09",
            "price": "328.14",
            "revenue": 11446428
        },
        "2017-10": {
            "month": "2017-10",
            "price": "311.42",
            "revenue": 12394217
        },
        "2017-11": {
            "month": "2017-11",
            "price": "332.57",
            "revenue": 11102938
        },
        "2017-12": {
            "month": "2017-12",
            "price": "323.45",
            "revenue": 9298197
        },
        "2018-01": {
            "month": "2018-01",
            "price": "330.70",
            "revenue": 8186342
        },
        "2018-02": {
            "month": "2018-02",
            "price": "343.31",
            "revenue": 5702116
        },
        "2018-03": {
            "month": "2018-03",
            "price": "360.43",
            "revenue": 6515240
        },
        "2018-04": {
            "month": "2018-04",
            "price": "349.92",
            "revenue": 6601495
        },
        "2018-05": {
            "month": "2018-05",
            "price": "341.89",
            "revenue": 6951476
        },
        "2018-06": {
            "month": "2018-06",
            "price": "346.82",
            "revenue": 7199129
        },
        "2018-07": {
            "month": "2018-07",
            "price": "357.64",
            "revenue": 7497361
        },
        "2018-08": {
            "month": "2018-08",
            "price": "368.72",
            "revenue": 8345571
        },
        "2018-09": {
            "month": "2018-09",
            "price": "351.50",
            "revenue": 9238292
        },
        "2018-10": {
            "month": "2018-10",
            "price": "308.98",
            "revenue": 12844321
        },
        "2018-11": {
            "month": "2018-11",
            "price": "262.02",
            "revenue": 9620769
        },
        "2018-12": {
            "month": "2018-12",
            "price": "232.12",
            "revenue": 6698179
        },
        "2019-01": {
            "month": "2019-01",
            "price": "217.81",
            "revenue": 4909171
        },
        "2019-02": {
            "month": "2019-02",
            "price": "242.42",
            "revenue": 3443737
        },
        "2019-03": {
            "month": "2019-03",
            "price": "229.00",
            "revenue": 7448163
        },
        "2019-04": {
            "month": "2019-04",
            "price": "254.18",
            "revenue": 4318484
        },
        "2019-05": {
            "month": "2019-05",
            "price": "218.73",
            "revenue": 5465236
        },
        "2019-06": {
            "month": "2019-06",
            "price": "211.39",
            "revenue": 6285347
        },
        "2019-07": {
            "month": "2019-07",
            "price": "228.67",
            "revenue": 8679950
        },
        "2019-08": {
            "month": "2019-08",
            "price": "216.98",
            "revenue": 8738308
        },
        "2019-09": {
            "month": "2019-09",
            "price": "230.05",
            "revenue": 10411242
        },
        "2019-10": {
            "month": "2019-10",
            "price": "256.02",
            "revenue": 12117330
        },
        "2019-11": {
            "month": "2019-11",
            "price": "267.86",
            "revenue": 10982354
        },
        "2019-12": {
            "month": "2019-12",
            "price": "244.61",
            "revenue": 8835934
        },
        "2020-01": {
            "month": "2020-01",
            "price": "240.93",
            "revenue": 7910613
        },
        "2020-02": {
            "month": "2020-02",
            "price": "244.45",
            "revenue": 2021545
        },
        "2020-03": {
            "month": "2020-03",
            "price": "205.73",
            "revenue": 7683468
        },
        "2020-04": {
            "month": "2020-04",
            "price": "212.70",
            "revenue": 7719226
        },
        "2020-05": {
            "month": "2020-05",
            "price": "225.98",
            "revenue": 7349564
        },
        "2020-06": {
            "month": "2020-06",
            "price": "222.22",
            "revenue": 7468037
        },
        "2020-07": {
            "month": "2020-07",
            "price": "225.46",
            "revenue": 7851674
        },
        "2020-08": {
            "month": "2020-08",
            "price": "211.40",
            "revenue": 7723815
        },
        "2020-09": {
            "month": "2020-09",
            "price": "186.34",
            "revenue": 8095148
        },
        "2020-10": {
            "month": "2020-10",
            "price": "180.53",
            "revenue": 6212330
        },
        "2020-11": {
            "month": "2020-11",
            "price": "188.95",
            "revenue": 5856776
        },
        "2020-12": {
            "month": "2020-12",
            "price": "200.41",
            "revenue": 6619783
        },
        "2021-01": {
            "month": "2021-01",
            "price": "206.08",
            "revenue": 4494733
        },
        "2021-02": {
            "month": "2021-02",
            "price": "194.23",
            "revenue": 3581531
        },
        "2021-03": {
            "month": "2021-03",
            "price": "201.20",
            "revenue": 4551809
        },
        "2021-04": {
            "month": "2021-04",
            "price": "203.39",
            "revenue": 3803553
        },
        "2021-05": {
            "month": "2021-05",
            "price": "182.69",
            "revenue": 3265197
        },
        "2021-06": {
            "month": "2021-06",
            "price": "180.93",
            "revenue": 3334610
        },
        "2021-07": {
            "month": "2021-07",
            "price": "184.98",
            "revenue": 3471053
        },
        "2021-08": {
            "month": "2021-08",
            "price": "179.14",
            "revenue": 3246947
        },
        "2021-09": {
            "month": "2021-09",
            "price": "162.72",
            "revenue": 3151666
        },
        "2021-10": {
            "month": "2021-10",
            "price": "162.90",
            "revenue": 2831158
        },
        "2021-11": {
            "month": "2021-11",
            "price": "160.20",
            "revenue": 2732189
        },
        "2021-12": {
            "month": "2021-12",
            "price": "154.36",
            "revenue": 2632809
        },
        "2022-01": {
            "month": "2022-01",
            "price": "159.31",
            "revenue": 2835937
        },
        "2022-02": {
            "month": "2022-02",
            "price": "153.20",
            "revenue": 1702298
        },
        "2022-03": {
            "month": "2022-03",
            "price": "146.13",
            "revenue": 2683297
        },
        "2022-04": {
            "month": "2022-04",
            "price": "145.71",
            "revenue": 1117662
        },
        "2022-05": {
            "month": "2022-05",
            "price": "156.17",
            "revenue": 1950012
        },
        "2022-06": {
            "month": "2022-06",
            "price": "167.88",
            "revenue": 2202865
        },
        "2022-07": {
            "month": "2022-07",
            "price": "165.29",
            "revenue": 2821398
        },
        "2022-08": {
            "month": "2022-08",
            "price": "176.54",
            "revenue": 2870083
        },
        "2022-09": {
            "month": "2022-09",
            "price": "171.98",
            "revenue": 2985095
        },
        "2022-10": {
            "month": "2022-10",
            "price": "169.20",
            "revenue": 2783005
        },
        "2022-11": {
            "month": "2022-11",
            "price": "179.39",
            "revenue": 2250352
        },
        "2022-12": {
            "month": "2022-12",
            "price": "172.20",
            "revenue": 1624090
        },
        "2023-01": {
            "month": "2023-01",
            "price": "174.62",
            "revenue": 1180703
        },
        "2023-02": {
            "month": "2023-02",
            "price": "187.42",
            "revenue": 1077556
        },
        "2023-03": {
            "month": "2023-03",
            "price": "187.65",
            "revenue": 1283315
        },
        "2023-04": {
            "month": "2023-04",
            "price": "182.91",
            "revenue": 2176745
        }
    }
}
