{
    "summary": {
        "stock_name": "華映",
        "stock_id": "2475",
        "category": "光電",
        "main_business": "平板顯示器<br>映像管<br>電子零組件",
        "website_url": "",
        "ceo": "林盛昌",
        "pe_ratio": -0,
        "report_year_from": 2001,
        "report_year_to": 2019,
        "age": 22,
        "eps_negative_percentage": 78,
        "eps_growth_avg": {
            "last_all": -50,
            "last_2y": -100,
            "last_4y": -100,
            "last_8y": -100,
            "last_12y": -100,
            "last_16y": -50,
            "last_20y": null,
            "at_2006_last_3y": 0,
            "at_2007_last_3y": 0,
            "at_2008_last_3y": -100,
            "at_2009_last_3y": -100,
            "at_2010_last_3y": -100,
            "at_2011_last_3y": -100,
            "at_2012_last_3y": null,
            "at_2013_last_3y": null,
            "at_2014_last_3y": null,
            "at_2015_last_3y": null,
            "at_2016_last_3y": null,
            "at_2017_last_3y": null,
            "at_2018_last_3y": -100,
            "at_2019_last_3y": -100,
            "at_2020_last_3y": -100,
            "at_2021_last_3y": -100,
            "at_2022_last_3y": -100,
            "at_2023_last_3y": -100,
            "at_2006_last_all": 0,
            "at_2007_last_all": 0,
            "at_2008_last_all": -33.33,
            "at_2009_last_all": -33.33,
            "at_2010_last_all": -33.33,
            "at_2011_last_all": -33.33,
            "at_2012_last_all": -33.33,
            "at_2013_last_all": -33.33,
            "at_2014_last_all": -33.33,
            "at_2015_last_all": -33.33,
            "at_2016_last_all": -33.33,
            "at_2017_last_all": -33.33,
            "at_2018_last_all": -50,
            "at_2019_last_all": -50,
            "at_2020_last_all": -50,
            "at_2021_last_all": -50,
            "at_2022_last_all": -50,
            "at_2023_last_all": -50
        },
        "latest_eps": -3.02,
        "latest_price": 0.17,
        "latest_roe": -96.56,
        "latest_gross_margin": -128.79,
        "latest_equity": -4561655,
        "latest_revenue": 3813731,
        "latest_gross_profit": -4911822,
        "latest_net_income": -17726130,
        "latest_debt_ratio": 113.59,
        "latest_current_ratio": 14.4,
        "latest_account_receivable_turnover_ratio": 1.93,
        "latest_inventory_turnover_ratio": 2.84,
        "latest_reinvestment_rate": null,
        "latest_research_to_sale_ratio": 27.87
    },
    "eps_dividends": {
        "1998": {
            "cash": 0,
            "stock": 2,
            "eps": 0
        },
        "1999": {
            "cash": 0,
            "stock": 1,
            "eps": 0
        },
        "2000": {
            "cash": 1,
            "stock": 1,
            "eps": 0
        },
        "2001": {
            "cash": 0,
            "stock": 2,
            "eps": -1.53
        },
        "2002": {
            "cash": 0,
            "stock": 0,
            "eps": -0.71
        },
        "2003": {
            "cash": 0,
            "stock": 0,
            "eps": 0.17
        },
        "2004": {
            "cash": 0,
            "stock": 0,
            "eps": 0.56
        },
        "2005": {
            "cash": 1,
            "stock": 1,
            "eps": -1.05
        },
        "2006": {
            "cash": 0,
            "stock": 0,
            "eps": -1.69
        },
        "2007": {
            "cash": 0,
            "stock": 0,
            "eps": 1.02
        },
        "2008": {
            "cash": 0,
            "stock": 0,
            "eps": -1.46
        },
        "2009": {
            "cash": 0,
            "stock": 0,
            "eps": -3.84
        },
        "2010": {
            "cash": 0,
            "stock": 0,
            "eps": -2.12
        },
        "2011": {
            "cash": 0,
            "stock": 0,
            "eps": -1.91
        },
        "2012": {
            "cash": 0,
            "stock": 0,
            "eps": -1.81
        },
        "2013": {
            "cash": 0,
            "stock": 0,
            "eps": -0.75
        },
        "2014": {
            "cash": 0,
            "stock": 0,
            "eps": -0.61
        },
        "2015": {
            "cash": 0,
            "stock": 0,
            "eps": -1.36
        },
        "2016": {
            "cash": 0,
            "stock": 0,
            "eps": -0.28
        },
        "2017": {
            "cash": 0,
            "stock": 0,
            "eps": 0.46
        },
        "2018": {
            "cash": 0,
            "stock": 0,
            "eps": -3.02
        }
    },
    "dividends": {
        "1998-06-10": {
            "cash": 0,
            "stock": 2
        },
        "1999-06-08": {
            "cash": 0,
            "stock": 1.2
        },
        "2000-06-08": {
            "cash": 1,
            "stock": 1
        },
        "2001-05-31": {
            "cash": 0,
            "stock": 1.5
        },
        "2005-03-29": {
            "cash": 0.6,
            "stock": 0.9
        },
        "2008-04-22": {
            "cash": 0.4,
            "stock": 0
        }
    },
    "prices": {
        "200101": "無",
        "200102": "無",
        "200103": "無",
        "200104": "無",
        "200105": "無",
        "200106": "無",
        "200107": "無",
        "200108": "無",
        "200109": "7.49",
        "200110": "7.54",
        "200111": "13.50",
        "200112": "22.93",
        "200201": "35.60",
        "200202": "41.12",
        "200203": "39.79",
        "200204": "39.00",
        "200205": "29.84",
        "200206": "25.47",
        "200207": "22.44",
        "200208": "18.03",
        "200209": "12.89",
        "200210": "11.89",
        "200211": "13.91",
        "200212": "12.40",
        "200301": "12.96",
        "200302": "12.37",
        "200303": "11.21",
        "200304": "10.46",
        "200305": "8.39",
        "200306": "11.95",
        "200307": "16.53",
        "200308": "17.44",
        "200309": "16.71",
        "200310": "15.51",
        "200311": "15.38",
        "200312": "14.57",
        "200401": "15.30",
        "200402": "16.62",
        "200403": "20.78",
        "200404": "23.16",
        "200405": "19.57",
        "200406": "17.70",
        "200407": "16.22",
        "200408": "14.53",
        "200409": "15.39",
        "200410": "14.24",
        "200411": "12.83",
        "200412": "13.83",
        "200501": "13.44",
        "200502": "14.07",
        "200503": "12.85",
        "200504": "13.21",
        "200505": "13.58",
        "200506": "14.25",
        "200507": "13.38",
        "200508": "11.70",
        "200509": "9.82",
        "200510": "8.23",
        "200511": "8.40",
        "200512": "8.60",
        "200601": "9.78",
        "200602": "9.31",
        "200603": "8.35",
        "200604": "9.16",
        "200605": "8.67",
        "200606": "7.33",
        "200607": "7.14",
        "200608": "6.94",
        "200609": "6.63",
        "200610": "6.67",
        "200611": "6.49",
        "200612": "6.83",
        "200701": "6.68",
        "200702": "6.47",
        "200703": "6.08",
        "200704": "7.45",
        "200705": "8.40",
        "200706": "8.81",
        "200707": "9.38",
        "200708": "8.96",
        "200709": "8.45",
        "200710": "10.27",
        "200711": "12.15",
        "200712": "11.38",
        "200801": "10.10",
        "200802": "9.68",
        "200803": "10.03",
        "200804": "9.68",
        "200805": "9.95",
        "200806": "9.02",
        "200807": "7.60",
        "200808": "6.64",
        "200809": "5.26",
        "200810": "4.12",
        "200811": "2.68",
        "200812": "2.90",
        "200901": "3.18",
        "200902": "3.18",
        "200903": "3.32",
        "200904": "4.95",
        "200905": "5.48",
        "200906": "4.76",
        "200907": "5.03",
        "200908": "3.96",
        "200909": "3.76",
        "200910": "3.63",
        "200911": "3.54",
        "200912": "4.06",
        "201001": "4.12",
        "201002": "3.47",
        "201003": "3.41",
        "201004": "3.36",
        "201005": "2.31",
        "201006": "2.11",
        "201007": "2.09",
        "201008": "2.29",
        "201009": "4.38",
        "201010": "4.44",
        "201011": "4.42",
        "201012": "4.34",
        "201101": "4.52",
        "201102": "4.03",
        "201103": "3.73",
        "201104": "3.77",
        "201105": "3.72",
        "201106": "3.61",
        "201107": "3.40",
        "201108": "2.79",
        "201109": "2.47",
        "201110": "2.11",
        "201111": "1.63",
        "201112": "1.18",
        "201201": "1.35",
        "201202": "2.03",
        "201203": "2.04",
        "201204": "1.72",
        "201205": "1.20",
        "201206": "1.09",
        "201207": "1.00",
        "201208": "0.84",
        "201209": "0.83",
        "201210": "0.87",
        "201211": "0.88",
        "201212": "0.98",
        "201301": "0.98",
        "201302": "0.96",
        "201303": "1.08",
        "201304": "1.48",
        "201305": "1.96",
        "201306": "1.88",
        "201307": "1.70",
        "201308": "1.56",
        "201309": "1.74",
        "201310": "1.64",
        "201311": "1.55",
        "201312": "1.70",
        "201401": "1.87",
        "201402": "1.81",
        "201403": "1.83",
        "201404": "1.94",
        "201405": "1.83",
        "201406": "1.80",
        "201407": "1.84",
        "201408": "1.68",
        "201409": "1.77",
        "201410": "1.64",
        "201411": "1.41",
        "201412": "1.32",
        "201501": "1.47",
        "201502": "1.51",
        "201503": "1.47",
        "201504": "1.37",
        "201505": "1.21",
        "201506": "1.20",
        "201507": "1.08",
        "201508": "0.85",
        "201509": "0.91",
        "201510": "0.88",
        "201511": "0.73",
        "201512": "0.70",
        "201601": "0.74",
        "201602": "0.73",
        "201603": "0.71",
        "201604": "0.61",
        "201605": "0.49",
        "201606": "0.50",
        "201607": "0.96",
        "201608": "0.96",
        "201609": "1.38",
        "201610": "1.62",
        "201611": "1.37",
        "201612": "1.33",
        "201701": "1.38",
        "201702": "1.58",
        "201703": "1.48",
        "201704": "1.39",
        "201705": "1.39",
        "201706": "1.44",
        "201707": "1.68",
        "201708": "1.78",
        "201709": "2.49",
        "201710": "3.13",
        "201711": "2.66",
        "201712": "2.45",
        "201801": "2.44",
        "201802": "2.34",
        "201803": "2.34",
        "201804": "1.99",
        "201805": "1.87",
        "201806": "2.06",
        "201807": "2.00",
        "201808": "1.88",
        "201809": "1.92",
        "201810": "1.55",
        "201811": "1.37",
        "201812": "1.00",
        "201901": "0.56",
        "201902": "0.61",
        "201903": "0.51",
        "201904": "0.20",
        "201905": "0.18",
        "201906": "無",
        "201907": "無",
        "201908": "無",
        "201909": "無",
        "201910": "無",
        "201911": "無",
        "201912": "無",
        "202001": "無",
        "202002": "無",
        "202003": "無",
        "202004": "無",
        "202005": "無",
        "202006": "無",
        "202007": "無",
        "202008": "無",
        "202009": "無",
        "202010": "無",
        "202011": "無",
        "202012": "無",
        "202101": "無",
        "202102": "無",
        "202103": "無",
        "202104": "無",
        "202105": "無",
        "202106": "無",
        "202107": "無",
        "202108": "無",
        "202109": "無",
        "202110": "無",
        "202111": "無",
        "202112": "無",
        "202201": "無",
        "202202": "無",
        "202203": "無",
        "202204": "無",
        "202205": "無",
        "202206": "無",
        "202207": "無",
        "202208": "無",
        "202209": "無",
        "202210": "無",
        "202211": "無",
        "202212": "無",
        "202301": "無",
        "202302": "無",
        "202303": "無",
        "202304": "無",
        "202305": "無"
    },
    "quarters": {
        "20011": {
            "year_quarter": 20011,
            "year": 2001,
            "quarter": 1,
            "eps": 0.01,
            "eps_growth_year": -98.31,
            "eps_4q": 2.17,
            "eps_4q_growth_year": -4.53,
            "roe": 0.06,
            "roe_4q": 0.06,
            "gross_profit": 340512,
            "gross_margin": 4.54,
            "gross_margin_4q_avg": 4.54,
            "net_income": 28607,
            "revenue": 7507616,
            "common_shares": 37720000,
            "book_valuer_per_share": 13.47,
            "book_valuer_per_share_4q_avg": 13.47,
            "equity": 50797897,
            "current_ratio": 123.61,
            "debt_ratio": 42.01,
            "inventory_turnover_ratio": 1.09,
            "account_receivable_turnover_ratio": null,
            "reinvestment_rate": null,
            "research_to_sale_ratio": null,
            "price_fair": 0,
            "eps_avg_yearly": 0,
            "eps_latest_yearly": 0,
            "eps_growth_yearly": 0
        },
        "20012": {
            "year_quarter": 20012,
            "year": 2001,
            "quarter": 2,
            "eps": -0.25,
            "eps_growth_year": -132.47,
            "eps_4q": 0.7,
            "eps_4q_growth_year": -73.26,
            "roe": -1.88,
            "roe_4q": -1.8199999999999998,
            "gross_profit": -365197,
            "gross_margin": -5.01,
            "gross_margin_4q_avg": -0.24,
            "net_income": -949352,
            "revenue": 7293880,
            "common_shares": 37720000,
            "book_valuer_per_share": 13.32,
            "book_valuer_per_share_4q_avg": 13.4,
            "equity": 50239596,
            "current_ratio": 100.38,
            "debt_ratio": 46.22,
            "inventory_turnover_ratio": 1.94,
            "account_receivable_turnover_ratio": null,
            "reinvestment_rate": null,
            "research_to_sale_ratio": null,
            "price_fair": 0,
            "eps_avg_yearly": 0,
            "eps_latest_yearly": 0,
            "eps_growth_yearly": 0
        },
        "20013": {
            "year_quarter": 20013,
            "year": 2001,
            "quarter": 3,
            "eps": -0.66,
            "eps_growth_year": -203.12,
            "eps_4q": -0.7,
            "eps_4q_growth_year": -127.79,
            "roe": -5.94,
            "roe_4q": -7.760000000000001,
            "gross_profit": -851406,
            "gross_margin": -11.07,
            "gross_margin_4q_avg": -3.85,
            "net_income": -2880893,
            "revenue": 7694318,
            "common_shares": 37720000,
            "book_valuer_per_share": 12.4,
            "book_valuer_per_share_4q_avg": 13.06,
            "equity": 46754360,
            "current_ratio": 89.56,
            "debt_ratio": 50.55,
            "inventory_turnover_ratio": 2.45,
            "account_receivable_turnover_ratio": null,
            "reinvestment_rate": null,
            "research_to_sale_ratio": null,
            "price_fair": 0,
            "eps_avg_yearly": 0,
            "eps_latest_yearly": 0,
            "eps_growth_yearly": 0
        },
        "20014": {
            "year_quarter": 20014,
            "year": 2001,
            "quarter": 4,
            "eps": -0.63,
            "eps_growth_year": -310,
            "eps_4q": -1.51,
            "eps_4q_growth_year": -170.56,
            "roe": -5.92,
            "roe_4q": -13.679999999999998,
            "gross_profit": -682140,
            "gross_margin": -6.93,
            "gross_margin_4q_avg": -4.62,
            "net_income": -2721272,
            "revenue": 9846417,
            "common_shares": 43752748,
            "book_valuer_per_share": 10.22,
            "book_valuer_per_share_4q_avg": 12.35,
            "equity": 45136612,
            "current_ratio": 94.49,
            "debt_ratio": 60.46,
            "inventory_turnover_ratio": 2.13,
            "account_receivable_turnover_ratio": null,
            "reinvestment_rate": null,
            "research_to_sale_ratio": null,
            "price_fair": 0,
            "eps_avg_yearly": 0,
            "eps_latest_yearly": 0,
            "eps_growth_yearly": 0
        },
        "20021": {
            "year_quarter": 20021,
            "year": 2002,
            "quarter": 1,
            "eps": 0.4,
            "eps_growth_year": 3900,
            "eps_4q": -1.07,
            "eps_4q_growth_year": -149.15,
            "roe": 3.72,
            "roe_4q": -10.02,
            "gross_profit": 1854425,
            "gross_margin": 15.74,
            "gross_margin_4q_avg": -1.82,
            "net_income": 1788667,
            "revenue": 11785132,
            "common_shares": 43752748,
            "book_valuer_per_share": 11.69,
            "book_valuer_per_share_4q_avg": 11.91,
            "equity": 51143661,
            "current_ratio": 98.66,
            "debt_ratio": 49.6,
            "inventory_turnover_ratio": 1.82,
            "account_receivable_turnover_ratio": null,
            "reinvestment_rate": null,
            "research_to_sale_ratio": null,
            "price_fair": 0,
            "eps_avg_yearly": 0,
            "eps_latest_yearly": 0,
            "eps_growth_yearly": 0
        },
        "20022": {
            "year_quarter": 20022,
            "year": 2002,
            "quarter": 2,
            "eps": 0.35,
            "eps_growth_year": null,
            "eps_4q": -0.49,
            "eps_4q_growth_year": -170.17,
            "roe": 3.09,
            "roe_4q": -5.05,
            "gross_profit": 2831119,
            "gross_margin": 22.16,
            "gross_margin_4q_avg": 4.98,
            "net_income": 1584699,
            "revenue": 12774516,
            "common_shares": 45062011,
            "book_valuer_per_share": 11.44,
            "book_valuer_per_share_4q_avg": 11.44,
            "equity": 51572637,
            "current_ratio": 105.96,
            "debt_ratio": 47.49,
            "inventory_turnover_ratio": 2.19,
            "account_receivable_turnover_ratio": null,
            "reinvestment_rate": null,
            "research_to_sale_ratio": null,
            "price_fair": 4.2,
            "eps_avg_yearly": 1.4,
            "eps_latest_yearly": 1.4,
            "eps_growth_yearly": -50
        },
        "20023": {
            "year_quarter": 20023,
            "year": 2002,
            "quarter": 3,
            "eps": 0.12,
            "eps_growth_year": null,
            "eps_4q": 0.26,
            "eps_4q_growth_year": null,
            "roe": 0.96,
            "roe_4q": 1.8499999999999996,
            "gross_profit": 1480237,
            "gross_margin": 15.64,
            "gross_margin_4q_avg": 11.65,
            "net_income": 542271,
            "revenue": 9467336,
            "common_shares": 51062011,
            "book_valuer_per_share": 11.94,
            "book_valuer_per_share_4q_avg": 11.32,
            "equity": 60979695,
            "current_ratio": 151.92,
            "debt_ratio": 41.95,
            "inventory_turnover_ratio": 1.73,
            "account_receivable_turnover_ratio": null,
            "reinvestment_rate": null,
            "research_to_sale_ratio": null,
            "price_fair": 2.82,
            "eps_avg_yearly": 0.94,
            "eps_latest_yearly": 0.48,
            "eps_growth_yearly": -156.43
        },
        "20024": {
            "year_quarter": 20024,
            "year": 2002,
            "quarter": 4,
            "eps": -1.58,
            "eps_growth_year": null,
            "eps_4q": -0.76,
            "eps_4q_growth_year": null,
            "roe": -12.66,
            "roe_4q": -4.889999999999999,
            "gross_profit": -1914634,
            "gross_margin": -29.88,
            "gross_margin_4q_avg": 5.92,
            "net_income": -7358241,
            "revenue": 6407861,
            "common_shares": 51062011,
            "book_valuer_per_share": 10.61,
            "book_valuer_per_share_4q_avg": 11.42,
            "equity": 55255915,
            "current_ratio": 144.35,
            "debt_ratio": 54.51,
            "inventory_turnover_ratio": 1.25,
            "account_receivable_turnover_ratio": null,
            "reinvestment_rate": 525.38,
            "research_to_sale_ratio": null,
            "price_fair": 2.82,
            "eps_avg_yearly": 0.94,
            "eps_latest_yearly": 0.48,
            "eps_growth_yearly": -156.43
        },
        "20031": {
            "year_quarter": 20031,
            "year": 2003,
            "quarter": 1,
            "eps": -0.22,
            "eps_growth_year": -155,
            "eps_4q": -1.24,
            "eps_4q_growth_year": null,
            "roe": -2.09,
            "roe_4q": -10.7,
            "gross_profit": -482789,
            "gross_margin": -6.47,
            "gross_margin_4q_avg": 0.36,
            "net_income": -1126094,
            "revenue": 7456533,
            "common_shares": 51062011,
            "book_valuer_per_share": 10.29,
            "book_valuer_per_share_4q_avg": 11.07,
            "equity": 52535510,
            "current_ratio": 99.01,
            "debt_ratio": 50.65,
            "inventory_turnover_ratio": 1.27,
            "account_receivable_turnover_ratio": null,
            "reinvestment_rate": 873.71,
            "research_to_sale_ratio": null,
            "price_fair": 2.82,
            "eps_avg_yearly": 0.94,
            "eps_latest_yearly": 0.48,
            "eps_growth_yearly": -156.43
        },
        "20032": {
            "year_quarter": 20032,
            "year": 2003,
            "quarter": 2,
            "eps": -0.14,
            "eps_growth_year": -140,
            "eps_4q": -1.69,
            "eps_4q_growth_year": null,
            "roe": -1.34,
            "roe_4q": -15.129999999999999,
            "gross_profit": 566298,
            "gross_margin": 6.76,
            "gross_margin_4q_avg": -3.49,
            "net_income": -702804,
            "revenue": 8374953,
            "common_shares": 51062011,
            "book_valuer_per_share": 10.18,
            "book_valuer_per_share_4q_avg": 10.76,
            "equity": 51993723,
            "current_ratio": 85.56,
            "debt_ratio": 52.49,
            "inventory_turnover_ratio": 2.05,
            "account_receivable_turnover_ratio": null,
            "reinvestment_rate": 4115.95,
            "research_to_sale_ratio": null,
            "price_fair": 2.82,
            "eps_avg_yearly": 0.94,
            "eps_latest_yearly": 0.48,
            "eps_growth_yearly": -156.43
        },
        "20033": {
            "year_quarter": 20033,
            "year": 2003,
            "quarter": 3,
            "eps": 0,
            "eps_growth_year": -100,
            "eps_4q": -1.77,
            "eps_4q_growth_year": -771.3,
            "roe": 0.03,
            "roe_4q": -16.06,
            "gross_profit": 2087484,
            "gross_margin": 15.07,
            "gross_margin_4q_avg": -3.63,
            "net_income": 14403,
            "revenue": 13856173,
            "common_shares": 51698650,
            "book_valuer_per_share": 10.23,
            "book_valuer_per_share_4q_avg": 10.33,
            "equity": 52884550,
            "current_ratio": 94.74,
            "debt_ratio": 52.89,
            "inventory_turnover_ratio": 2.99,
            "account_receivable_turnover_ratio": null,
            "reinvestment_rate": null,
            "research_to_sale_ratio": null,
            "price_fair": 2.82,
            "eps_avg_yearly": 0.94,
            "eps_latest_yearly": 0.48,
            "eps_growth_yearly": -156.43
        },
        "20034": {
            "year_quarter": 20034,
            "year": 2003,
            "quarter": 4,
            "eps": 0.53,
            "eps_growth_year": null,
            "eps_4q": 0.18,
            "eps_4q_growth_year": null,
            "roe": 4.58,
            "roe_4q": 1.1800000000000006,
            "gross_profit": 3925330,
            "gross_margin": 22.05,
            "gross_margin_4q_avg": 9.35,
            "net_income": 2762621,
            "revenue": 17799174,
            "common_shares": 58908629,
            "book_valuer_per_share": 11.31,
            "book_valuer_per_share_4q_avg": 10.5,
            "equity": 67853745,
            "current_ratio": 142.31,
            "debt_ratio": 52.19,
            "inventory_turnover_ratio": 2.28,
            "account_receivable_turnover_ratio": null,
            "reinvestment_rate": null,
            "research_to_sale_ratio": null,
            "price_fair": 2.82,
            "eps_avg_yearly": 0.94,
            "eps_latest_yearly": 0.48,
            "eps_growth_yearly": -156.43
        },
        "20041": {
            "year_quarter": 20041,
            "year": 2004,
            "quarter": 1,
            "eps": 0.87,
            "eps_growth_year": null,
            "eps_4q": null,
            "eps_4q_growth_year": null,
            "roe": null,
            "roe_4q": 3.2700000000000005,
            "gross_profit": 7272000,
            "gross_margin": 23.37,
            "gross_margin_4q_avg": 16.81,
            "net_income": null,
            "revenue": 31122000,
            "common_shares": null,
            "book_valuer_per_share": null,
            "book_valuer_per_share_4q_avg": 7.93,
            "equity": null,
            "current_ratio": null,
            "debt_ratio": null,
            "inventory_turnover_ratio": 2.92,
            "account_receivable_turnover_ratio": null,
            "reinvestment_rate": null,
            "research_to_sale_ratio": null,
            "price_fair": 5.36,
            "eps_avg_yearly": 1.79,
            "eps_latest_yearly": 3.48,
            "eps_growth_yearly": -18.75
        },
        "20042": {
            "year_quarter": 20042,
            "year": 2004,
            "quarter": 2,
            "eps": null,
            "eps_growth_year": null,
            "eps_4q": null,
            "eps_4q_growth_year": null,
            "roe": null,
            "roe_4q": 4.61,
            "gross_profit": 9165000,
            "gross_margin": 26.48,
            "gross_margin_4q_avg": 21.74,
            "net_income": null,
            "revenue": 34609000,
            "common_shares": null,
            "book_valuer_per_share": null,
            "book_valuer_per_share_4q_avg": 5.39,
            "equity": null,
            "current_ratio": null,
            "debt_ratio": null,
            "inventory_turnover_ratio": null,
            "account_receivable_turnover_ratio": null,
            "reinvestment_rate": null,
            "research_to_sale_ratio": null,
            "price_fair": 5.36,
            "eps_avg_yearly": 1.79,
            "eps_latest_yearly": 3.48,
            "eps_growth_yearly": -18.75
        },
        "20043": {
            "year_quarter": 20043,
            "year": 2004,
            "quarter": 3,
            "eps": 0.39,
            "eps_growth_year": null,
            "eps_4q": null,
            "eps_4q_growth_year": null,
            "roe": 2.47,
            "roe_4q": 7.050000000000001,
            "gross_profit": 2258837,
            "gross_margin": 12.79,
            "gross_margin_4q_avg": 21.17,
            "net_income": 2504088,
            "revenue": 17666934,
            "common_shares": 68556349,
            "book_valuer_per_share": 14.79,
            "book_valuer_per_share_4q_avg": 6.53,
            "equity": 101374583,
            "current_ratio": 168.54,
            "debt_ratio": 36.99,
            "inventory_turnover_ratio": 2.82,
            "account_receivable_turnover_ratio": null,
            "reinvestment_rate": null,
            "research_to_sale_ratio": null,
            "price_fair": 5.36,
            "eps_avg_yearly": 1.79,
            "eps_latest_yearly": 3.48,
            "eps_growth_yearly": -18.75
        },
        "20044": {
            "year_quarter": 20044,
            "year": 2004,
            "quarter": 4,
            "eps": -0.7,
            "eps_growth_year": -232.08,
            "eps_4q": null,
            "eps_4q_growth_year": null,
            "roe": -4.59,
            "roe_4q": -2.1199999999999997,
            "gross_profit": -4172478,
            "gross_margin": -29.58,
            "gross_margin_4q_avg": 8.27,
            "net_income": -4530515,
            "revenue": 14106474,
            "common_shares": 68564159,
            "book_valuer_per_share": 13.82,
            "book_valuer_per_share_4q_avg": 7.15,
            "equity": 96214203,
            "current_ratio": 108.62,
            "debt_ratio": 53.03,
            "inventory_turnover_ratio": 2.23,
            "account_receivable_turnover_ratio": null,
            "reinvestment_rate": null,
            "research_to_sale_ratio": null,
            "price_fair": 5.36,
            "eps_avg_yearly": 1.79,
            "eps_latest_yearly": 3.48,
            "eps_growth_yearly": -18.75
        },
        "20051": {
            "year_quarter": 20051,
            "year": 2005,
            "quarter": 1,
            "eps": -0.59,
            "eps_growth_year": -167.82,
            "eps_4q": null,
            "eps_4q_growth_year": null,
            "roe": -4.26,
            "roe_4q": -6.379999999999999,
            "gross_profit": -3449802,
            "gross_margin": -26.86,
            "gross_margin_4q_avg": -4.29,
            "net_income": -3983640,
            "revenue": 12842898,
            "common_shares": 68634937,
            "book_valuer_per_share": 13.25,
            "book_valuer_per_share_4q_avg": 10.47,
            "equity": 90945235,
            "current_ratio": 96.11,
            "debt_ratio": 50.51,
            "inventory_turnover_ratio": 1.93,
            "account_receivable_turnover_ratio": null,
            "reinvestment_rate": null,
            "research_to_sale_ratio": null,
            "price_fair": 5.36,
            "eps_avg_yearly": 1.79,
            "eps_latest_yearly": 3.48,
            "eps_growth_yearly": -18.75
        },
        "20052": {
            "year_quarter": 20052,
            "year": 2005,
            "quarter": 2,
            "eps": -0.46,
            "eps_growth_year": null,
            "eps_4q": -1.24,
            "eps_4q_growth_year": null,
            "roe": -3.71,
            "roe_4q": -10.089999999999998,
            "gross_profit": -749289,
            "gross_margin": -4.35,
            "gross_margin_4q_avg": -12,
            "net_income": -3412939,
            "revenue": 17211308,
            "common_shares": 76103845,
            "book_valuer_per_share": 12.21,
            "book_valuer_per_share_4q_avg": 13.52,
            "equity": 92921924,
            "current_ratio": 101.89,
            "debt_ratio": 53.3,
            "inventory_turnover_ratio": 2.87,
            "account_receivable_turnover_ratio": null,
            "reinvestment_rate": null,
            "research_to_sale_ratio": null,
            "price_fair": 5.36,
            "eps_avg_yearly": 1.79,
            "eps_latest_yearly": 3.48,
            "eps_growth_yearly": -18.75
        },
        "20053": {
            "year_quarter": 20053,
            "year": 2005,
            "quarter": 3,
            "eps": -0.09,
            "eps_growth_year": -123.08,
            "eps_4q": -1.54,
            "eps_4q_growth_year": null,
            "roe": -0.75,
            "roe_4q": -13.309999999999999,
            "gross_profit": 433855,
            "gross_margin": 1.98,
            "gross_margin_4q_avg": -14.7,
            "net_income": -694597,
            "revenue": 21956277,
            "common_shares": 82119179,
            "book_valuer_per_share": 11.33,
            "book_valuer_per_share_4q_avg": 12.65,
            "equity": 93006222,
            "current_ratio": 77.66,
            "debt_ratio": 54.69,
            "inventory_turnover_ratio": 3.12,
            "account_receivable_turnover_ratio": null,
            "reinvestment_rate": null,
            "research_to_sale_ratio": null,
            "price_fair": 5.36,
            "eps_avg_yearly": 1.79,
            "eps_latest_yearly": 3.48,
            "eps_growth_yearly": -18.75
        },
        "20054": {
            "year_quarter": 20054,
            "year": 2005,
            "quarter": 4,
            "eps": 0.09,
            "eps_growth_year": null,
            "eps_4q": -0.9,
            "eps_4q_growth_year": null,
            "roe": 0.78,
            "roe_4q": -7.9399999999999995,
            "gross_profit": 2521684,
            "gross_margin": 9.53,
            "gross_margin_4q_avg": -4.93,
            "net_income": 738875,
            "revenue": 26447867,
            "common_shares": 82126048,
            "book_valuer_per_share": 11.44,
            "book_valuer_per_share_4q_avg": 12.06,
            "equity": 95386164,
            "current_ratio": 112.08,
            "debt_ratio": 61.35,
            "inventory_turnover_ratio": 2.21,
            "account_receivable_turnover_ratio": null,
            "reinvestment_rate": null,
            "research_to_sale_ratio": null,
            "price_fair": 5.36,
            "eps_avg_yearly": 1.79,
            "eps_latest_yearly": 3.48,
            "eps_growth_yearly": -18.75
        },
        "20061": {
            "year_quarter": 20061,
            "year": 2006,
            "quarter": 1,
            "eps": -0.18,
            "eps_growth_year": null,
            "eps_4q": -0.59,
            "eps_4q_growth_year": null,
            "roe": -1.57,
            "roe_4q": -5.25,
            "gross_profit": 2477183,
            "gross_margin": 10.22,
            "gross_margin_4q_avg": 4.35,
            "net_income": -1470146,
            "revenue": 24231276,
            "common_shares": 82126048,
            "book_valuer_per_share": 11.14,
            "book_valuer_per_share_4q_avg": 11.53,
            "equity": 91507058,
            "current_ratio": 78.24,
            "debt_ratio": 55.46,
            "inventory_turnover_ratio": 1.72,
            "account_receivable_turnover_ratio": null,
            "reinvestment_rate": null,
            "research_to_sale_ratio": null,
            "price_fair": 5.36,
            "eps_avg_yearly": 1.79,
            "eps_latest_yearly": 3.48,
            "eps_growth_yearly": -18.75
        },
        "20062": {
            "year_quarter": 20062,
            "year": 2006,
            "quarter": 2,
            "eps": -0.7,
            "eps_growth_year": null,
            "eps_4q": -0.88,
            "eps_4q_growth_year": null,
            "roe": -6.46,
            "roe_4q": -7.999999999999999,
            "gross_profit": -1104468,
            "gross_margin": -5.02,
            "gross_margin_4q_avg": 4.18,
            "net_income": -5778343,
            "revenue": 21996174,
            "common_shares": 82126048,
            "book_valuer_per_share": 10.64,
            "book_valuer_per_share_4q_avg": 11.14,
            "equity": 87405873,
            "current_ratio": 66.52,
            "debt_ratio": 58.14,
            "inventory_turnover_ratio": 1.92,
            "account_receivable_turnover_ratio": null,
            "reinvestment_rate": null,
            "research_to_sale_ratio": null,
            "price_fair": 5.94,
            "eps_avg_yearly": 1.98,
            "eps_latest_yearly": 3.48,
            "eps_growth_yearly": -3.13
        },
        "20063": {
            "year_quarter": 20063,
            "year": 2006,
            "quarter": 3,
            "eps": -0.56,
            "eps_growth_year": null,
            "eps_4q": -1.36,
            "eps_4q_growth_year": null,
            "roe": -5.41,
            "roe_4q": -12.660000000000002,
            "gross_profit": -4008032,
            "gross_margin": -14.75,
            "gross_margin_4q_avg": -0,
            "net_income": -4628237,
            "revenue": 27166113,
            "common_shares": 82126048,
            "book_valuer_per_share": 10.18,
            "book_valuer_per_share_4q_avg": 10.85,
            "equity": 83610108,
            "current_ratio": 66.88,
            "debt_ratio": 60.9,
            "inventory_turnover_ratio": 2.5,
            "account_receivable_turnover_ratio": null,
            "reinvestment_rate": null,
            "research_to_sale_ratio": null,
            "price_fair": 121.8,
            "eps_avg_yearly": 3.48,
            "eps_latest_yearly": 3.48,
            "eps_growth_yearly": 256.6
        },
        "20064": {
            "year_quarter": 20064,
            "year": 2006,
            "quarter": 4,
            "eps": -0.25,
            "eps_growth_year": -377.78,
            "eps_4q": -1.7,
            "eps_4q_growth_year": null,
            "roe": -2.5,
            "roe_4q": -15.940000000000001,
            "gross_profit": -535597,
            "gross_margin": -1.65,
            "gross_margin_4q_avg": -2.8,
            "net_income": -2090084,
            "revenue": 32532411,
            "common_shares": 82126048,
            "book_valuer_per_share": 10,
            "book_valuer_per_share_4q_avg": 10.49,
            "equity": 83470561,
            "current_ratio": 89.19,
            "debt_ratio": 66.26,
            "inventory_turnover_ratio": 2.18,
            "account_receivable_turnover_ratio": null,
            "reinvestment_rate": null,
            "research_to_sale_ratio": null,
            "price_fair": 121.8,
            "eps_avg_yearly": 3.48,
            "eps_latest_yearly": 3.48,
            "eps_growth_yearly": 256.6
        },
        "20071": {
            "year_quarter": 20071,
            "year": 2007,
            "quarter": 1,
            "eps": -0.37,
            "eps_growth_year": null,
            "eps_4q": -1.88,
            "eps_4q_growth_year": null,
            "roe": -3.77,
            "roe_4q": -18.14,
            "gross_profit": -309367,
            "gross_margin": -1.17,
            "gross_margin_4q_avg": -5.65,
            "net_income": -3068957,
            "revenue": 26504882,
            "common_shares": 82126048,
            "book_valuer_per_share": 9.66,
            "book_valuer_per_share_4q_avg": 10.12,
            "equity": 79309785,
            "current_ratio": 54.94,
            "debt_ratio": 61.04,
            "inventory_turnover_ratio": 1.82,
            "account_receivable_turnover_ratio": null,
            "reinvestment_rate": null,
            "research_to_sale_ratio": null,
            "price_fair": 121.8,
            "eps_avg_yearly": 3.48,
            "eps_latest_yearly": 3.48,
            "eps_growth_yearly": 256.6
        },
        "20072": {
            "year_quarter": 20072,
            "year": 2007,
            "quarter": 2,
            "eps": 0.06,
            "eps_growth_year": null,
            "eps_4q": -1.06,
            "eps_4q_growth_year": null,
            "roe": 0.65,
            "roe_4q": -11.030000000000001,
            "gross_profit": 817461,
            "gross_margin": 2.43,
            "gross_margin_4q_avg": -3.79,
            "net_income": 526076,
            "revenue": 33682920,
            "common_shares": 82126048,
            "book_valuer_per_share": 9.99,
            "book_valuer_per_share_4q_avg": 9.96,
            "equity": 82063080,
            "current_ratio": 54.98,
            "debt_ratio": 59.03,
            "inventory_turnover_ratio": 3.23,
            "account_receivable_turnover_ratio": null,
            "reinvestment_rate": null,
            "research_to_sale_ratio": null,
            "price_fair": 121.8,
            "eps_avg_yearly": 3.48,
            "eps_latest_yearly": 3.48,
            "eps_growth_yearly": 256.6
        },
        "20073": {
            "year_quarter": 20073,
            "year": 2007,
            "quarter": 3,
            "eps": 0.61,
            "eps_growth_year": null,
            "eps_4q": 0.06,
            "eps_4q_growth_year": null,
            "roe": 5.94,
            "roe_4q": 0.32000000000000073,
            "gross_profit": 9971637,
            "gross_margin": 23.56,
            "gross_margin_4q_avg": 5.79,
            "net_income": 5108158,
            "revenue": 42319954,
            "common_shares": 84849088,
            "book_valuer_per_share": 10.59,
            "book_valuer_per_share_4q_avg": 10.06,
            "equity": 89858222,
            "current_ratio": 65.12,
            "debt_ratio": 54.21,
            "inventory_turnover_ratio": 3.47,
            "account_receivable_turnover_ratio": null,
            "reinvestment_rate": null,
            "research_to_sale_ratio": null,
            "price_fair": 103.6,
            "eps_avg_yearly": 2.96,
            "eps_latest_yearly": 2.44,
            "eps_growth_yearly": 1961.64
        },
        "20074": {
            "year_quarter": 20074,
            "year": 2007,
            "quarter": 4,
            "eps": 0.72,
            "eps_growth_year": null,
            "eps_4q": 1.02,
            "eps_4q_growth_year": null,
            "roe": 6.42,
            "roe_4q": 9.24,
            "gross_profit": 8939534,
            "gross_margin": 21.57,
            "gross_margin_4q_avg": 11.6,
            "net_income": 6138076,
            "revenue": 41441009,
            "common_shares": 93737762,
            "book_valuer_per_share": 10.68,
            "book_valuer_per_share_4q_avg": 10.23,
            "equity": 101483871,
            "current_ratio": 101.59,
            "debt_ratio": 56.14,
            "inventory_turnover_ratio": 3.13,
            "account_receivable_turnover_ratio": null,
            "reinvestment_rate": null,
            "research_to_sale_ratio": null,
            "price_fair": 102.67,
            "eps_avg_yearly": 2.93,
            "eps_latest_yearly": 2.88,
            "eps_growth_yearly": 1331.8
        },
        "20081": {
            "year_quarter": 20081,
            "year": 2008,
            "quarter": 1,
            "eps": 0.55,
            "eps_growth_year": null,
            "eps_4q": 1.81,
            "eps_4q_growth_year": null,
            "roe": 4.93,
            "roe_4q": 17.939999999999998,
            "gross_profit": 7373042,
            "gross_margin": 18.24,
            "gross_margin_4q_avg": 16.45,
            "net_income": 5135288,
            "revenue": 40415480,
            "common_shares": 94809599,
            "book_valuer_per_share": 11.12,
            "book_valuer_per_share_4q_avg": 10.6,
            "equity": 106875911,
            "current_ratio": 121.88,
            "debt_ratio": 53.93,
            "inventory_turnover_ratio": 2.47,
            "account_receivable_turnover_ratio": null,
            "reinvestment_rate": null,
            "research_to_sale_ratio": null,
            "price_fair": 87.73,
            "eps_avg_yearly": 2.51,
            "eps_latest_yearly": 2.2,
            "eps_growth_yearly": 1214.78
        },
        "20082": {
            "year_quarter": 20082,
            "year": 2008,
            "quarter": 2,
            "eps": 0.11,
            "eps_growth_year": 83.33,
            "eps_4q": 1.79,
            "eps_4q_growth_year": null,
            "roe": 1.02,
            "roe_4q": 18.31,
            "gross_profit": 4359406,
            "gross_margin": 12.46,
            "gross_margin_4q_avg": 18.96,
            "net_income": 1074094,
            "revenue": 34979685,
            "common_shares": 94809598,
            "book_valuer_per_share": 10.7,
            "book_valuer_per_share_4q_avg": 10.77,
            "equity": 103043469,
            "current_ratio": 111.18,
            "debt_ratio": 53.82,
            "inventory_turnover_ratio": 1.76,
            "account_receivable_turnover_ratio": null,
            "reinvestment_rate": null,
            "research_to_sale_ratio": null,
            "price_fair": 69.65,
            "eps_avg_yearly": 1.99,
            "eps_latest_yearly": 0.44,
            "eps_growth_yearly": 831.09
        },
        "20083": {
            "year_quarter": 20083,
            "year": 2008,
            "quarter": 3,
            "eps": -0.64,
            "eps_growth_year": -204.92,
            "eps_4q": 0.66,
            "eps_4q_growth_year": 1061.89,
            "roe": -6.27,
            "roe_4q": 6.1,
            "gross_profit": -3204499,
            "gross_margin": -12.2,
            "gross_margin_4q_avg": 10.02,
            "net_income": -6203530,
            "revenue": 26256979,
            "common_shares": 94809598,
            "book_valuer_per_share": 9.85,
            "book_valuer_per_share_4q_avg": 10.59,
            "equity": 94834818,
            "current_ratio": 85.59,
            "debt_ratio": 53.84,
            "inventory_turnover_ratio": 1.61,
            "account_receivable_turnover_ratio": null,
            "reinvestment_rate": null,
            "research_to_sale_ratio": null,
            "price_fair": 69.65,
            "eps_avg_yearly": 1.99,
            "eps_latest_yearly": 0.44,
            "eps_growth_yearly": 831.09
        },
        "20084": {
            "year_quarter": 20084,
            "year": 2008,
            "quarter": 4,
            "eps": -1.48,
            "eps_growth_year": -305.56,
            "eps_4q": -1.47,
            "eps_4q_growth_year": -243.8,
            "roe": -15.65,
            "roe_4q": -15.970000000000002,
            "gross_profit": -6866450,
            "gross_margin": -40.84,
            "gross_margin_4q_avg": -5.59,
            "net_income": -13898767,
            "revenue": 16814688,
            "common_shares": 94809598,
            "book_valuer_per_share": 8.58,
            "book_valuer_per_share_4q_avg": 10.06,
            "equity": 82816158,
            "current_ratio": 71.12,
            "debt_ratio": 55.94,
            "inventory_turnover_ratio": 1.73,
            "account_receivable_turnover_ratio": 2.51,
            "reinvestment_rate": null,
            "research_to_sale_ratio": null,
            "price_fair": 69.65,
            "eps_avg_yearly": 1.99,
            "eps_latest_yearly": 0.44,
            "eps_growth_yearly": 831.09
        },
        "20091": {
            "year_quarter": 20091,
            "year": 2009,
            "quarter": 1,
            "eps": -1.19,
            "eps_growth_year": -316.36,
            "eps_4q": -3.18,
            "eps_4q_growth_year": -276.02,
            "roe": -14.55,
            "roe_4q": -35.449999999999996,
            "gross_profit": -7484252,
            "gross_margin": -73.49,
            "gross_margin_4q_avg": -28.52,
            "net_income": -11230475,
            "revenue": 10184226,
            "common_shares": 94809598,
            "book_valuer_per_share": 7.39,
            "book_valuer_per_share_4q_avg": 9.13,
            "equity": 71593258,
            "current_ratio": 58.49,
            "debt_ratio": 59.17,
            "inventory_turnover_ratio": 2.02,
            "account_receivable_turnover_ratio": 0.85,
            "reinvestment_rate": null,
            "research_to_sale_ratio": null,
            "price_fair": 69.65,
            "eps_avg_yearly": 1.99,
            "eps_latest_yearly": 0.44,
            "eps_growth_yearly": 831.09
        },
        "20092": {
            "year_quarter": 20092,
            "year": 2009,
            "quarter": 2,
            "eps": -1.03,
            "eps_growth_year": -1036.36,
            "eps_4q": -4.32,
            "eps_4q_growth_year": -342.18,
            "roe": -14.55,
            "roe_4q": -51.019999999999996,
            "gross_profit": -6295498,
            "gross_margin": -53.12,
            "gross_margin_4q_avg": -44.91,
            "net_income": -9721361,
            "revenue": 11852478,
            "common_shares": 94809598,
            "book_valuer_per_share": 6.38,
            "book_valuer_per_share_4q_avg": 8.05,
            "equity": 62004081,
            "current_ratio": 59.3,
            "debt_ratio": 61.61,
            "inventory_turnover_ratio": 2.72,
            "account_receivable_turnover_ratio": 1.27,
            "reinvestment_rate": null,
            "research_to_sale_ratio": null,
            "price_fair": 69.65,
            "eps_avg_yearly": 1.99,
            "eps_latest_yearly": 0.44,
            "eps_growth_yearly": 831.09
        },
        "20093": {
            "year_quarter": 20093,
            "year": 2009,
            "quarter": 3,
            "eps": -0.5,
            "eps_growth_year": null,
            "eps_4q": -3.32,
            "eps_4q_growth_year": -603.16,
            "roe": -7.19,
            "roe_4q": -51.940000000000005,
            "gross_profit": -2098643,
            "gross_margin": -11.09,
            "gross_margin_4q_avg": -44.64,
            "net_income": -4790916,
            "revenue": 18923280,
            "common_shares": 119809598,
            "book_valuer_per_share": 5.82,
            "book_valuer_per_share_4q_avg": 7.04,
            "equity": 71209940,
            "current_ratio": 73.84,
            "debt_ratio": 55.9,
            "inventory_turnover_ratio": 3.62,
            "account_receivable_turnover_ratio": 1.99,
            "reinvestment_rate": null,
            "research_to_sale_ratio": null,
            "price_fair": 69.65,
            "eps_avg_yearly": 1.99,
            "eps_latest_yearly": 0.44,
            "eps_growth_yearly": 831.09
        },
        "20094": {
            "year_quarter": 20094,
            "year": 2009,
            "quarter": 4,
            "eps": -1.12,
            "eps_growth_year": null,
            "eps_4q": -2.31,
            "eps_4q_growth_year": null,
            "roe": -18.52,
            "roe_4q": -54.81,
            "gross_profit": -3325898,
            "gross_margin": -19.61,
            "gross_margin_4q_avg": -39.33,
            "net_income": -12667093,
            "revenue": 16958654,
            "common_shares": 164857178,
            "book_valuer_per_share": 3.92,
            "book_valuer_per_share_4q_avg": 5.88,
            "equity": 65554992,
            "current_ratio": 80,
            "debt_ratio": 56.99,
            "inventory_turnover_ratio": 3.57,
            "account_receivable_turnover_ratio": 3.39,
            "reinvestment_rate": null,
            "research_to_sale_ratio": null,
            "price_fair": 69.65,
            "eps_avg_yearly": 1.99,
            "eps_latest_yearly": 0.44,
            "eps_growth_yearly": 831.09
        },
        "20101": {
            "year_quarter": 20101,
            "year": 2010,
            "quarter": 1,
            "eps": -0.16,
            "eps_growth_year": null,
            "eps_4q": -1.81,
            "eps_4q_growth_year": null,
            "roe": -4.13,
            "roe_4q": -44.39,
            "gross_profit": -228590,
            "gross_margin": -1.05,
            "gross_margin_4q_avg": -21.22,
            "net_income": -2723668,
            "revenue": 21809877,
            "common_shares": 164857178,
            "book_valuer_per_share": 3.74,
            "book_valuer_per_share_4q_avg": 4.97,
            "equity": 66452964,
            "current_ratio": 81.61,
            "debt_ratio": 56.13,
            "inventory_turnover_ratio": 3.59,
            "account_receivable_turnover_ratio": 2.04,
            "reinvestment_rate": null,
            "research_to_sale_ratio": 5.68,
            "price_fair": 69.65,
            "eps_avg_yearly": 1.99,
            "eps_latest_yearly": 0.44,
            "eps_growth_yearly": 831.09
        },
        "20102": {
            "year_quarter": 20102,
            "year": 2010,
            "quarter": 2,
            "eps": -0.23,
            "eps_growth_year": null,
            "eps_4q": -3.34,
            "eps_4q_growth_year": null,
            "roe": -2.18,
            "roe_4q": -32.019999999999996,
            "gross_profit": 1371868,
            "gross_margin": 5.67,
            "gross_margin_4q_avg": -6.52,
            "net_income": -1422940,
            "revenue": 24210244,
            "common_shares": 64967939,
            "book_valuer_per_share": 9.2,
            "book_valuer_per_share_4q_avg": 5.67,
            "equity": 64376653,
            "current_ratio": 93.32,
            "debt_ratio": 57.03,
            "inventory_turnover_ratio": 3.49,
            "account_receivable_turnover_ratio": 1.83,
            "reinvestment_rate": null,
            "research_to_sale_ratio": 5.61,
            "price_fair": 69.65,
            "eps_avg_yearly": 1.99,
            "eps_latest_yearly": 0.44,
            "eps_growth_yearly": 831.09
        },
        "20103": {
            "year_quarter": 20103,
            "year": 2010,
            "quarter": 3,
            "eps": -0.8,
            "eps_growth_year": null,
            "eps_4q": -3.38,
            "eps_4q_growth_year": null,
            "roe": -8.05,
            "roe_4q": -32.879999999999995,
            "gross_profit": -2948394,
            "gross_margin": -15.07,
            "gross_margin_4q_avg": -7.52,
            "net_income": -4984290,
            "revenue": 19562005,
            "common_shares": 64967939,
            "book_valuer_per_share": 8.39,
            "book_valuer_per_share_4q_avg": 6.31,
            "equity": 59458188,
            "current_ratio": 85.86,
            "debt_ratio": 58.05,
            "inventory_turnover_ratio": 3.37,
            "account_receivable_turnover_ratio": 1.41,
            "reinvestment_rate": null,
            "research_to_sale_ratio": 2.73,
            "price_fair": 69.65,
            "eps_avg_yearly": 1.99,
            "eps_latest_yearly": 0.44,
            "eps_growth_yearly": 831.09
        },
        "20104": {
            "year_quarter": 20104,
            "year": 2010,
            "quarter": 4,
            "eps": -0.93,
            "eps_growth_year": null,
            "eps_4q": -2.42,
            "eps_4q_growth_year": null,
            "roe": -10.9,
            "roe_4q": -25.26,
            "gross_profit": -2275549,
            "gross_margin": -14.13,
            "gross_margin_4q_avg": -6.15,
            "net_income": -5947603,
            "revenue": 16109601,
            "common_shares": 64967939,
            "book_valuer_per_share": 7.17,
            "book_valuer_per_share_4q_avg": 7.13,
            "equity": 49675543,
            "current_ratio": 78.47,
            "debt_ratio": 61,
            "inventory_turnover_ratio": 2.83,
            "account_receivable_turnover_ratio": 1.6,
            "reinvestment_rate": null,
            "research_to_sale_ratio": 12.72,
            "price_fair": 69.65,
            "eps_avg_yearly": 1.99,
            "eps_latest_yearly": 0.44,
            "eps_growth_yearly": 831.09
        },
        "20111": {
            "year_quarter": 20111,
            "year": 2011,
            "quarter": 1,
            "eps": -0.34,
            "eps_growth_year": null,
            "eps_4q": -2.32,
            "eps_4q_growth_year": null,
            "roe": -4.59,
            "roe_4q": -25.72,
            "gross_profit": -1638950,
            "gross_margin": -9.67,
            "gross_margin_4q_avg": -8.3,
            "net_income": -2219300,
            "revenue": 16948347,
            "common_shares": 64967939,
            "book_valuer_per_share": 6.75,
            "book_valuer_per_share_4q_avg": 7.88,
            "equity": 47111624,
            "current_ratio": 79.82,
            "debt_ratio": 60.95,
            "inventory_turnover_ratio": 2.67,
            "account_receivable_turnover_ratio": 2.21,
            "reinvestment_rate": null,
            "research_to_sale_ratio": 6.5,
            "price_fair": 69.65,
            "eps_avg_yearly": 1.99,
            "eps_latest_yearly": 0.44,
            "eps_growth_yearly": 831.09
        },
        "20112": {
            "year_quarter": 20112,
            "year": 2011,
            "quarter": 2,
            "eps": -0.48,
            "eps_growth_year": null,
            "eps_4q": -2.57,
            "eps_4q_growth_year": null,
            "roe": -6.36,
            "roe_4q": -29.900000000000002,
            "gross_profit": -1209614,
            "gross_margin": -7.4,
            "gross_margin_4q_avg": -11.57,
            "net_income": -2883552,
            "revenue": 16335091,
            "common_shares": 64967939,
            "book_valuer_per_share": 6.21,
            "book_valuer_per_share_4q_avg": 7.13,
            "equity": 43518045,
            "current_ratio": 74.02,
            "debt_ratio": 62.1,
            "inventory_turnover_ratio": 2.31,
            "account_receivable_turnover_ratio": 2.22,
            "reinvestment_rate": null,
            "research_to_sale_ratio": 6.69,
            "price_fair": 69.65,
            "eps_avg_yearly": 1.99,
            "eps_latest_yearly": 0.44,
            "eps_growth_yearly": 831.09
        },
        "20113": {
            "year_quarter": 20113,
            "year": 2011,
            "quarter": 3,
            "eps": -0.56,
            "eps_growth_year": null,
            "eps_4q": -2.33,
            "eps_4q_growth_year": null,
            "roe": -8.46,
            "roe_4q": -30.310000000000002,
            "gross_profit": -1363034,
            "gross_margin": -9.14,
            "gross_margin_4q_avg": -10.09,
            "net_income": -3538183,
            "revenue": 14909951,
            "common_shares": 64967939,
            "book_valuer_per_share": 5.64,
            "book_valuer_per_share_4q_avg": 6.44,
            "equity": 40113401,
            "current_ratio": 75.1,
            "debt_ratio": 63.92,
            "inventory_turnover_ratio": 2.28,
            "account_receivable_turnover_ratio": 2.4,
            "reinvestment_rate": null,
            "research_to_sale_ratio": 7.2,
            "price_fair": 5.52,
            "eps_avg_yearly": 1.84,
            "eps_latest_yearly": 0.44,
            "eps_growth_yearly": -114.1
        },
        "20114": {
            "year_quarter": 20114,
            "year": 2011,
            "quarter": 4,
            "eps": -0.53,
            "eps_growth_year": null,
            "eps_4q": -1.93,
            "eps_4q_growth_year": null,
            "roe": -8.79,
            "roe_4q": -28.2,
            "gross_profit": -1420524,
            "gross_margin": -10.7,
            "gross_margin_4q_avg": -9.23,
            "net_income": -3380253,
            "revenue": 13278009,
            "common_shares": 64794541,
            "book_valuer_per_share": 5.13,
            "book_valuer_per_share_4q_avg": 5.93,
            "equity": 36767396,
            "current_ratio": 68.77,
            "debt_ratio": 63.25,
            "inventory_turnover_ratio": 2.53,
            "account_receivable_turnover_ratio": 2.75,
            "reinvestment_rate": null,
            "research_to_sale_ratio": 9.57,
            "price_fair": 3.96,
            "eps_avg_yearly": 1.32,
            "eps_latest_yearly": 0.44,
            "eps_growth_yearly": -207.22
        },
        "20121": {
            "year_quarter": 20121,
            "year": 2012,
            "quarter": 1,
            "eps": -0.37,
            "eps_growth_year": null,
            "eps_4q": -1.95,
            "eps_4q_growth_year": null,
            "roe": -6.83,
            "roe_4q": -30.439999999999998,
            "gross_profit": -484431,
            "gross_margin": -4.25,
            "gross_margin_4q_avg": -7.87,
            "net_income": -2392548,
            "revenue": 11394890,
            "common_shares": 64794541,
            "book_valuer_per_share": 4.65,
            "book_valuer_per_share_4q_avg": 5.41,
            "equity": 33328766,
            "current_ratio": 66.47,
            "debt_ratio": 65.48,
            "inventory_turnover_ratio": 2.21,
            "account_receivable_turnover_ratio": 2.89,
            "reinvestment_rate": null,
            "research_to_sale_ratio": 7.79,
            "price_fair": 1.32,
            "eps_avg_yearly": 0.44,
            "eps_latest_yearly": 0.44,
            "eps_growth_yearly": -320
        },
        "20122": {
            "year_quarter": 20122,
            "year": 2012,
            "quarter": 2,
            "eps": -0.64,
            "eps_growth_year": null,
            "eps_4q": -2.1,
            "eps_4q_growth_year": null,
            "roe": -12.88,
            "roe_4q": -36.96,
            "gross_profit": -1847887,
            "gross_margin": -16.71,
            "gross_margin_4q_avg": -10.2,
            "net_income": -4034192,
            "revenue": 11060061,
            "common_shares": 64794541,
            "book_valuer_per_share": 4.03,
            "book_valuer_per_share_4q_avg": 4.86,
            "equity": 29295420,
            "current_ratio": 57.31,
            "debt_ratio": 68.29,
            "inventory_turnover_ratio": 2.34,
            "account_receivable_turnover_ratio": 2.82,
            "reinvestment_rate": null,
            "research_to_sale_ratio": 9.11,
            "price_fair": 0,
            "eps_avg_yearly": 0,
            "eps_latest_yearly": 0,
            "eps_growth_yearly": 0
        },
        "20123": {
            "year_quarter": 20123,
            "year": 2012,
            "quarter": 3,
            "eps": -0.53,
            "eps_growth_year": null,
            "eps_4q": -2.08,
            "eps_4q_growth_year": null,
            "roe": -11.96,
            "roe_4q": -40.46,
            "gross_profit": -1516974,
            "gross_margin": -11.55,
            "gross_margin_4q_avg": -10.8,
            "net_income": -3310755,
            "revenue": 13128717,
            "common_shares": 64794541,
            "book_valuer_per_share": 3.53,
            "book_valuer_per_share_4q_avg": 4.34,
            "equity": 26053390,
            "current_ratio": 59.89,
            "debt_ratio": 72.36,
            "inventory_turnover_ratio": 2.9,
            "account_receivable_turnover_ratio": 2.82,
            "reinvestment_rate": null,
            "research_to_sale_ratio": 7.87,
            "price_fair": 0,
            "eps_avg_yearly": 0,
            "eps_latest_yearly": 0,
            "eps_growth_yearly": 0
        },
        "20124": {
            "year_quarter": 20124,
            "year": 2012,
            "quarter": 4,
            "eps": -0.27,
            "eps_growth_year": null,
            "eps_4q": -1.82,
            "eps_4q_growth_year": null,
            "roe": -6.49,
            "roe_4q": -38.160000000000004,
            "gross_profit": -699772,
            "gross_margin": -5.52,
            "gross_margin_4q_avg": -9.51,
            "net_income": -1578208,
            "revenue": 12681684,
            "common_shares": 64794541,
            "book_valuer_per_share": 3.01,
            "book_valuer_per_share_4q_avg": 3.81,
            "equity": 22557631,
            "current_ratio": 49.91,
            "debt_ratio": 74.52,
            "inventory_turnover_ratio": 2.89,
            "account_receivable_turnover_ratio": 2.61,
            "reinvestment_rate": null,
            "research_to_sale_ratio": 9.03,
            "price_fair": 0,
            "eps_avg_yearly": 0,
            "eps_latest_yearly": 0,
            "eps_growth_yearly": 0
        },
        "20131": {
            "year_quarter": 20131,
            "year": 2013,
            "quarter": 1,
            "eps": -0.32,
            "eps_growth_year": null,
            "eps_4q": -1.76,
            "eps_4q_growth_year": null,
            "roe": -9.21,
            "roe_4q": -40.540000000000006,
            "gross_profit": 296908,
            "gross_margin": 2.36,
            "gross_margin_4q_avg": -7.86,
            "net_income": -1999101,
            "revenue": 12590148,
            "common_shares": 64794541,
            "book_valuer_per_share": 2.73,
            "book_valuer_per_share_4q_avg": 3.33,
            "equity": 20860202,
            "current_ratio": 54.62,
            "debt_ratio": 77.17,
            "inventory_turnover_ratio": 2.82,
            "account_receivable_turnover_ratio": 3,
            "reinvestment_rate": null,
            "research_to_sale_ratio": 7.55,
            "price_fair": 0,
            "eps_avg_yearly": 0,
            "eps_latest_yearly": 0,
            "eps_growth_yearly": 0
        },
        "20132": {
            "year_quarter": 20132,
            "year": 2013,
            "quarter": 2,
            "eps": -0.54,
            "eps_growth_year": null,
            "eps_4q": -1.66,
            "eps_4q_growth_year": null,
            "roe": -15.38,
            "roe_4q": -43.040000000000006,
            "gross_profit": 1865133,
            "gross_margin": 12.33,
            "gross_margin_4q_avg": -0.6,
            "net_income": -3337544,
            "revenue": 15127535,
            "common_shares": 64794541,
            "book_valuer_per_share": 2.49,
            "book_valuer_per_share_4q_avg": 2.94,
            "equity": 22544644,
            "current_ratio": 60.18,
            "debt_ratio": 76.6,
            "inventory_turnover_ratio": 2.8,
            "account_receivable_turnover_ratio": 3.35,
            "reinvestment_rate": null,
            "research_to_sale_ratio": 7.9,
            "price_fair": 0,
            "eps_avg_yearly": 0,
            "eps_latest_yearly": 0,
            "eps_growth_yearly": 0
        },
        "20133": {
            "year_quarter": 20133,
            "year": 2013,
            "quarter": 3,
            "eps": 0.07,
            "eps_growth_year": null,
            "eps_4q": -1.05,
            "eps_4q_growth_year": null,
            "roe": 3.16,
            "roe_4q": -27.92,
            "gross_profit": 2684599,
            "gross_margin": 17.32,
            "gross_margin_4q_avg": 6.62,
            "net_income": 717025,
            "revenue": 15498225,
            "common_shares": 64794541,
            "book_valuer_per_share": 2.54,
            "book_valuer_per_share_4q_avg": 2.69,
            "equity": 22786043,
            "current_ratio": 59.47,
            "debt_ratio": 75.35,
            "inventory_turnover_ratio": 2.28,
            "account_receivable_turnover_ratio": 2.79,
            "reinvestment_rate": null,
            "research_to_sale_ratio": 8.47,
            "price_fair": 0,
            "eps_avg_yearly": 0,
            "eps_latest_yearly": 0,
            "eps_growth_yearly": 0
        },
        "20134": {
            "year_quarter": 20134,
            "year": 2013,
            "quarter": 4,
            "eps": 0.04,
            "eps_growth_year": null,
            "eps_4q": -0.75,
            "eps_4q_growth_year": null,
            "roe": 1.83,
            "roe_4q": -19.6,
            "gross_profit": 2321235,
            "gross_margin": 15.03,
            "gross_margin_4q_avg": 11.76,
            "net_income": 424825,
            "revenue": 15444576,
            "common_shares": 64794541,
            "book_valuer_per_share": 2.62,
            "book_valuer_per_share_4q_avg": 2.6,
            "equity": 23594717,
            "current_ratio": 56.91,
            "debt_ratio": 73.93,
            "inventory_turnover_ratio": 2.33,
            "account_receivable_turnover_ratio": 2.5,
            "reinvestment_rate": null,
            "research_to_sale_ratio": 7.6,
            "price_fair": 0.48,
            "eps_avg_yearly": 0.16,
            "eps_latest_yearly": 0.16,
            "eps_growth_yearly": -171.43
        },
        "20141": {
            "year_quarter": 20141,
            "year": 2014,
            "quarter": 1,
            "eps": 0.01,
            "eps_growth_year": null,
            "eps_4q": -0.42,
            "eps_4q_growth_year": null,
            "roe": 1.33,
            "roe_4q": -9.06,
            "gross_profit": 2723236,
            "gross_margin": 18.19,
            "gross_margin_4q_avg": 15.72,
            "net_income": 318833,
            "revenue": 14972538,
            "common_shares": 64794541,
            "book_valuer_per_share": 2.7,
            "book_valuer_per_share_4q_avg": 2.59,
            "equity": 24453465,
            "current_ratio": 74.54,
            "debt_ratio": 75.95,
            "inventory_turnover_ratio": 2.15,
            "account_receivable_turnover_ratio": 2.14,
            "reinvestment_rate": null,
            "research_to_sale_ratio": 7.81,
            "price_fair": 0.3,
            "eps_avg_yearly": 0.1,
            "eps_latest_yearly": 0.04,
            "eps_growth_yearly": -235.71
        },
        "20142": {
            "year_quarter": 20142,
            "year": 2014,
            "quarter": 2,
            "eps": 0,
            "eps_growth_year": null,
            "eps_4q": 0.12,
            "eps_4q_growth_year": null,
            "roe": 0.06,
            "roe_4q": 6.380000000000001,
            "gross_profit": 2010375,
            "gross_margin": 14.49,
            "gross_margin_4q_avg": 16.26,
            "net_income": 15000,
            "revenue": 13871110,
            "common_shares": 64794541,
            "book_valuer_per_share": 2.7,
            "book_valuer_per_share_4q_avg": 2.64,
            "equity": 24492281,
            "current_ratio": 75.92,
            "debt_ratio": 74.18,
            "inventory_turnover_ratio": 1.98,
            "account_receivable_turnover_ratio": 1.93,
            "reinvestment_rate": null,
            "research_to_sale_ratio": 7.23,
            "price_fair": 0.3,
            "eps_avg_yearly": 0.1,
            "eps_latest_yearly": 0.04,
            "eps_growth_yearly": -235.71
        },
        "20143": {
            "year_quarter": 20143,
            "year": 2014,
            "quarter": 3,
            "eps": -0.24,
            "eps_growth_year": -442.86,
            "eps_4q": -0.2,
            "eps_4q_growth_year": null,
            "roe": -6.25,
            "roe_4q": -3.0300000000000002,
            "gross_profit": 1373553,
            "gross_margin": 10.43,
            "gross_margin_4q_avg": 14.54,
            "net_income": -1513161,
            "revenue": 13168873,
            "common_shares": 64794541,
            "book_valuer_per_share": 2.4,
            "book_valuer_per_share_4q_avg": 2.61,
            "equity": 23899798,
            "current_ratio": 71.16,
            "debt_ratio": 76.4,
            "inventory_turnover_ratio": 1.82,
            "account_receivable_turnover_ratio": 2.05,
            "reinvestment_rate": null,
            "research_to_sale_ratio": 8.79,
            "price_fair": 0.3,
            "eps_avg_yearly": 0.1,
            "eps_latest_yearly": 0.04,
            "eps_growth_yearly": -235.71
        },
        "20144": {
            "year_quarter": 20144,
            "year": 2014,
            "quarter": 4,
            "eps": -0.38,
            "eps_growth_year": -1085.23,
            "eps_4q": -0.61,
            "eps_4q_growth_year": null,
            "roe": -10.88,
            "roe_4q": -15.740000000000004,
            "gross_profit": 270438,
            "gross_margin": 1.88,
            "gross_margin_4q_avg": 11.25,
            "net_income": -2475729,
            "revenue": 14378856,
            "common_shares": 64794541,
            "book_valuer_per_share": 2.03,
            "book_valuer_per_share_4q_avg": 2.46,
            "equity": 21616002,
            "current_ratio": 75.85,
            "debt_ratio": 79.48,
            "inventory_turnover_ratio": 2.24,
            "account_receivable_turnover_ratio": 2.31,
            "reinvestment_rate": null,
            "research_to_sale_ratio": 8.46,
            "price_fair": 0.3,
            "eps_avg_yearly": 0.1,
            "eps_latest_yearly": 0.04,
            "eps_growth_yearly": -235.71
        },
        "20151": {
            "year_quarter": 20151,
            "year": 2015,
            "quarter": 1,
            "eps": -0.17,
            "eps_growth_year": -1800,
            "eps_4q": -0.8,
            "eps_4q_growth_year": null,
            "roe": -6,
            "roe_4q": -23.070000000000004,
            "gross_profit": 785441,
            "gross_margin": 5.94,
            "gross_margin_4q_avg": 8.19,
            "net_income": -1239477,
            "revenue": 13230763,
            "common_shares": 64794541,
            "book_valuer_per_share": 1.77,
            "book_valuer_per_share_4q_avg": 2.23,
            "equity": 19730063,
            "current_ratio": 77.54,
            "debt_ratio": 81.96,
            "inventory_turnover_ratio": 2.33,
            "account_receivable_turnover_ratio": 2.17,
            "reinvestment_rate": null,
            "research_to_sale_ratio": 8.79,
            "price_fair": 0.3,
            "eps_avg_yearly": 0.1,
            "eps_latest_yearly": 0.04,
            "eps_growth_yearly": -235.71
        },
        "20152": {
            "year_quarter": 20152,
            "year": 2015,
            "quarter": 2,
            "eps": -0.19,
            "eps_growth_year": null,
            "eps_4q": -0.99,
            "eps_4q_growth_year": -900.51,
            "roe": -6.34,
            "roe_4q": -29.47,
            "gross_profit": -450005,
            "gross_margin": -3.93,
            "gross_margin_4q_avg": 3.58,
            "net_income": -1199419,
            "revenue": 11450285,
            "common_shares": 64794541,
            "book_valuer_per_share": 1.52,
            "book_valuer_per_share_4q_avg": 1.93,
            "equity": 18109273,
            "current_ratio": 74.87,
            "debt_ratio": 82.43,
            "inventory_turnover_ratio": 2.38,
            "account_receivable_turnover_ratio": 2.12,
            "reinvestment_rate": null,
            "research_to_sale_ratio": 8.56,
            "price_fair": 0.3,
            "eps_avg_yearly": 0.1,
            "eps_latest_yearly": 0.04,
            "eps_growth_yearly": -235.71
        },
        "20153": {
            "year_quarter": 20153,
            "year": 2015,
            "quarter": 3,
            "eps": -0.57,
            "eps_growth_year": null,
            "eps_4q": -1.31,
            "eps_4q_growth_year": null,
            "roe": -21.65,
            "roe_4q": -44.87,
            "gross_profit": -507246,
            "gross_margin": -4.38,
            "gross_margin_4q_avg": -0.12,
            "net_income": -3484212,
            "revenue": 11593018,
            "common_shares": 64794541,
            "book_valuer_per_share": 0.9,
            "book_valuer_per_share_4q_avg": 1.56,
            "equity": 14075614,
            "current_ratio": 70.52,
            "debt_ratio": 86.02,
            "inventory_turnover_ratio": 2.53,
            "account_receivable_turnover_ratio": 2.18,
            "reinvestment_rate": null,
            "research_to_sale_ratio": 8.74,
            "price_fair": 0.3,
            "eps_avg_yearly": 0.1,
            "eps_latest_yearly": 0.04,
            "eps_growth_yearly": -235.71
        },
        "20154": {
            "year_quarter": 20154,
            "year": 2015,
            "quarter": 4,
            "eps": -0.43,
            "eps_growth_year": null,
            "eps_4q": -1.35,
            "eps_4q_growth_year": null,
            "roe": -19.08,
            "roe_4q": -53.06999999999999,
            "gross_profit": -117927,
            "gross_margin": -1.07,
            "gross_margin_4q_avg": -0.86,
            "net_income": -2517387,
            "revenue": 11045645,
            "common_shares": 64794541,
            "book_valuer_per_share": 0.56,
            "book_valuer_per_share_4q_avg": 1.19,
            "equity": 12309228,
            "current_ratio": 67.44,
            "debt_ratio": 87.68,
            "inventory_turnover_ratio": 2.5,
            "account_receivable_turnover_ratio": 2.2,
            "reinvestment_rate": null,
            "research_to_sale_ratio": 7.59,
            "price_fair": 0.3,
            "eps_avg_yearly": 0.1,
            "eps_latest_yearly": 0.04,
            "eps_growth_yearly": -235.71
        },
        "20161": {
            "year_quarter": 20161,
            "year": 2016,
            "quarter": 1,
            "eps": -0.44,
            "eps_growth_year": null,
            "eps_4q": -1.62,
            "eps_4q_growth_year": null,
            "roe": -25.91,
            "roe_4q": -72.97999999999999,
            "gross_profit": 182999,
            "gross_margin": 1.93,
            "gross_margin_4q_avg": -1.86,
            "net_income": -2789991,
            "revenue": 9465785,
            "common_shares": 64794541,
            "book_valuer_per_share": 0.12,
            "book_valuer_per_share_4q_avg": 0.78,
            "equity": 9224640,
            "current_ratio": 66.05,
            "debt_ratio": 91.14,
            "inventory_turnover_ratio": 2.25,
            "account_receivable_turnover_ratio": 2.34,
            "reinvestment_rate": null,
            "research_to_sale_ratio": 7.95,
            "price_fair": 0.3,
            "eps_avg_yearly": 0.1,
            "eps_latest_yearly": 0.04,
            "eps_growth_yearly": -235.71
        },
        "20162": {
            "year_quarter": 20162,
            "year": 2016,
            "quarter": 2,
            "eps": 0.04,
            "eps_growth_year": null,
            "eps_4q": -1.39,
            "eps_4q_growth_year": null,
            "roe": 10.14,
            "roe_4q": -56.49999999999999,
            "gross_profit": 659789,
            "gross_margin": 6.83,
            "gross_margin_4q_avg": 0.83,
            "net_income": 961703,
            "revenue": 9655644,
            "common_shares": 64794541,
            "book_valuer_per_share": 0.09,
            "book_valuer_per_share_4q_avg": 0.42,
            "equity": 9751102,
            "current_ratio": 65.42,
            "debt_ratio": 90.23,
            "inventory_turnover_ratio": 2.37,
            "account_receivable_turnover_ratio": 2.52,
            "reinvestment_rate": null,
            "research_to_sale_ratio": 7.95,
            "price_fair": 0.3,
            "eps_avg_yearly": 0.1,
            "eps_latest_yearly": 0.04,
            "eps_growth_yearly": -235.71
        },
        "20163": {
            "year_quarter": 20163,
            "year": 2016,
            "quarter": 3,
            "eps": 0.02,
            "eps_growth_year": null,
            "eps_4q": -0.81,
            "eps_4q_growth_year": null,
            "roe": 0.5,
            "roe_4q": -34.349999999999994,
            "gross_profit": 1299160,
            "gross_margin": 12.54,
            "gross_margin_4q_avg": 5.06,
            "net_income": 165380,
            "revenue": 10361456,
            "common_shares": 64794541,
            "book_valuer_per_share": 1.43,
            "book_valuer_per_share_4q_avg": 0.55,
            "equity": 55878636,
            "current_ratio": 121.39,
            "debt_ratio": 61.13,
            "inventory_turnover_ratio": 2.47,
            "account_receivable_turnover_ratio": 2.62,
            "reinvestment_rate": null,
            "research_to_sale_ratio": 7.36,
            "price_fair": 0.28,
            "eps_avg_yearly": 0.09,
            "eps_latest_yearly": 0.08,
            "eps_growth_yearly": -223.81
        },
        "20164": {
            "year_quarter": 20164,
            "year": 2016,
            "quarter": 4,
            "eps": 0.1,
            "eps_growth_year": null,
            "eps_4q": -0.27,
            "eps_4q_growth_year": null,
            "roe": 1.37,
            "roe_4q": -13.899999999999999,
            "gross_profit": 3067430,
            "gross_margin": 85.52,
            "gross_margin_4q_avg": 26.71,
            "net_income": 767740,
            "revenue": 3586760,
            "common_shares": 64794541,
            "book_valuer_per_share": 1.55,
            "book_valuer_per_share_4q_avg": 0.8,
            "equity": 56150629,
            "current_ratio": 128.34,
            "debt_ratio": 60.3,
            "inventory_turnover_ratio": 0.16,
            "account_receivable_turnover_ratio": 1.18,
            "reinvestment_rate": null,
            "research_to_sale_ratio": 18.72,
            "price_fair": 5.95,
            "eps_avg_yearly": 0.17,
            "eps_latest_yearly": 0.4,
            "eps_growth_yearly": 232.14
        },
        "20171": {
            "year_quarter": 20171,
            "year": 2017,
            "quarter": 1,
            "eps": 0.26,
            "eps_growth_year": null,
            "eps_4q": 0.43,
            "eps_4q_growth_year": null,
            "roe": 3.32,
            "roe_4q": 15.33,
            "gross_profit": 2899782,
            "gross_margin": 31.99,
            "gross_margin_4q_avg": 34.22,
            "net_income": 1835533,
            "revenue": 9065585,
            "common_shares": 64794541,
            "book_valuer_per_share": 1.83,
            "book_valuer_per_share_4q_avg": 1.23,
            "equity": 54495641,
            "current_ratio": 117.95,
            "debt_ratio": 57.19,
            "inventory_turnover_ratio": 2.09,
            "account_receivable_turnover_ratio": 4.13,
            "reinvestment_rate": null,
            "research_to_sale_ratio": 7.79,
            "price_fair": 12.04,
            "eps_avg_yearly": 0.34,
            "eps_latest_yearly": 1.04,
            "eps_growth_yearly": 313.71
        },
        "20172": {
            "year_quarter": 20172,
            "year": 2017,
            "quarter": 2,
            "eps": 0.18,
            "eps_growth_year": 350,
            "eps_4q": 0.56,
            "eps_4q_growth_year": null,
            "roe": 2.15,
            "roe_4q": 7.34,
            "gross_profit": 1207053,
            "gross_margin": 15.99,
            "gross_margin_4q_avg": 36.51,
            "net_income": 1189236,
            "revenue": 7550689,
            "common_shares": 64794541,
            "book_valuer_per_share": 2.05,
            "book_valuer_per_share_4q_avg": 1.72,
            "equity": 55973680,
            "current_ratio": 102.04,
            "debt_ratio": 55.78,
            "inventory_turnover_ratio": 2.03,
            "account_receivable_turnover_ratio": 3.46,
            "reinvestment_rate": null,
            "research_to_sale_ratio": 9.25,
            "price_fair": 14.23,
            "eps_avg_yearly": 0.41,
            "eps_latest_yearly": 0.72,
            "eps_growth_yearly": 240.92
        },
        "20173": {
            "year_quarter": 20173,
            "year": 2017,
            "quarter": 3,
            "eps": 0.04,
            "eps_growth_year": 100,
            "eps_4q": 0.58,
            "eps_4q_growth_year": null,
            "roe": 0.33,
            "roe_4q": 7.17,
            "gross_profit": 1573737,
            "gross_margin": 16.92,
            "gross_margin_4q_avg": 37.61,
            "net_income": 184263,
            "revenue": 9303250,
            "common_shares": 64794541,
            "book_valuer_per_share": 2.12,
            "book_valuer_per_share_4q_avg": 1.89,
            "equity": 56087022,
            "current_ratio": 100.78,
            "debt_ratio": 55.91,
            "inventory_turnover_ratio": 2.29,
            "account_receivable_turnover_ratio": 4.1,
            "reinvestment_rate": null,
            "research_to_sale_ratio": 9.27,
            "price_fair": 13,
            "eps_avg_yearly": 0.37,
            "eps_latest_yearly": 0.16,
            "eps_growth_yearly": 162.05
        },
        "20174": {
            "year_quarter": 20174,
            "year": 2017,
            "quarter": 4,
            "eps": -0.02,
            "eps_growth_year": -114.42,
            "eps_4q": 0.46,
            "eps_4q_growth_year": null,
            "roe": 0.63,
            "roe_4q": 6.43,
            "gross_profit": 864481,
            "gross_margin": 9.8,
            "gross_margin_4q_avg": 18.68,
            "net_income": 357575,
            "revenue": 8820296,
            "common_shares": 64794541,
            "book_valuer_per_share": 2.19,
            "book_valuer_per_share_4q_avg": 2.05,
            "equity": 56930398,
            "current_ratio": 88.1,
            "debt_ratio": 57.6,
            "inventory_turnover_ratio": 2.25,
            "account_receivable_turnover_ratio": 4.27,
            "reinvestment_rate": null,
            "research_to_sale_ratio": 8.86,
            "price_fair": 14.23,
            "eps_avg_yearly": 0.41,
            "eps_latest_yearly": 0.16,
            "eps_growth_yearly": 217.64
        },
        "20181": {
            "year_quarter": 20181,
            "year": 2018,
            "quarter": 1,
            "eps": -0.16,
            "eps_growth_year": -161.54,
            "eps_4q": 0.04,
            "eps_4q_growth_year": -91.74,
            "roe": -3,
            "roe_4q": 0.10999999999999988,
            "gross_profit": -60233,
            "gross_margin": -0.88,
            "gross_margin_4q_avg": 10.46,
            "net_income": -1679061,
            "revenue": 6842840,
            "common_shares": 64794541,
            "book_valuer_per_share": 2.12,
            "book_valuer_per_share_4q_avg": 2.12,
            "equity": 55181962,
            "current_ratio": 89.29,
            "debt_ratio": 60.87,
            "inventory_turnover_ratio": 1.75,
            "account_receivable_turnover_ratio": 4.31,
            "reinvestment_rate": null,
            "research_to_sale_ratio": 9.69,
            "price_fair": 16.8,
            "eps_avg_yearly": 0.48,
            "eps_latest_yearly": 0.16,
            "eps_growth_yearly": 321.16
        },
        "20182": {
            "year_quarter": 20182,
            "year": 2018,
            "quarter": 2,
            "eps": -0.32,
            "eps_growth_year": -277.78,
            "eps_4q": -0.46,
            "eps_4q_growth_year": -181.54,
            "roe": -4.64,
            "roe_4q": -6.68,
            "gross_profit": 343191,
            "gross_margin": 4.94,
            "gross_margin_4q_avg": 7.7,
            "net_income": -2505204,
            "revenue": 6949003,
            "common_shares": 64794541,
            "book_valuer_per_share": 1.84,
            "book_valuer_per_share_4q_avg": 2.07,
            "equity": 52708102,
            "current_ratio": 85.24,
            "debt_ratio": 62.09,
            "inventory_turnover_ratio": 1.41,
            "account_receivable_turnover_ratio": 4.41,
            "reinvestment_rate": null,
            "research_to_sale_ratio": 12.41,
            "price_fair": 16.8,
            "eps_avg_yearly": 0.48,
            "eps_latest_yearly": 0.16,
            "eps_growth_yearly": 321.16
        },
        "20183": {
            "year_quarter": 20183,
            "year": 2018,
            "quarter": 3,
            "eps": -0.45,
            "eps_growth_year": -1225,
            "eps_4q": -0.95,
            "eps_4q_growth_year": -263.07,
            "roe": -6.68,
            "roe_4q": -13.69,
            "gross_profit": -1063740,
            "gross_margin": -16.58,
            "gross_margin_4q_avg": -0.68,
            "net_income": -3372466,
            "revenue": 6414431,
            "common_shares": 64794541,
            "book_valuer_per_share": 1.44,
            "book_valuer_per_share_4q_avg": 1.9,
            "equity": 48199305,
            "current_ratio": 78.22,
            "debt_ratio": 63.68,
            "inventory_turnover_ratio": 1.45,
            "account_receivable_turnover_ratio": 3.04,
            "reinvestment_rate": null,
            "research_to_sale_ratio": 12.42,
            "price_fair": 16.8,
            "eps_avg_yearly": 0.48,
            "eps_latest_yearly": 0.16,
            "eps_growth_yearly": 321.16
        },
        "20184": {
            "year_quarter": 20184,
            "year": 2018,
            "quarter": 4,
            "eps": -2.09,
            "eps_growth_year": null,
            "eps_4q": -3.02,
            "eps_4q_growth_year": -755.19,
            "roe": -81.24,
            "roe_4q": -95.55999999999999,
            "gross_profit": -4911822,
            "gross_margin": -128.79,
            "gross_margin_4q_avg": -35.33,
            "net_income": -17726130,
            "revenue": 3813731,
            "common_shares": 64794541,
            "book_valuer_per_share": -0.7,
            "book_valuer_per_share_4q_avg": 1.18,
            "equity": -4561655,
            "current_ratio": 14.4,
            "debt_ratio": 113.59,
            "inventory_turnover_ratio": 2.84,
            "account_receivable_turnover_ratio": 1.93,
            "reinvestment_rate": null,
            "research_to_sale_ratio": 27.87,
            "price_fair": 16.8,
            "eps_avg_yearly": 0.48,
            "eps_latest_yearly": 0.16,
            "eps_growth_yearly": 321.16
        }
    },
    "months": {
        "2001-09": {
            "month": "2001-09",
            "price": "7.49",
            "revenue": 2470649
        },
        "2001-10": {
            "month": "2001-10",
            "price": "7.54",
            "revenue": 3057089
        },
        "2001-11": {
            "month": "2001-11",
            "price": "13.50",
            "revenue": 3358233
        },
        "2001-12": {
            "month": "2001-12",
            "price": "22.93",
            "revenue": 3561645
        },
        "2002-01": {
            "month": "2002-01",
            "price": "35.60",
            "revenue": 4019895
        },
        "2002-02": {
            "month": "2002-02",
            "price": "41.12",
            "revenue": 3561927
        },
        "2002-03": {
            "month": "2002-03",
            "price": "39.79",
            "revenue": 4247178
        },
        "2002-04": {
            "month": "2002-04",
            "price": "39.00",
            "revenue": 4417127
        },
        "2002-05": {
            "month": "2002-05",
            "price": "29.84",
            "revenue": 4602175
        },
        "2002-06": {
            "month": "2002-06",
            "price": "25.47",
            "revenue": 3925088
        },
        "2002-07": {
            "month": "2002-07",
            "price": "22.44",
            "revenue": 3369846
        },
        "2002-08": {
            "month": "2002-08",
            "price": "18.03",
            "revenue": 3234887
        },
        "2002-09": {
            "month": "2002-09",
            "price": "12.89",
            "revenue": 2770036
        },
        "2002-10": {
            "month": "2002-10",
            "price": "11.89",
            "revenue": 2488977
        },
        "2002-11": {
            "month": "2002-11",
            "price": "13.91",
            "revenue": 2127110
        },
        "2002-12": {
            "month": "2002-12",
            "price": "12.40",
            "revenue": 1932664
        },
        "2003-01": {
            "month": "2003-01",
            "price": "12.96",
            "revenue": 2824523
        },
        "2003-02": {
            "month": "2003-02",
            "price": "12.37",
            "revenue": 2293910
        },
        "2003-03": {
            "month": "2003-03",
            "price": "11.21",
            "revenue": 2488748
        },
        "2003-04": {
            "month": "2003-04",
            "price": "10.46",
            "revenue": 2571837
        },
        "2003-05": {
            "month": "2003-05",
            "price": "8.39",
            "revenue": 3213016
        },
        "2003-06": {
            "month": "2003-06",
            "price": "11.95",
            "revenue": 3422469
        },
        "2003-07": {
            "month": "2003-07",
            "price": "16.53",
            "revenue": 4853686
        },
        "2003-08": {
            "month": "2003-08",
            "price": "17.44",
            "revenue": 5012910
        },
        "2003-09": {
            "month": "2003-09",
            "price": "16.71",
            "revenue": 6491873
        },
        "2003-10": {
            "month": "2003-10",
            "price": "15.51",
            "revenue": 6524557
        },
        "2003-11": {
            "month": "2003-11",
            "price": "15.38",
            "revenue": 6524366
        },
        "2003-12": {
            "month": "2003-12",
            "price": "14.57",
            "revenue": 7698004
        },
        "2004-01": {
            "month": "2004-01",
            "price": "15.30",
            "revenue": 7030943
        },
        "2004-02": {
            "month": "2004-02",
            "price": "16.62",
            "revenue": 7222212
        },
        "2004-03": {
            "month": "2004-03",
            "price": "20.78",
            "revenue": 8131046
        },
        "2004-04": {
            "month": "2004-04",
            "price": "23.16",
            "revenue": 8146174
        },
        "2004-05": {
            "month": "2004-05",
            "price": "19.57",
            "revenue": 8171859
        },
        "2004-06": {
            "month": "2004-06",
            "price": "17.70",
            "revenue": 8180739
        },
        "2004-07": {
            "month": "2004-07",
            "price": "16.22",
            "revenue": 6160076
        },
        "2004-08": {
            "month": "2004-08",
            "price": "14.53",
            "revenue": 5373333
        },
        "2004-09": {
            "month": "2004-09",
            "price": "15.39",
            "revenue": 5745097
        },
        "2004-10": {
            "month": "2004-10",
            "price": "14.24",
            "revenue": 5010465
        },
        "2004-11": {
            "month": "2004-11",
            "price": "12.83",
            "revenue": 4369127
        },
        "2004-12": {
            "month": "2004-12",
            "price": "13.83",
            "revenue": 4318939
        },
        "2005-01": {
            "month": "2005-01",
            "price": "13.44",
            "revenue": 4383050
        },
        "2005-02": {
            "month": "2005-02",
            "price": "14.07",
            "revenue": 3955961
        },
        "2005-03": {
            "month": "2005-03",
            "price": "12.85",
            "revenue": 4478982
        },
        "2005-04": {
            "month": "2005-04",
            "price": "13.21",
            "revenue": 5051449
        },
        "2005-05": {
            "month": "2005-05",
            "price": "13.58",
            "revenue": 5834866
        },
        "2005-06": {
            "month": "2005-06",
            "price": "14.25",
            "revenue": 6586885
        },
        "2005-07": {
            "month": "2005-07",
            "price": "13.38",
            "revenue": 6989777
        },
        "2005-08": {
            "month": "2005-08",
            "price": "11.70",
            "revenue": 7344333
        },
        "2005-09": {
            "month": "2005-09",
            "price": "9.82",
            "revenue": 7911426
        },
        "2005-10": {
            "month": "2005-10",
            "price": "8.23",
            "revenue": 8797908
        },
        "2005-11": {
            "month": "2005-11",
            "price": "8.40",
            "revenue": 9120854
        },
        "2005-12": {
            "month": "2005-12",
            "price": "8.60",
            "revenue": 8618050
        },
        "2006-01": {
            "month": "2006-01",
            "price": "9.78",
            "revenue": 8051233
        },
        "2006-02": {
            "month": "2006-02",
            "price": "9.31",
            "revenue": 7769391
        },
        "2006-03": {
            "month": "2006-03",
            "price": "8.35",
            "revenue": 8337469
        },
        "2006-04": {
            "month": "2006-04",
            "price": "9.16",
            "revenue": 8141823
        },
        "2006-05": {
            "month": "2006-05",
            "price": "8.67",
            "revenue": 7425515
        },
        "2006-06": {
            "month": "2006-06",
            "price": "7.33",
            "revenue": 6623198
        },
        "2006-07": {
            "month": "2006-07",
            "price": "7.14",
            "revenue": 7260168
        },
        "2006-08": {
            "month": "2006-08",
            "price": "6.94",
            "revenue": 9262605
        },
        "2006-09": {
            "month": "2006-09",
            "price": "6.63",
            "revenue": 11150356
        },
        "2006-10": {
            "month": "2006-10",
            "price": "6.67",
            "revenue": 12594852
        },
        "2006-11": {
            "month": "2006-11",
            "price": "6.49",
            "revenue": 11548358
        },
        "2006-12": {
            "month": "2006-12",
            "price": "6.83",
            "revenue": 8026132
        },
        "2007-01": {
            "month": "2007-01",
            "price": "6.68",
            "revenue": 8901316
        },
        "2007-02": {
            "month": "2007-02",
            "price": "6.47",
            "revenue": 8076922
        },
        "2007-03": {
            "month": "2007-03",
            "price": "6.08",
            "revenue": 9666313
        },
        "2007-04": {
            "month": "2007-04",
            "price": "7.45",
            "revenue": 9586719
        },
        "2007-05": {
            "month": "2007-05",
            "price": "8.40",
            "revenue": 11842531
        },
        "2007-06": {
            "month": "2007-06",
            "price": "8.81",
            "revenue": 12253669
        },
        "2007-07": {
            "month": "2007-07",
            "price": "9.38",
            "revenue": 13538087
        },
        "2007-08": {
            "month": "2007-08",
            "price": "8.96",
            "revenue": 14325053
        },
        "2007-09": {
            "month": "2007-09",
            "price": "8.45",
            "revenue": 14411283
        },
        "2007-10": {
            "month": "2007-10",
            "price": "10.27",
            "revenue": 14778356
        },
        "2007-11": {
            "month": "2007-11",
            "price": "12.15",
            "revenue": 14053635
        },
        "2007-12": {
            "month": "2007-12",
            "price": "11.38",
            "revenue": 12489537
        },
        "2008-01": {
            "month": "2008-01",
            "price": "10.10",
            "revenue": 12401281
        },
        "2008-02": {
            "month": "2008-02",
            "price": "9.68",
            "revenue": 11849724
        },
        "2008-03": {
            "month": "2008-03",
            "price": "10.03",
            "revenue": 11858058
        },
        "2008-04": {
            "month": "2008-04",
            "price": "9.68",
            "revenue": 10884665
        },
        "2008-05": {
            "month": "2008-05",
            "price": "9.95",
            "revenue": 11014833
        },
        "2008-06": {
            "month": "2008-06",
            "price": "9.02",
            "revenue": 9050868
        },
        "2008-07": {
            "month": "2008-07",
            "price": "7.60",
            "revenue": 6579729
        },
        "2008-08": {
            "month": "2008-08",
            "price": "6.64",
            "revenue": 7330964
        },
        "2008-09": {
            "month": "2008-09",
            "price": "5.26",
            "revenue": 7345413
        },
        "2008-10": {
            "month": "2008-10",
            "price": "4.12",
            "revenue": 5368335
        },
        "2008-11": {
            "month": "2008-11",
            "price": "2.68",
            "revenue": 3895557
        },
        "2008-12": {
            "month": "2008-12",
            "price": "2.90",
            "revenue": 2803400
        },
        "2009-01": {
            "month": "2009-01",
            "price": "3.18",
            "revenue": 1994077
        },
        "2009-02": {
            "month": "2009-02",
            "price": "3.18",
            "revenue": 2740661
        },
        "2009-03": {
            "month": "2009-03",
            "price": "3.32",
            "revenue": 3164595
        },
        "2009-04": {
            "month": "2009-04",
            "price": "4.95",
            "revenue": 3422267
        },
        "2009-05": {
            "month": "2009-05",
            "price": "5.48",
            "revenue": 3367515
        },
        "2009-06": {
            "month": "2009-06",
            "price": "4.76",
            "revenue": 3054353
        },
        "2009-07": {
            "month": "2009-07",
            "price": "5.03",
            "revenue": 5113136
        },
        "2009-08": {
            "month": "2009-08",
            "price": "3.96",
            "revenue": 5822942
        },
        "2009-09": {
            "month": "2009-09",
            "price": "3.76",
            "revenue": 5401151
        },
        "2009-10": {
            "month": "2009-10",
            "price": "3.63",
            "revenue": 4276820
        },
        "2009-11": {
            "month": "2009-11",
            "price": "3.54",
            "revenue": 4810459
        },
        "2009-12": {
            "month": "2009-12",
            "price": "4.06",
            "revenue": 5560342
        },
        "2010-01": {
            "month": "2010-01",
            "price": "4.12",
            "revenue": 6303148
        },
        "2010-02": {
            "month": "2010-02",
            "price": "3.47",
            "revenue": 5527859
        },
        "2010-03": {
            "month": "2010-03",
            "price": "3.41",
            "revenue": 7060323
        },
        "2010-04": {
            "month": "2010-04",
            "price": "3.36",
            "revenue": 6390427
        },
        "2010-05": {
            "month": "2010-05",
            "price": "2.31",
            "revenue": 7072806
        },
        "2010-06": {
            "month": "2010-06",
            "price": "2.11",
            "revenue": 6873878
        },
        "2010-07": {
            "month": "2010-07",
            "price": "2.09",
            "revenue": 5708709
        },
        "2010-08": {
            "month": "2010-08",
            "price": "2.29",
            "revenue": 5810214
        },
        "2010-09": {
            "month": "2010-09",
            "price": "4.38",
            "revenue": 5090826
        },
        "2010-10": {
            "month": "2010-10",
            "price": "4.44",
            "revenue": 4777557
        },
        "2010-11": {
            "month": "2010-11",
            "price": "4.42",
            "revenue": 5015360
        },
        "2010-12": {
            "month": "2010-12",
            "price": "4.34",
            "revenue": 4533602
        },
        "2011-01": {
            "month": "2011-01",
            "price": "4.52",
            "revenue": 4913305
        },
        "2011-02": {
            "month": "2011-02",
            "price": "4.03",
            "revenue": 4304498
        },
        "2011-03": {
            "month": "2011-03",
            "price": "3.73",
            "revenue": 5628274
        },
        "2011-04": {
            "month": "2011-04",
            "price": "3.77",
            "revenue": 5538227
        },
        "2011-05": {
            "month": "2011-05",
            "price": "3.72",
            "revenue": 4792741
        },
        "2011-06": {
            "month": "2011-06",
            "price": "3.61",
            "revenue": 4305912
        },
        "2011-07": {
            "month": "2011-07",
            "price": "3.40",
            "revenue": 4176843
        },
        "2011-08": {
            "month": "2011-08",
            "price": "2.79",
            "revenue": 4700103
        },
        "2011-09": {
            "month": "2011-09",
            "price": "2.47",
            "revenue": 4899487
        },
        "2011-10": {
            "month": "2011-10",
            "price": "2.11",
            "revenue": 4760773
        },
        "2011-11": {
            "month": "2011-11",
            "price": "1.63",
            "revenue": 4008436
        },
        "2011-12": {
            "month": "2011-12",
            "price": "1.18",
            "revenue": 3494167
        },
        "2012-01": {
            "month": "2012-01",
            "price": "1.35",
            "revenue": 2806490
        },
        "2012-02": {
            "month": "2012-02",
            "price": "2.03",
            "revenue": 3597189
        },
        "2012-03": {
            "month": "2012-03",
            "price": "2.04",
            "revenue": 3623691
        },
        "2012-04": {
            "month": "2012-04",
            "price": "1.72",
            "revenue": 3387500
        },
        "2012-05": {
            "month": "2012-05",
            "price": "1.20",
            "revenue": 3202138
        },
        "2012-06": {
            "month": "2012-06",
            "price": "1.09",
            "revenue": 3124995
        },
        "2012-07": {
            "month": "2012-07",
            "price": "1.00",
            "revenue": 3713524
        },
        "2012-08": {
            "month": "2012-08",
            "price": "0.84",
            "revenue": 4065017
        },
        "2012-09": {
            "month": "2012-09",
            "price": "0.83",
            "revenue": 3993913
        },
        "2012-10": {
            "month": "2012-10",
            "price": "0.87",
            "revenue": 3583567
        },
        "2012-11": {
            "month": "2012-11",
            "price": "0.88",
            "revenue": 3523013
        },
        "2012-12": {
            "month": "2012-12",
            "price": "0.98",
            "revenue": 3305201
        },
        "2013-01": {
            "month": "2013-01",
            "price": "0.98",
            "revenue": 4603018
        },
        "2013-02": {
            "month": "2013-02",
            "price": "0.96",
            "revenue": 3547736
        },
        "2013-03": {
            "month": "2013-03",
            "price": "1.08",
            "revenue": 4439394
        },
        "2013-04": {
            "month": "2013-04",
            "price": "1.48",
            "revenue": 4526931
        },
        "2013-05": {
            "month": "2013-05",
            "price": "1.96",
            "revenue": 5644287
        },
        "2013-06": {
            "month": "2013-06",
            "price": "1.88",
            "revenue": 5013664
        },
        "2013-07": {
            "month": "2013-07",
            "price": "1.70",
            "revenue": 5069345
        },
        "2013-08": {
            "month": "2013-08",
            "price": "1.56",
            "revenue": 5400476
        },
        "2013-09": {
            "month": "2013-09",
            "price": "1.74",
            "revenue": 5019611
        },
        "2013-10": {
            "month": "2013-10",
            "price": "1.64",
            "revenue": 5093030
        },
        "2013-11": {
            "month": "2013-11",
            "price": "1.55",
            "revenue": 5420046
        },
        "2013-12": {
            "month": "2013-12",
            "price": "1.70",
            "revenue": 4931281
        },
        "2014-01": {
            "month": "2014-01",
            "price": "1.87",
            "revenue": 4611401
        },
        "2014-02": {
            "month": "2014-02",
            "price": "1.81",
            "revenue": 4674482
        },
        "2014-03": {
            "month": "2014-03",
            "price": "1.83",
            "revenue": 5685226
        },
        "2014-04": {
            "month": "2014-04",
            "price": "1.94",
            "revenue": 4447857
        },
        "2014-05": {
            "month": "2014-05",
            "price": "1.83",
            "revenue": 4705667
        },
        "2014-06": {
            "month": "2014-06",
            "price": "1.80",
            "revenue": 4717586
        },
        "2014-07": {
            "month": "2014-07",
            "price": "1.84",
            "revenue": 4417987
        },
        "2014-08": {
            "month": "2014-08",
            "price": "1.68",
            "revenue": 4564918
        },
        "2014-09": {
            "month": "2014-09",
            "price": "1.77",
            "revenue": 4371007
        },
        "2014-10": {
            "month": "2014-10",
            "price": "1.64",
            "revenue": 4967884
        },
        "2014-11": {
            "month": "2014-11",
            "price": "1.41",
            "revenue": 4922650
        },
        "2014-12": {
            "month": "2014-12",
            "price": "1.32",
            "revenue": 4490203
        },
        "2015-01": {
            "month": "2015-01",
            "price": "1.47",
            "revenue": 4848265
        },
        "2015-02": {
            "month": "2015-02",
            "price": "1.51",
            "revenue": 3811774
        },
        "2015-03": {
            "month": "2015-03",
            "price": "1.47",
            "revenue": 4570884
        },
        "2015-04": {
            "month": "2015-04",
            "price": "1.37",
            "revenue": 4142830
        },
        "2015-05": {
            "month": "2015-05",
            "price": "1.21",
            "revenue": 3717400
        },
        "2015-06": {
            "month": "2015-06",
            "price": "1.20",
            "revenue": 3589895
        },
        "2015-07": {
            "month": "2015-07",
            "price": "1.08",
            "revenue": 3504187
        },
        "2015-08": {
            "month": "2015-08",
            "price": "0.85",
            "revenue": 4048663
        },
        "2015-09": {
            "month": "2015-09",
            "price": "0.91",
            "revenue": 3959824
        },
        "2015-10": {
            "month": "2015-10",
            "price": "0.88",
            "revenue": 4139914
        },
        "2015-11": {
            "month": "2015-11",
            "price": "0.73",
            "revenue": 3754359
        },
        "2015-12": {
            "month": "2015-12",
            "price": "0.70",
            "revenue": 3333277
        },
        "2016-01": {
            "month": "2016-01",
            "price": "0.74",
            "revenue": 2549417
        },
        "2016-02": {
            "month": "2016-02",
            "price": "0.73",
            "revenue": 2098871
        },
        "2016-03": {
            "month": "2016-03",
            "price": "0.71",
            "revenue": 2432486
        },
        "2016-04": {
            "month": "2016-04",
            "price": "0.61",
            "revenue": 2351821
        },
        "2016-05": {
            "month": "2016-05",
            "price": "0.49",
            "revenue": 2426389
        },
        "2016-06": {
            "month": "2016-06",
            "price": "0.50",
            "revenue": 2357256
        },
        "2016-07": {
            "month": "2016-07",
            "price": "0.96",
            "revenue": 2347976
        },
        "2016-08": {
            "month": "2016-08",
            "price": "0.96",
            "revenue": 2547934
        },
        "2016-09": {
            "month": "2016-09",
            "price": "1.38",
            "revenue": 2915261
        },
        "2016-10": {
            "month": "2016-10",
            "price": "1.62",
            "revenue": 3366860
        },
        "2016-11": {
            "month": "2016-11",
            "price": "1.37",
            "revenue": 3858385
        },
        "2016-12": {
            "month": "2016-12",
            "price": "1.33",
            "revenue": 3883129
        },
        "2017-01": {
            "month": "2017-01",
            "price": "1.38",
            "revenue": 3188590
        },
        "2017-02": {
            "month": "2017-02",
            "price": "1.58",
            "revenue": 3066261
        },
        "2017-03": {
            "month": "2017-03",
            "price": "1.48",
            "revenue": 2810735
        },
        "2017-04": {
            "month": "2017-04",
            "price": "1.39",
            "revenue": 2625757
        },
        "2017-05": {
            "month": "2017-05",
            "price": "1.39",
            "revenue": 2401589
        },
        "2017-06": {
            "month": "2017-06",
            "price": "1.44",
            "revenue": 2485430
        },
        "2017-07": {
            "month": "2017-07",
            "price": "1.68",
            "revenue": 2843999
        },
        "2017-08": {
            "month": "2017-08",
            "price": "1.78",
            "revenue": 3167975
        },
        "2017-09": {
            "month": "2017-09",
            "price": "2.49",
            "revenue": 3291276
        },
        "2017-10": {
            "month": "2017-10",
            "price": "3.13",
            "revenue": 3073657
        },
        "2017-11": {
            "month": "2017-11",
            "price": "2.66",
            "revenue": 3046689
        },
        "2017-12": {
            "month": "2017-12",
            "price": "2.45",
            "revenue": 2717702
        },
        "2018-01": {
            "month": "2018-01",
            "price": "2.44",
            "revenue": 2593754
        },
        "2018-02": {
            "month": "2018-02",
            "price": "2.34",
            "revenue": 2051562
        },
        "2018-03": {
            "month": "2018-03",
            "price": "2.34",
            "revenue": 2179371
        },
        "2018-04": {
            "month": "2018-04",
            "price": "1.99",
            "revenue": 2199428
        },
        "2018-05": {
            "month": "2018-05",
            "price": "1.87",
            "revenue": 2308113
        },
        "2018-06": {
            "month": "2018-06",
            "price": "2.06",
            "revenue": 2441462
        },
        "2018-07": {
            "month": "2018-07",
            "price": "2.00",
            "revenue": 2243855
        },
        "2018-08": {
            "month": "2018-08",
            "price": "1.88",
            "revenue": 2248810
        },
        "2018-09": {
            "month": "2018-09",
            "price": "1.92",
            "revenue": 1921765
        },
        "2018-10": {
            "month": "2018-10",
            "price": "1.55",
            "revenue": 1517899
        },
        "2018-11": {
            "month": "2018-11",
            "price": "1.37",
            "revenue": 1356076
        },
        "2018-12": {
            "month": "2018-12",
            "price": "1.00",
            "revenue": 939756
        },
        "2019-01": {
            "month": "2019-01",
            "price": "0.56",
            "revenue": 174002
        },
        "2019-02": {
            "month": "2019-02",
            "price": "0.61",
            "revenue": 102752
        },
        "2019-03": {
            "month": "2019-03",
            "price": "0.51",
            "revenue": 283439
        },
        "2019-04": {
            "month": "2019-04",
            "price": "0.20",
            "revenue": 303001
        },
        "2019-05": {
            "month": "2019-05",
            "price": "0.18",
            "revenue": 184807
        }
    }
}
