{
    "summary": {
        "stock_name": "鉅祥",
        "stock_id": "2476",
        "category": "電子零組件",
        "main_business": "連續沖壓精密金屬零件與連續沖壓模具<br>機械零組件、刀具、夾具<br>自動化專用機",
        "website_url": "http://www.gs.com.tw",
        "ceo": "林映碩",
        "pe_ratio": 13,
        "report_year_from": 2001,
        "report_year_to": 2023,
        "age": 22,
        "eps_negative_percentage": 0,
        "eps_growth_avg": {
            "last_all": 8.66,
            "last_2y": 39.3,
            "last_4y": 21.41,
            "last_8y": 17.33,
            "last_12y": 12.46,
            "last_16y": 7.77,
            "last_20y": 8.66,
            "at_2006_last_3y": 34.41,
            "at_2007_last_3y": 33.04,
            "at_2008_last_3y": 5.67,
            "at_2009_last_3y": -7.46,
            "at_2010_last_3y": -7.96,
            "at_2011_last_3y": -14.86,
            "at_2012_last_3y": 0.04,
            "at_2013_last_3y": 1.51,
            "at_2014_last_3y": -0.62,
            "at_2015_last_3y": 12.48,
            "at_2016_last_3y": 13.21,
            "at_2017_last_3y": 12.22,
            "at_2018_last_3y": -0.18,
            "at_2019_last_3y": -2.66,
            "at_2020_last_3y": -10.93,
            "at_2021_last_3y": 18.96,
            "at_2022_last_3y": 32.96,
            "at_2023_last_3y": 32.96,
            "at_2006_last_all": 17.01,
            "at_2007_last_all": 14.02,
            "at_2008_last_all": 5.9,
            "at_2009_last_all": 2.48,
            "at_2010_last_all": 5.91,
            "at_2011_last_all": 2.47,
            "at_2012_last_all": 3.77,
            "at_2013_last_all": 2.16,
            "at_2014_last_all": 3.9,
            "at_2015_last_all": 5.33,
            "at_2016_last_all": 6.29,
            "at_2017_last_all": 4.67,
            "at_2018_last_all": 2.94,
            "at_2019_last_all": 3.55,
            "at_2020_last_all": 2.66,
            "at_2021_last_all": 7.53,
            "at_2022_last_all": 8.66,
            "at_2023_last_all": 8.66
        },
        "latest_eps": 3.94,
        "latest_price": 50.8,
        "latest_roe": 14.05,
        "latest_gross_margin": 27.04,
        "latest_equity": 6201421,
        "latest_revenue": 1441874,
        "latest_gross_profit": 389895,
        "latest_net_income": 263945,
        "latest_debt_ratio": 34.11,
        "latest_current_ratio": 299.11,
        "latest_account_receivable_turnover_ratio": 1,
        "latest_inventory_turnover_ratio": 1.16,
        "latest_reinvestment_rate": -4.34,
        "latest_research_to_sale_ratio": 2.82
    },
    "eps_dividends": {
        "1996": {
            "cash": 0,
            "stock": 1.45,
            "eps": 0
        },
        "1997": {
            "cash": 0,
            "stock": 3,
            "eps": 0
        },
        "1998": {
            "cash": 0,
            "stock": 2,
            "eps": 0
        },
        "1999": {
            "cash": 0,
            "stock": 2.5,
            "eps": 0
        },
        "2000": {
            "cash": 0,
            "stock": 3,
            "eps": 0
        },
        "2001": {
            "cash": 0.6,
            "stock": 3,
            "eps": 2.3
        },
        "2002": {
            "cash": 0.6,
            "stock": 1.5,
            "eps": 1.09
        },
        "2003": {
            "cash": 0.51,
            "stock": 0.51,
            "eps": 1.14
        },
        "2004": {
            "cash": 0.5,
            "stock": 0.5,
            "eps": 1.9
        },
        "2005": {
            "cash": 1.31,
            "stock": 1.71,
            "eps": 2.49
        },
        "2006": {
            "cash": 0,
            "stock": 0,
            "eps": 3.37
        },
        "2007": {
            "cash": 1.2,
            "stock": 1.2,
            "eps": 3.34
        },
        "2008": {
            "cash": 1.3,
            "stock": 1.2,
            "eps": 1.91
        },
        "2009": {
            "cash": 1.13,
            "stock": 0.3,
            "eps": 1.5
        },
        "2010": {
            "cash": 1,
            "stock": 0,
            "eps": 2
        },
        "2011": {
            "cash": 1.9,
            "stock": 0,
            "eps": 1.43
        },
        "2012": {
            "cash": 0,
            "stock": 0,
            "eps": 1.67
        },
        "2013": {
            "cash": 1,
            "stock": 0,
            "eps": 1.41
        },
        "2014": {
            "cash": 1.28,
            "stock": 0,
            "eps": 1.76
        },
        "2015": {
            "cash": 1.5,
            "stock": 0,
            "eps": 2.18
        },
        "2016": {
            "cash": 1.53,
            "stock": 0,
            "eps": 2.61
        },
        "2017": {
            "cash": 1.7,
            "stock": 0,
            "eps": 2.1
        },
        "2018": {
            "cash": 1.6,
            "stock": 0,
            "eps": 1.58
        },
        "2019": {
            "cash": 1.26,
            "stock": 0,
            "eps": 1.8
        },
        "2020": {
            "cash": 1.3,
            "stock": 0,
            "eps": 1.56
        },
        "2021": {
            "cash": 1.2,
            "stock": 0,
            "eps": 3.49
        },
        "2022": {
            "cash": 2.1,
            "stock": 0,
            "eps": 4.58
        },
        "2023": {
            "cash": 2.3,
            "stock": 0,
            "eps": 1.49
        }
    },
    "dividends": {
        "1996-05-22": {
            "cash": 0,
            "stock": 1.45
        },
        "1997-04-30": {
            "cash": 0,
            "stock": 3
        },
        "1998-04-30": {
            "cash": 0,
            "stock": 2
        },
        "1999-05-21": {
            "cash": 0,
            "stock": 2.5
        },
        "2000-04-29": {
            "cash": 0,
            "stock": 3
        },
        "2001-04-19": {
            "cash": 0.6,
            "stock": 3
        },
        "2002-05-30": {
            "cash": 0.6,
            "stock": 1.5
        },
        "2003-05-30": {
            "cash": 0.51,
            "stock": 0.51
        },
        "2004-03-26": {
            "cash": 0.5,
            "stock": 0.5
        },
        "2005-03-24": {
            "cash": 0.8,
            "stock": 1
        },
        "2005-03-25": {
            "cash": 0.51,
            "stock": 0.71
        },
        "2007-03-27": {
            "cash": 1.2,
            "stock": 1.2
        },
        "2008-03-28": {
            "cash": 1.3,
            "stock": 1.2
        },
        "2009-03-31": {
            "cash": 1.13,
            "stock": 0.3
        },
        "2010-03-24": {
            "cash": 1,
            "stock": 0
        },
        "2011-01-01": {
            "cash": 0.7,
            "stock": 0
        },
        "2011-03-23": {
            "cash": 1.2,
            "stock": 0
        },
        "2013-03-26": {
            "cash": 1,
            "stock": 0
        },
        "2014-09-12": {
            "cash": 1.28,
            "stock": 0
        },
        "2015-09-04": {
            "cash": 1.5,
            "stock": 0
        },
        "2016-09-09": {
            "cash": 1.53,
            "stock": 0
        },
        "2017-09-08": {
            "cash": 1.7,
            "stock": 0
        },
        "2018-09-07": {
            "cash": 1.6,
            "stock": 0
        },
        "2019-09-06": {
            "cash": 1.26,
            "stock": 0
        },
        "2020-09-04": {
            "cash": 1.3,
            "stock": 0
        },
        "2021-09-03": {
            "cash": 1.2,
            "stock": 0
        },
        "2022-09-08": {
            "cash": 2.1,
            "stock": 0
        },
        "2023-09-08": {
            "cash": 2.3,
            "stock": 0
        }
    },
    "prices": {
        "200101": "無",
        "200102": "無",
        "200103": "無",
        "200104": "無",
        "200105": "無",
        "200106": "無",
        "200107": "無",
        "200108": "無",
        "200109": "23.96",
        "200110": "22.92",
        "200111": "26.96",
        "200112": "37.52",
        "200201": "40.02",
        "200202": "37.42",
        "200203": "41.78",
        "200204": "49.36",
        "200205": "44.42",
        "200206": "35.58",
        "200207": "31.79",
        "200208": "27.54",
        "200209": "27.46",
        "200210": "21.92",
        "200211": "20.79",
        "200212": "20.33",
        "200301": "21.28",
        "200302": "21.74",
        "200303": "18.91",
        "200304": "18.53",
        "200305": "17.06",
        "200306": "20.32",
        "200307": "25.03",
        "200308": "21.09",
        "200309": "19.03",
        "200310": "19.78",
        "200311": "22.22",
        "200312": "23.86",
        "200401": "23.47",
        "200402": "28.79",
        "200403": "27.15",
        "200404": "28.07",
        "200405": "24.06",
        "200406": "24.03",
        "200407": "21.68",
        "200408": "20.41",
        "200409": "22.50",
        "200410": "22.44",
        "200411": "20.93",
        "200412": "20.05",
        "200501": "20.19",
        "200502": "25.78",
        "200503": "25.36",
        "200504": "22.68",
        "200505": "21.06",
        "200506": "24.03",
        "200507": "24.85",
        "200508": "21.70",
        "200509": "22.43",
        "200510": "22.97",
        "200511": "23.50",
        "200512": "25.38",
        "200601": "26.30",
        "200602": "24.16",
        "200603": "23.65",
        "200604": "28.27",
        "200605": "27.71",
        "200606": "25.61",
        "200607": "29.32",
        "200608": "31.71",
        "200609": "39.17",
        "200610": "44.77",
        "200611": "39.11",
        "200612": "42.71",
        "200701": "51.08",
        "200702": "57.39",
        "200703": "60.58",
        "200704": "59.70",
        "200705": "57.85",
        "200706": "74.94",
        "200707": "71.96",
        "200708": "58.92",
        "200709": "57.69",
        "200710": "57.19",
        "200711": "46.41",
        "200712": "38.56",
        "200801": "31.19",
        "200802": "30.41",
        "200803": "31.29",
        "200804": "37.48",
        "200805": "37.00",
        "200806": "31.52",
        "200807": "29.07",
        "200808": "27.36",
        "200809": "20.31",
        "200810": "17.25",
        "200811": "15.28",
        "200812": "13.51",
        "200901": "13.16",
        "200902": "13.40",
        "200903": "15.12",
        "200904": "17.58",
        "200905": "18.08",
        "200906": "18.19",
        "200907": "19.22",
        "200908": "21.44",
        "200909": "22.60",
        "200910": "23.67",
        "200911": "23.18",
        "200912": "25.60",
        "201001": "26.00",
        "201002": "23.19",
        "201003": "24.90",
        "201004": "27.95",
        "201005": "27.00",
        "201006": "25.33",
        "201007": "24.78",
        "201008": "25.46",
        "201009": "25.37",
        "201010": "25.05",
        "201011": "23.65",
        "201012": "24.47",
        "201101": "24.06",
        "201102": "23.53",
        "201103": "22.44",
        "201104": "21.96",
        "201105": "21.81",
        "201106": "22.86",
        "201107": "20.84",
        "201108": "17.57",
        "201109": "17.99",
        "201110": "17.26",
        "201111": "16.22",
        "201112": "15.00",
        "201201": "15.37",
        "201202": "17.78",
        "201203": "18.11",
        "201204": "15.74",
        "201205": "15.29",
        "201206": "14.82",
        "201207": "15.28",
        "201208": "16.40",
        "201209": "17.77",
        "201210": "17.06",
        "201211": "16.55",
        "201212": "17.13",
        "201301": "17.84",
        "201302": "17.93",
        "201303": "17.63",
        "201304": "16.97",
        "201305": "16.93",
        "201306": "16.48",
        "201307": "16.71",
        "201308": "17.00",
        "201309": "18.16",
        "201310": "18.34",
        "201311": "19.67",
        "201312": "20.14",
        "201401": "21.73",
        "201402": "23.61",
        "201403": "23.67",
        "201404": "23.90",
        "201405": "23.76",
        "201406": "26.06",
        "201407": "25.57",
        "201408": "25.39",
        "201409": "25.02",
        "201410": "26.55",
        "201411": "27.40",
        "201412": "27.65",
        "201501": "26.25",
        "201502": "26.56",
        "201503": "27.83",
        "201504": "27.68",
        "201505": "26.09",
        "201506": "22.41",
        "201507": "21.88",
        "201508": "19.70",
        "201509": "20.58",
        "201510": "22.31",
        "201511": "22.27",
        "201512": "21.65",
        "201601": "21.62",
        "201602": "23.02",
        "201603": "24.14",
        "201604": "23.48",
        "201605": "22.31",
        "201606": "22.65",
        "201607": "23.47",
        "201608": "23.27",
        "201609": "24.87",
        "201610": "25.48",
        "201611": "24.43",
        "201612": "25.32",
        "201701": "25.96",
        "201702": "26.97",
        "201703": "26.84",
        "201704": "26.15",
        "201705": "26.04",
        "201706": "25.86",
        "201707": "26.22",
        "201708": "25.05",
        "201709": "25.39",
        "201710": "25.81",
        "201711": "26.02",
        "201712": "26.38",
        "201801": "27.16",
        "201802": "25.82",
        "201803": "26.14",
        "201804": "25.35",
        "201805": "25.78",
        "201806": "26.98",
        "201807": "26.52",
        "201808": "25.30",
        "201809": "24.57",
        "201810": "22.63",
        "201811": "23.34",
        "201812": "22.62",
        "201901": "22.28",
        "201902": "23.03",
        "201903": "23.22",
        "201904": "23.83",
        "201905": "23.80",
        "201906": "24.25",
        "201907": "24.57",
        "201908": "23.37",
        "201909": "24.01",
        "201910": "23.76",
        "201911": "23.63",
        "201912": "23.70",
        "202001": "23.50",
        "202002": "22.26",
        "202003": "19.27",
        "202004": "19.52",
        "202005": "20.01",
        "202006": "20.27",
        "202007": "20.44",
        "202008": "19.28",
        "202009": "19.14",
        "202010": "18.83",
        "202011": "19.17",
        "202012": "20.26",
        "202101": "23.34",
        "202102": "27.28",
        "202103": "31.35",
        "202104": "35.08",
        "202105": "33.52",
        "202106": "36.92",
        "202107": "54.26",
        "202108": "56.28",
        "202109": "56.94",
        "202110": "56.72",
        "202111": "61.91",
        "202112": "67.27",
        "202201": "65.98",
        "202202": "59.43",
        "202203": "57.00",
        "202204": "50.47",
        "202205": "48.10",
        "202206": "47.08",
        "202207": "44.67",
        "202208": "54.05",
        "202209": "52.04",
        "202210": "43.85",
        "202211": "46.28",
        "202212": "47.48",
        "202301": "46.38",
        "202302": "48.58",
        "202303": "53.13",
        "202304": "55.21",
        "202305": "50.86",
        "202306": "50.40",
        "202307": "49.44",
        "202308": "47.20",
        "202309": "50.85"
    },
    "quarters": {
        "20011": {
            "year_quarter": 20011,
            "year": 2001,
            "quarter": 1,
            "eps": 1.08,
            "eps_growth_year": -65.16,
            "eps_4q": 3.78,
            "eps_4q_growth_year": -45.78,
            "roe": 5.3,
            "roe_4q": 5.3,
            "gross_profit": 55123,
            "gross_margin": 23.95,
            "gross_margin_4q_avg": 23.95,
            "net_income": 89288,
            "revenue": 230145,
            "common_shares": 823000,
            "book_valuer_per_share": 21.1,
            "book_valuer_per_share_4q_avg": 21.1,
            "equity": 1736667,
            "current_ratio": 358.28,
            "debt_ratio": 15.61,
            "inventory_turnover_ratio": 0.87,
            "account_receivable_turnover_ratio": null,
            "reinvestment_rate": null,
            "research_to_sale_ratio": null,
            "price_fair": 0,
            "eps_avg_yearly": 0,
            "eps_latest_yearly": 0,
            "eps_growth_yearly": 0
        },
        "20012": {
            "year_quarter": 20012,
            "year": 2001,
            "quarter": 2,
            "eps": 0.54,
            "eps_growth_year": -50.46,
            "eps_4q": 2.6,
            "eps_4q_growth_year": -49.49,
            "roe": 3.21,
            "roe_4q": 8.51,
            "gross_profit": 44382,
            "gross_margin": 22.88,
            "gross_margin_4q_avg": 23.42,
            "net_income": 58471,
            "revenue": 193962,
            "common_shares": 1090000,
            "book_valuer_per_share": 17.5,
            "book_valuer_per_share_4q_avg": 19.3,
            "equity": 1907991,
            "current_ratio": 909.78,
            "debt_ratio": 41.03,
            "inventory_turnover_ratio": 1.44,
            "account_receivable_turnover_ratio": null,
            "reinvestment_rate": null,
            "research_to_sale_ratio": null,
            "price_fair": 0,
            "eps_avg_yearly": 0,
            "eps_latest_yearly": 0,
            "eps_growth_yearly": 0
        },
        "20013": {
            "year_quarter": 20013,
            "year": 2001,
            "quarter": 3,
            "eps": 0.22,
            "eps_growth_year": -79.05,
            "eps_4q": 1.93,
            "eps_4q_growth_year": -62.96,
            "roe": 1.29,
            "roe_4q": 9.8,
            "gross_profit": 38270,
            "gross_margin": 18.02,
            "gross_margin_4q_avg": 21.62,
            "net_income": 25136,
            "revenue": 212330,
            "common_shares": 1140000,
            "book_valuer_per_share": 17.56,
            "book_valuer_per_share_4q_avg": 18.72,
            "equity": 2001388,
            "current_ratio": 1744.18,
            "debt_ratio": 37.52,
            "inventory_turnover_ratio": 1.86,
            "account_receivable_turnover_ratio": null,
            "reinvestment_rate": null,
            "research_to_sale_ratio": null,
            "price_fair": 0,
            "eps_avg_yearly": 0,
            "eps_latest_yearly": 0,
            "eps_growth_yearly": 0
        },
        "20014": {
            "year_quarter": 20014,
            "year": 2001,
            "quarter": 4,
            "eps": 0.46,
            "eps_growth_year": -19.3,
            "eps_4q": 1.96,
            "eps_4q_growth_year": -60.92,
            "roe": 2.55,
            "roe_4q": 12.35,
            "gross_profit": 41295,
            "gross_margin": 20.53,
            "gross_margin_4q_avg": 21.35,
            "net_income": 52885,
            "revenue": 201146,
            "common_shares": 1140000,
            "book_valuer_per_share": 17.82,
            "book_valuer_per_share_4q_avg": 18.5,
            "equity": 2147834,
            "current_ratio": 1244.56,
            "debt_ratio": 38.23,
            "inventory_turnover_ratio": 1.11,
            "account_receivable_turnover_ratio": null,
            "reinvestment_rate": null,
            "research_to_sale_ratio": null,
            "price_fair": 0,
            "eps_avg_yearly": 0,
            "eps_latest_yearly": 0,
            "eps_growth_yearly": 0
        },
        "20021": {
            "year_quarter": 20021,
            "year": 2002,
            "quarter": 1,
            "eps": 0.45,
            "eps_growth_year": -58.33,
            "eps_4q": 1.66,
            "eps_4q_growth_year": -56.14,
            "roe": 2.4,
            "roe_4q": 9.45,
            "gross_profit": 51022,
            "gross_margin": 24.53,
            "gross_margin_4q_avg": 21.49,
            "net_income": 50832,
            "revenue": 207980,
            "common_shares": 1140000,
            "book_valuer_per_share": 18.27,
            "book_valuer_per_share_4q_avg": 17.79,
            "equity": 2082926,
            "current_ratio": 1131.39,
            "debt_ratio": 38.3,
            "inventory_turnover_ratio": 1.04,
            "account_receivable_turnover_ratio": null,
            "reinvestment_rate": null,
            "research_to_sale_ratio": null,
            "price_fair": 5.4,
            "eps_avg_yearly": 1.8,
            "eps_latest_yearly": 1.8,
            "eps_growth_yearly": -8.7
        },
        "20022": {
            "year_quarter": 20022,
            "year": 2002,
            "quarter": 2,
            "eps": 0.13,
            "eps_growth_year": -75.93,
            "eps_4q": 1.09,
            "eps_4q_growth_year": -58,
            "roe": 0.85,
            "roe_4q": 7.09,
            "gross_profit": 53783,
            "gross_margin": 21.44,
            "gross_margin_4q_avg": 21.13,
            "net_income": 17427,
            "revenue": 250800,
            "common_shares": 1140000,
            "book_valuer_per_share": 17.55,
            "book_valuer_per_share_4q_avg": 17.8,
            "equity": 2000507,
            "current_ratio": 672.25,
            "debt_ratio": 41.69,
            "inventory_turnover_ratio": 1.85,
            "account_receivable_turnover_ratio": null,
            "reinvestment_rate": null,
            "research_to_sale_ratio": null,
            "price_fair": 3.48,
            "eps_avg_yearly": 1.16,
            "eps_latest_yearly": 0.52,
            "eps_growth_yearly": -146.57
        },
        "20023": {
            "year_quarter": 20023,
            "year": 2002,
            "quarter": 3,
            "eps": 0.37,
            "eps_growth_year": 68.18,
            "eps_4q": 1.29,
            "eps_4q_growth_year": -33.18,
            "roe": 2.39,
            "roe_4q": 8.190000000000001,
            "gross_profit": 54890,
            "gross_margin": 19.38,
            "gross_margin_4q_avg": 21.47,
            "net_income": 48858,
            "revenue": 283258,
            "common_shares": 1331000,
            "book_valuer_per_share": 15.64,
            "book_valuer_per_share_4q_avg": 17.32,
            "equity": 2081859,
            "current_ratio": 652.96,
            "debt_ratio": 41.57,
            "inventory_turnover_ratio": 1.77,
            "account_receivable_turnover_ratio": null,
            "reinvestment_rate": null,
            "research_to_sale_ratio": null,
            "price_fair": 44.33,
            "eps_avg_yearly": 1.27,
            "eps_latest_yearly": 1.48,
            "eps_growth_yearly": 148.44
        },
        "20024": {
            "year_quarter": 20024,
            "year": 2002,
            "quarter": 4,
            "eps": 0.14,
            "eps_growth_year": -69.57,
            "eps_4q": 1.03,
            "eps_4q_growth_year": -47.61,
            "roe": 0.86,
            "roe_4q": 6.5,
            "gross_profit": 40071,
            "gross_margin": 11.94,
            "gross_margin_4q_avg": 19.32,
            "net_income": 18447,
            "revenue": 335621,
            "common_shares": 1331000,
            "book_valuer_per_share": 15.74,
            "book_valuer_per_share_4q_avg": 16.8,
            "equity": 2230132,
            "current_ratio": 705.76,
            "debt_ratio": 41.72,
            "inventory_turnover_ratio": 1.49,
            "account_receivable_turnover_ratio": null,
            "reinvestment_rate": 63.22,
            "research_to_sale_ratio": null,
            "price_fair": 38.15,
            "eps_avg_yearly": 1.09,
            "eps_latest_yearly": 0.56,
            "eps_growth_yearly": 49.17
        },
        "20031": {
            "year_quarter": 20031,
            "year": 2003,
            "quarter": 1,
            "eps": 0.16,
            "eps_growth_year": -64.44,
            "eps_4q": 0.8,
            "eps_4q_growth_year": -51.72,
            "roe": 0.97,
            "roe_4q": 5.07,
            "gross_profit": 37829,
            "gross_margin": 14.81,
            "gross_margin_4q_avg": 16.89,
            "net_income": 21163,
            "revenue": 255348,
            "common_shares": 1331000,
            "book_valuer_per_share": 15.92,
            "book_valuer_per_share_4q_avg": 16.21,
            "equity": 2119550,
            "current_ratio": 814.11,
            "debt_ratio": 40.27,
            "inventory_turnover_ratio": 1.23,
            "account_receivable_turnover_ratio": null,
            "reinvestment_rate": 10.97,
            "research_to_sale_ratio": null,
            "price_fair": 35,
            "eps_avg_yearly": 1,
            "eps_latest_yearly": 0.64,
            "eps_growth_yearly": 50.76
        },
        "20032": {
            "year_quarter": 20032,
            "year": 2003,
            "quarter": 2,
            "eps": 0.28,
            "eps_growth_year": 115.38,
            "eps_4q": 0.92,
            "eps_4q_growth_year": -15.5,
            "roe": 1.85,
            "roe_4q": 6.07,
            "gross_profit": 43468,
            "gross_margin": 16.22,
            "gross_margin_4q_avg": 15.59,
            "net_income": 38579,
            "revenue": 268027,
            "common_shares": 1331000,
            "book_valuer_per_share": 15.42,
            "book_valuer_per_share_4q_avg": 15.68,
            "equity": 2052089,
            "current_ratio": 122.76,
            "debt_ratio": 42.27,
            "inventory_turnover_ratio": 2.46,
            "account_receivable_turnover_ratio": null,
            "reinvestment_rate": 11.87,
            "research_to_sale_ratio": null,
            "price_fair": 35.7,
            "eps_avg_yearly": 1.02,
            "eps_latest_yearly": 1.12,
            "eps_growth_yearly": 92.3
        },
        "20033": {
            "year_quarter": 20033,
            "year": 2003,
            "quarter": 3,
            "eps": 0.31,
            "eps_growth_year": -16.22,
            "eps_4q": 0.87,
            "eps_4q_growth_year": -32.48,
            "roe": 2.1,
            "roe_4q": 5.78,
            "gross_profit": 54320,
            "gross_margin": 20.79,
            "gross_margin_4q_avg": 15.94,
            "net_income": 43337,
            "revenue": 261237,
            "common_shares": 1409750,
            "book_valuer_per_share": 14.7,
            "book_valuer_per_share_4q_avg": 15.45,
            "equity": 2072018,
            "current_ratio": 123.11,
            "debt_ratio": 41.36,
            "inventory_turnover_ratio": 2.38,
            "account_receivable_turnover_ratio": null,
            "reinvestment_rate": 12.31,
            "research_to_sale_ratio": null,
            "price_fair": 36.8,
            "eps_avg_yearly": 1.05,
            "eps_latest_yearly": 1.24,
            "eps_growth_yearly": 85.24
        },
        "20034": {
            "year_quarter": 20034,
            "year": 2003,
            "quarter": 4,
            "eps": 0.39,
            "eps_growth_year": 178.57,
            "eps_4q": 1.14,
            "eps_4q_growth_year": 10.59,
            "roe": 2.46,
            "roe_4q": 7.38,
            "gross_profit": 58153,
            "gross_margin": 21.27,
            "gross_margin_4q_avg": 18.27,
            "net_income": 53758,
            "revenue": 273364,
            "common_shares": 1409750,
            "book_valuer_per_share": 15.14,
            "book_valuer_per_share_4q_avg": 15.3,
            "equity": 2302058,
            "current_ratio": 162.7,
            "debt_ratio": 46.86,
            "inventory_turnover_ratio": 1.1,
            "account_receivable_turnover_ratio": null,
            "reinvestment_rate": 75.96,
            "research_to_sale_ratio": null,
            "price_fair": 39.03,
            "eps_avg_yearly": 1.12,
            "eps_latest_yearly": 1.56,
            "eps_growth_yearly": 87.49
        },
        "20041": {
            "year_quarter": 20041,
            "year": 2004,
            "quarter": 1,
            "eps": 0.36,
            "eps_growth_year": 125,
            "eps_4q": 1.35,
            "eps_4q_growth_year": 68.11,
            "roe": 2.21,
            "roe_4q": 8.62,
            "gross_profit": 48050,
            "gross_margin": 17.18,
            "gross_margin_4q_avg": 18.87,
            "net_income": 49542,
            "revenue": 279666,
            "common_shares": 1409750,
            "book_valuer_per_share": 15.51,
            "book_valuer_per_share_4q_avg": 15.19,
            "equity": 2186145,
            "current_ratio": 110.16,
            "debt_ratio": 45.75,
            "inventory_turnover_ratio": 1.13,
            "account_receivable_turnover_ratio": null,
            "reinvestment_rate": 19.53,
            "research_to_sale_ratio": null,
            "price_fair": 40.29,
            "eps_avg_yearly": 1.15,
            "eps_latest_yearly": 1.44,
            "eps_growth_yearly": 74.35
        },
        "20042": {
            "year_quarter": 20042,
            "year": 2004,
            "quarter": 2,
            "eps": 0.5,
            "eps_growth_year": 78.57,
            "eps_4q": 1.55,
            "eps_4q_growth_year": 68.09,
            "roe": 3.18,
            "roe_4q": 9.950000000000001,
            "gross_profit": 46484,
            "gross_margin": 17.08,
            "gross_margin_4q_avg": 19.08,
            "net_income": 69831,
            "revenue": 272230,
            "common_shares": 1409750,
            "book_valuer_per_share": 15.62,
            "book_valuer_per_share_4q_avg": 15.24,
            "equity": 2202598,
            "current_ratio": 107.32,
            "debt_ratio": 42.35,
            "inventory_turnover_ratio": 1.98,
            "account_receivable_turnover_ratio": null,
            "reinvestment_rate": 21.44,
            "research_to_sale_ratio": null,
            "price_fair": 43.26,
            "eps_avg_yearly": 1.24,
            "eps_latest_yearly": 2,
            "eps_growth_yearly": 82.47
        },
        "20043": {
            "year_quarter": 20043,
            "year": 2004,
            "quarter": 3,
            "eps": 0.47,
            "eps_growth_year": 51.61,
            "eps_4q": 1.65,
            "eps_4q_growth_year": 90.25,
            "roe": 3.09,
            "roe_4q": 10.940000000000001,
            "gross_profit": 48889,
            "gross_margin": 17.54,
            "gross_margin_4q_avg": 18.27,
            "net_income": 68733,
            "revenue": 278760,
            "common_shares": 1494238,
            "book_valuer_per_share": 15.02,
            "book_valuer_per_share_4q_avg": 15.32,
            "equity": 2244231,
            "current_ratio": 97.74,
            "debt_ratio": 40.07,
            "inventory_turnover_ratio": 2.01,
            "account_receivable_turnover_ratio": null,
            "reinvestment_rate": 21.12,
            "research_to_sale_ratio": null,
            "price_fair": 45.31,
            "eps_avg_yearly": 1.29,
            "eps_latest_yearly": 1.88,
            "eps_growth_yearly": 72.79
        },
        "20044": {
            "year_quarter": 20044,
            "year": 2004,
            "quarter": 4,
            "eps": 0.57,
            "eps_growth_year": 46.15,
            "eps_4q": 1.85,
            "eps_4q_growth_year": 62.78,
            "roe": 3.57,
            "roe_4q": 12.05,
            "gross_profit": 46078,
            "gross_margin": 13.37,
            "gross_margin_4q_avg": 16.29,
            "net_income": 83624,
            "revenue": 344612,
            "common_shares": 1494238,
            "book_valuer_per_share": 14.83,
            "book_valuer_per_share_4q_avg": 15.25,
            "equity": 2440032,
            "current_ratio": 157.05,
            "debt_ratio": 47.34,
            "inventory_turnover_ratio": 1.19,
            "account_receivable_turnover_ratio": null,
            "reinvestment_rate": 88.66,
            "research_to_sale_ratio": null,
            "price_fair": 48.18,
            "eps_avg_yearly": 1.38,
            "eps_latest_yearly": 2.28,
            "eps_growth_yearly": 73.82
        },
        "20051": {
            "year_quarter": 20051,
            "year": 2005,
            "quarter": 1,
            "eps": 0.41,
            "eps_growth_year": 13.89,
            "eps_4q": 1.94,
            "eps_4q_growth_year": 44.4,
            "roe": 2.52,
            "roe_4q": 12.36,
            "gross_profit": 51756,
            "gross_margin": 17.67,
            "gross_margin_4q_avg": 16.42,
            "net_income": 59406,
            "revenue": 292971,
            "common_shares": 1494238,
            "book_valuer_per_share": 15.17,
            "book_valuer_per_share_4q_avg": 15.16,
            "equity": 2267012,
            "current_ratio": 95.99,
            "debt_ratio": 38.51,
            "inventory_turnover_ratio": 0.96,
            "account_receivable_turnover_ratio": null,
            "reinvestment_rate": 20.73,
            "research_to_sale_ratio": null,
            "price_fair": 48.89,
            "eps_avg_yearly": 1.4,
            "eps_latest_yearly": 1.64,
            "eps_growth_yearly": 59.5
        },
        "20052": {
            "year_quarter": 20052,
            "year": 2005,
            "quarter": 2,
            "eps": 0.77,
            "eps_growth_year": 54,
            "eps_4q": 2.22,
            "eps_4q_growth_year": 43.02,
            "roe": 4.93,
            "roe_4q": 14.11,
            "gross_profit": 50021,
            "gross_margin": 15.26,
            "gross_margin_4q_avg": 15.96,
            "net_income": 112705,
            "revenue": 327686,
            "common_shares": 1494238,
            "book_valuer_per_share": 15.4,
            "book_valuer_per_share_4q_avg": 15.11,
            "equity": 2300941,
            "current_ratio": 196.71,
            "debt_ratio": 37.54,
            "inventory_turnover_ratio": 2.52,
            "account_receivable_turnover_ratio": null,
            "reinvestment_rate": 12.21,
            "research_to_sale_ratio": null,
            "price_fair": 53.1,
            "eps_avg_yearly": 1.52,
            "eps_latest_yearly": 3.08,
            "eps_growth_yearly": 80.34
        },
        "20053": {
            "year_quarter": 20053,
            "year": 2005,
            "quarter": 3,
            "eps": 0.67,
            "eps_growth_year": 42.55,
            "eps_4q": 2.29,
            "eps_4q_growth_year": 38.55,
            "roe": 4.39,
            "roe_4q": 15.41,
            "gross_profit": 77068,
            "gross_margin": 22.65,
            "gross_margin_4q_avg": 17.24,
            "net_income": 105671,
            "revenue": 340283,
            "common_shares": 1618634,
            "book_valuer_per_share": 15.51,
            "book_valuer_per_share_4q_avg": 15.23,
            "equity": 2510624,
            "current_ratio": 180.91,
            "debt_ratio": 35.1,
            "inventory_turnover_ratio": 2.53,
            "account_receivable_turnover_ratio": null,
            "reinvestment_rate": 11.4,
            "research_to_sale_ratio": null,
            "price_fair": 55.81,
            "eps_avg_yearly": 1.59,
            "eps_latest_yearly": 2.68,
            "eps_growth_yearly": 71.52
        },
        "20054": {
            "year_quarter": 20054,
            "year": 2005,
            "quarter": 4,
            "eps": 0.64,
            "eps_growth_year": 12.28,
            "eps_4q": 2.41,
            "eps_4q_growth_year": 29.94,
            "roe": 3.73,
            "roe_4q": 15.569999999999999,
            "gross_profit": 90221,
            "gross_margin": 25.34,
            "gross_margin_4q_avg": 20.23,
            "net_income": 100624,
            "revenue": 356001,
            "common_shares": 1618634,
            "book_valuer_per_share": 15.99,
            "book_valuer_per_share_4q_avg": 15.52,
            "equity": 2885644,
            "current_ratio": 232.16,
            "debt_ratio": 35.99,
            "inventory_turnover_ratio": 1.12,
            "account_receivable_turnover_ratio": null,
            "reinvestment_rate": 58.39,
            "research_to_sale_ratio": null,
            "price_fair": 57.93,
            "eps_avg_yearly": 1.66,
            "eps_latest_yearly": 2.56,
            "eps_growth_yearly": 65.93
        },
        "20061": {
            "year_quarter": 20061,
            "year": 2006,
            "quarter": 1,
            "eps": 0.54,
            "eps_growth_year": 31.71,
            "eps_4q": 2.56,
            "eps_4q_growth_year": 31.67,
            "roe": 3.06,
            "roe_4q": 16.11,
            "gross_profit": 69262,
            "gross_margin": 21.48,
            "gross_margin_4q_avg": 21.18,
            "net_income": 85319,
            "revenue": 322500,
            "common_shares": 1618634,
            "book_valuer_per_share": 16.6,
            "book_valuer_per_share_4q_avg": 15.88,
            "equity": 2687723,
            "current_ratio": 133.63,
            "debt_ratio": 27.28,
            "inventory_turnover_ratio": 1.07,
            "account_receivable_turnover_ratio": null,
            "reinvestment_rate": 5.71,
            "research_to_sale_ratio": null,
            "price_fair": 58.71,
            "eps_avg_yearly": 1.68,
            "eps_latest_yearly": 2.16,
            "eps_growth_yearly": 62.57
        },
        "20062": {
            "year_quarter": 20062,
            "year": 2006,
            "quarter": 2,
            "eps": 0.94,
            "eps_growth_year": 22.08,
            "eps_4q": 2.78,
            "eps_4q_growth_year": 25.51,
            "roe": 5.51,
            "roe_4q": 16.69,
            "gross_profit": 109755,
            "gross_margin": 25.41,
            "gross_margin_4q_avg": 23.72,
            "net_income": 148798,
            "revenue": 431901,
            "common_shares": 1618634,
            "book_valuer_per_share": 16.79,
            "book_valuer_per_share_4q_avg": 16.22,
            "equity": 2717960,
            "current_ratio": 117.18,
            "debt_ratio": 25.75,
            "inventory_turnover_ratio": 2.9,
            "account_receivable_turnover_ratio": null,
            "reinvestment_rate": 2.54,
            "research_to_sale_ratio": null,
            "price_fair": 65.8,
            "eps_avg_yearly": 1.88,
            "eps_latest_yearly": 3.76,
            "eps_growth_yearly": 98.86
        },
        "20063": {
            "year_quarter": 20063,
            "year": 2006,
            "quarter": 3,
            "eps": 0.96,
            "eps_growth_year": 43.28,
            "eps_4q": 2.84,
            "eps_4q_growth_year": 23.9,
            "roe": 5.99,
            "roe_4q": 18.29,
            "gross_profit": 139406,
            "gross_margin": 29.4,
            "gross_margin_4q_avg": 25.41,
            "net_income": 171015,
            "revenue": 474194,
            "common_shares": 1810297,
            "book_valuer_per_share": 16.54,
            "book_valuer_per_share_4q_avg": 16.48,
            "equity": 2994515,
            "current_ratio": 133.48,
            "debt_ratio": 22.59,
            "inventory_turnover_ratio": 2.68,
            "account_receivable_turnover_ratio": null,
            "reinvestment_rate": 3.37,
            "research_to_sale_ratio": null,
            "price_fair": 70.96,
            "eps_avg_yearly": 2.03,
            "eps_latest_yearly": 3.84,
            "eps_growth_yearly": 53.24
        },
        "20064": {
            "year_quarter": 20064,
            "year": 2006,
            "quarter": 4,
            "eps": 0.93,
            "eps_growth_year": 45.31,
            "eps_4q": 3.2,
            "eps_4q_growth_year": 33.01,
            "roe": 5.05,
            "roe_4q": 19.609999999999996,
            "gross_profit": 124467,
            "gross_margin": 27.71,
            "gross_margin_4q_avg": 26,
            "net_income": 165890,
            "revenue": 449097,
            "common_shares": 1810297,
            "book_valuer_per_share": 17.57,
            "book_valuer_per_share_4q_avg": 16.88,
            "equity": 3577885,
            "current_ratio": 254.56,
            "debt_ratio": 28.04,
            "inventory_turnover_ratio": 1.09,
            "account_receivable_turnover_ratio": null,
            "reinvestment_rate": 20.94,
            "research_to_sale_ratio": null,
            "price_fair": 77.88,
            "eps_avg_yearly": 2.23,
            "eps_latest_yearly": 3.72,
            "eps_growth_yearly": 68
        },
        "20071": {
            "year_quarter": 20071,
            "year": 2007,
            "quarter": 1,
            "eps": 0.74,
            "eps_growth_year": 37.04,
            "eps_4q": 3.43,
            "eps_4q_growth_year": 34.1,
            "roe": 3.79,
            "roe_4q": 20.34,
            "gross_profit": 125019,
            "gross_margin": 28.77,
            "gross_margin_4q_avg": 27.82,
            "net_income": 133531,
            "revenue": 434583,
            "common_shares": 1810297,
            "book_valuer_per_share": 19.17,
            "book_valuer_per_share_4q_avg": 17.52,
            "equity": 3469595,
            "current_ratio": 207.82,
            "debt_ratio": 16.26,
            "inventory_turnover_ratio": 1.04,
            "account_receivable_turnover_ratio": null,
            "reinvestment_rate": 0.85,
            "research_to_sale_ratio": null,
            "price_fair": 82.95,
            "eps_avg_yearly": 2.37,
            "eps_latest_yearly": 2.96,
            "eps_growth_yearly": 59.32
        },
        "20072": {
            "year_quarter": 20072,
            "year": 2007,
            "quarter": 2,
            "eps": 0.93,
            "eps_growth_year": -1.06,
            "eps_4q": 3.53,
            "eps_4q_growth_year": 27.05,
            "roe": 4.86,
            "roe_4q": 19.689999999999998,
            "gross_profit": 127502,
            "gross_margin": 27.79,
            "gross_margin_4q_avg": 28.42,
            "net_income": 167970,
            "revenue": 458800,
            "common_shares": 1810297,
            "book_valuer_per_share": 19.01,
            "book_valuer_per_share_4q_avg": 18.07,
            "equity": 3442202,
            "current_ratio": 97.48,
            "debt_ratio": 23.07,
            "inventory_turnover_ratio": 2.43,
            "account_receivable_turnover_ratio": null,
            "reinvestment_rate": 0.51,
            "research_to_sale_ratio": null,
            "price_fair": 88.64,
            "eps_avg_yearly": 2.53,
            "eps_latest_yearly": 3.72,
            "eps_growth_yearly": 46.99
        },
        "20073": {
            "year_quarter": 20073,
            "year": 2007,
            "quarter": 3,
            "eps": 0.87,
            "eps_growth_year": -9.38,
            "eps_4q": 3.13,
            "eps_4q_growth_year": 10.22,
            "roe": 5.1,
            "roe_4q": 18.8,
            "gross_profit": 131354,
            "gross_margin": 25.37,
            "gross_margin_4q_avg": 27.41,
            "net_income": 179988,
            "revenue": 517660,
            "common_shares": 2060533,
            "book_valuer_per_share": 17.56,
            "book_valuer_per_share_4q_avg": 18.33,
            "equity": 3617839,
            "current_ratio": 109.48,
            "debt_ratio": 25.12,
            "inventory_turnover_ratio": 3.02,
            "account_receivable_turnover_ratio": null,
            "reinvestment_rate": 0.46,
            "research_to_sale_ratio": null,
            "price_fair": 93.54,
            "eps_avg_yearly": 2.67,
            "eps_latest_yearly": 3.48,
            "eps_growth_yearly": 42.7
        },
        "20074": {
            "year_quarter": 20074,
            "year": 2007,
            "quarter": 4,
            "eps": 0.8,
            "eps_growth_year": -13.98,
            "eps_4q": 3.13,
            "eps_4q_growth_year": -2.13,
            "roe": 4.14,
            "roe_4q": 17.889999999999997,
            "gross_profit": 93738,
            "gross_margin": 20.65,
            "gross_margin_4q_avg": 25.65,
            "net_income": 165102,
            "revenue": 454027,
            "common_shares": 2060533,
            "book_valuer_per_share": 18.79,
            "book_valuer_per_share_4q_avg": 18.63,
            "equity": 4356054,
            "current_ratio": 292.27,
            "debt_ratio": 27.48,
            "inventory_turnover_ratio": 1.16,
            "account_receivable_turnover_ratio": null,
            "reinvestment_rate": 17.01,
            "research_to_sale_ratio": null,
            "price_fair": 97.13,
            "eps_avg_yearly": 2.78,
            "eps_latest_yearly": 3.2,
            "eps_growth_yearly": 34.24
        },
        "20081": {
            "year_quarter": 20081,
            "year": 2008,
            "quarter": 1,
            "eps": 0.6,
            "eps_growth_year": -18.92,
            "eps_4q": 2.59,
            "eps_4q_growth_year": -24.66,
            "roe": 3.39,
            "roe_4q": 17.49,
            "gross_profit": 322267,
            "gross_margin": 30.9,
            "gross_margin_4q_avg": 26.18,
            "net_income": 147836,
            "revenue": 1042766,
            "common_shares": 2079623,
            "book_valuer_per_share": 18.58,
            "book_valuer_per_share_4q_avg": 18.49,
            "equity": 4359187,
            "current_ratio": 408.45,
            "debt_ratio": 22.32,
            "inventory_turnover_ratio": 1.36,
            "account_receivable_turnover_ratio": null,
            "reinvestment_rate": 53.93,
            "research_to_sale_ratio": null,
            "price_fair": 99.23,
            "eps_avg_yearly": 2.84,
            "eps_latest_yearly": 2.4,
            "eps_growth_yearly": 29.91
        },
        "20082": {
            "year_quarter": 20082,
            "year": 2008,
            "quarter": 2,
            "eps": 0.51,
            "eps_growth_year": -45.16,
            "eps_4q": 2.25,
            "eps_4q_growth_year": -36.2,
            "roe": 3.02,
            "roe_4q": 15.65,
            "gross_profit": 308482,
            "gross_margin": 27.79,
            "gross_margin_4q_avg": 26.18,
            "net_income": 129899,
            "revenue": 1110092,
            "common_shares": 2079623,
            "book_valuer_per_share": 17.82,
            "book_valuer_per_share_4q_avg": 18.19,
            "equity": 4231123,
            "current_ratio": 373.34,
            "debt_ratio": 25.64,
            "inventory_turnover_ratio": 1.45,
            "account_receivable_turnover_ratio": null,
            "reinvestment_rate": 52.33,
            "research_to_sale_ratio": null,
            "price_fair": 75.01,
            "eps_avg_yearly": 2.84,
            "eps_latest_yearly": 2.04,
            "eps_growth_yearly": 16.44
        },
        "20083": {
            "year_quarter": 20083,
            "year": 2008,
            "quarter": 3,
            "eps": 0.54,
            "eps_growth_year": -37.93,
            "eps_4q": 1.8,
            "eps_4q_growth_year": -42.48,
            "roe": 3.53,
            "roe_4q": 14.079999999999998,
            "gross_profit": 359347,
            "gross_margin": 28.55,
            "gross_margin_4q_avg": 26.97,
            "net_income": 156562,
            "revenue": 1258669,
            "common_shares": 2362178,
            "book_valuer_per_share": 17.15,
            "book_valuer_per_share_4q_avg": 18.09,
            "equity": 4636011,
            "current_ratio": 451.47,
            "debt_ratio": 22.4,
            "inventory_turnover_ratio": 1.53,
            "account_receivable_turnover_ratio": null,
            "reinvestment_rate": 53.95,
            "research_to_sale_ratio": null,
            "price_fair": 83.96,
            "eps_avg_yearly": 2.86,
            "eps_latest_yearly": 2.16,
            "eps_growth_yearly": 19.41
        },
        "20084": {
            "year_quarter": 20084,
            "year": 2008,
            "quarter": 4,
            "eps": 0.26,
            "eps_growth_year": -67.5,
            "eps_4q": 1.51,
            "eps_4q_growth_year": -51.78,
            "roe": 1.53,
            "roe_4q": 11.47,
            "gross_profit": 217137,
            "gross_margin": 23.67,
            "gross_margin_4q_avg": 27.73,
            "net_income": 71887,
            "revenue": 917277,
            "common_shares": 2362178,
            "book_valuer_per_share": 17.55,
            "book_valuer_per_share_4q_avg": 17.78,
            "equity": 4736854,
            "current_ratio": 567.1,
            "debt_ratio": 18.81,
            "inventory_turnover_ratio": 1.2,
            "account_receivable_turnover_ratio": 2.29,
            "reinvestment_rate": 20.14,
            "research_to_sale_ratio": null,
            "price_fair": 30.9,
            "eps_avg_yearly": 2.78,
            "eps_latest_yearly": 1.04,
            "eps_growth_yearly": 1.13
        },
        "20091": {
            "year_quarter": 20091,
            "year": 2009,
            "quarter": 1,
            "eps": 0.04,
            "eps_growth_year": -93.33,
            "eps_4q": 1.24,
            "eps_4q_growth_year": -52.03,
            "roe": 0.2,
            "roe_4q": 8.28,
            "gross_profit": 119184,
            "gross_margin": 19.21,
            "gross_margin_4q_avg": 24.81,
            "net_income": 9817,
            "revenue": 620329,
            "common_shares": 2362178,
            "book_valuer_per_share": 18.01,
            "book_valuer_per_share_4q_avg": 17.63,
            "equity": 4840328,
            "current_ratio": 815.5,
            "debt_ratio": 15.45,
            "inventory_turnover_ratio": 0.98,
            "account_receivable_turnover_ratio": 0.89,
            "reinvestment_rate": 59.95,
            "research_to_sale_ratio": null,
            "price_fair": 8.06,
            "eps_avg_yearly": 2.69,
            "eps_latest_yearly": 0.16,
            "eps_growth_yearly": -13.01
        },
        "20092": {
            "year_quarter": 20092,
            "year": 2009,
            "quarter": 2,
            "eps": 0.7,
            "eps_growth_year": 37.25,
            "eps_4q": 1.39,
            "eps_4q_growth_year": -38.4,
            "roe": 3.87,
            "roe_4q": 9.13,
            "gross_profit": 240122,
            "gross_margin": 27.1,
            "gross_margin_4q_avg": 24.63,
            "net_income": 183800,
            "revenue": 886026,
            "common_shares": 2362178,
            "book_valuer_per_share": 17.22,
            "book_valuer_per_share_4q_avg": 17.48,
            "equity": 4656201,
            "current_ratio": 477.33,
            "debt_ratio": 20.12,
            "inventory_turnover_ratio": 1.35,
            "account_receivable_turnover_ratio": 1.26,
            "reinvestment_rate": 56.97,
            "research_to_sale_ratio": null,
            "price_fair": 93.36,
            "eps_avg_yearly": 2.67,
            "eps_latest_yearly": 2.8,
            "eps_growth_yearly": 377.54
        },
        "20093": {
            "year_quarter": 20093,
            "year": 2009,
            "quarter": 3,
            "eps": 0.48,
            "eps_growth_year": -11.11,
            "eps_4q": 1.24,
            "eps_4q_growth_year": -31.05,
            "roe": 2.92,
            "roe_4q": 8.52,
            "gross_profit": 303309,
            "gross_margin": 30.5,
            "gross_margin_4q_avg": 25.12,
            "net_income": 137327,
            "revenue": 994467,
            "common_shares": 2433043,
            "book_valuer_per_share": 17.01,
            "book_valuer_per_share_4q_avg": 17.45,
            "equity": 4736615,
            "current_ratio": 601.41,
            "debt_ratio": 17.66,
            "inventory_turnover_ratio": 1.42,
            "account_receivable_turnover_ratio": 1.18,
            "reinvestment_rate": 54.85,
            "research_to_sale_ratio": null,
            "price_fair": 91.7,
            "eps_avg_yearly": 2.62,
            "eps_latest_yearly": 1.92,
            "eps_growth_yearly": 372.93
        },
        "20094": {
            "year_quarter": 20094,
            "year": 2009,
            "quarter": 4,
            "eps": 0.28,
            "eps_growth_year": 7.69,
            "eps_4q": 1.48,
            "eps_4q_growth_year": -1.89,
            "roe": 1.66,
            "roe_4q": 8.649999999999999,
            "gross_profit": 244272,
            "gross_margin": 24.84,
            "gross_margin_4q_avg": 25.41,
            "net_income": 79202,
            "revenue": 983513,
            "common_shares": 2443043,
            "book_valuer_per_share": 17.26,
            "book_valuer_per_share_4q_avg": 17.38,
            "equity": 4825302,
            "current_ratio": 598.21,
            "debt_ratio": 17.78,
            "inventory_turnover_ratio": 1.48,
            "account_receivable_turnover_ratio": 2.33,
            "reinvestment_rate": 26.25,
            "research_to_sale_ratio": null,
            "price_fair": 88.55,
            "eps_avg_yearly": 2.53,
            "eps_latest_yearly": 1.12,
            "eps_growth_yearly": 363.63
        },
        "20101": {
            "year_quarter": 20101,
            "year": 2010,
            "quarter": 1,
            "eps": 0.49,
            "eps_growth_year": 1125,
            "eps_4q": 1.93,
            "eps_4q_growth_year": 55.29,
            "roe": 2.74,
            "roe_4q": 11.190000000000001,
            "gross_profit": 287253,
            "gross_margin": 26.52,
            "gross_margin_4q_avg": 27.24,
            "net_income": 133755,
            "revenue": 1083348,
            "common_shares": 2443043,
            "book_valuer_per_share": 17.7,
            "book_valuer_per_share_4q_avg": 17.3,
            "equity": 4944800,
            "current_ratio": 562.71,
            "debt_ratio": 18.97,
            "inventory_turnover_ratio": 1.5,
            "account_receivable_turnover_ratio": 1.23,
            "reinvestment_rate": 66.17,
            "research_to_sale_ratio": 1.12,
            "price_fair": 88.11,
            "eps_avg_yearly": 2.52,
            "eps_latest_yearly": 1.96,
            "eps_growth_yearly": 386.29
        },
        "20102": {
            "year_quarter": 20102,
            "year": 2010,
            "quarter": 2,
            "eps": 0.8,
            "eps_growth_year": 14.69,
            "eps_4q": 2.05,
            "eps_4q_growth_year": 47.64,
            "roe": 4.42,
            "roe_4q": 11.74,
            "gross_profit": 328307,
            "gross_margin": 25.95,
            "gross_margin_4q_avg": 26.95,
            "net_income": 219087,
            "revenue": 1265054,
            "common_shares": 2443043,
            "book_valuer_per_share": 17.79,
            "book_valuer_per_share_4q_avg": 17.44,
            "equity": 4973388,
            "current_ratio": 393.59,
            "debt_ratio": 23.3,
            "inventory_turnover_ratio": 1.58,
            "account_receivable_turnover_ratio": 1.22,
            "reinvestment_rate": 66.58,
            "research_to_sale_ratio": 1.03,
            "price_fair": 86.89,
            "eps_avg_yearly": 2.48,
            "eps_latest_yearly": 3.2,
            "eps_growth_yearly": 383.58
        },
        "20103": {
            "year_quarter": 20103,
            "year": 2010,
            "quarter": 3,
            "eps": 0.48,
            "eps_growth_year": 0.42,
            "eps_4q": 2.05,
            "eps_4q_growth_year": 65.19,
            "roe": 2.69,
            "roe_4q": 11.51,
            "gross_profit": 305616,
            "gross_margin": 24.54,
            "gross_margin_4q_avg": 25.46,
            "net_income": 135121,
            "revenue": 1245549,
            "common_shares": 2443043,
            "book_valuer_per_share": 18.19,
            "book_valuer_per_share_4q_avg": 17.74,
            "equity": 5085643,
            "current_ratio": 476.67,
            "debt_ratio": 20.53,
            "inventory_turnover_ratio": 1.49,
            "account_receivable_turnover_ratio": 1.1,
            "reinvestment_rate": 67.41,
            "research_to_sale_ratio": 1.05,
            "price_fair": 82.69,
            "eps_avg_yearly": 2.36,
            "eps_latest_yearly": 1.92,
            "eps_growth_yearly": 373.05
        },
        "20104": {
            "year_quarter": 20104,
            "year": 2010,
            "quarter": 4,
            "eps": 0.23,
            "eps_growth_year": -16.94,
            "eps_4q": 2,
            "eps_4q_growth_year": 35.24,
            "roe": 1.38,
            "roe_4q": 11.23,
            "gross_profit": 257927,
            "gross_margin": 22.69,
            "gross_margin_4q_avg": 24.93,
            "net_income": 69535,
            "revenue": 1136611,
            "common_shares": 2443043,
            "book_valuer_per_share": 17.78,
            "book_valuer_per_share_4q_avg": 17.87,
            "equity": 4972604,
            "current_ratio": 513.03,
            "debt_ratio": 20.12,
            "inventory_turnover_ratio": 1.47,
            "account_receivable_turnover_ratio": 1.07,
            "reinvestment_rate": 23.74,
            "research_to_sale_ratio": 1.09,
            "price_fair": 76.56,
            "eps_avg_yearly": 2.19,
            "eps_latest_yearly": 0.92,
            "eps_growth_yearly": 360.81
        },
        "20111": {
            "year_quarter": 20111,
            "year": 2011,
            "quarter": 1,
            "eps": 0.4,
            "eps_growth_year": -18.37,
            "eps_4q": 1.92,
            "eps_4q_growth_year": -0.52,
            "roe": 2.3,
            "roe_4q": 10.79,
            "gross_profit": 268660,
            "gross_margin": 25.34,
            "gross_margin_4q_avg": 24.63,
            "net_income": 115476,
            "revenue": 1060256,
            "common_shares": 2443043,
            "book_valuer_per_share": 18.1,
            "book_valuer_per_share_4q_avg": 17.97,
            "equity": 5064256,
            "current_ratio": 487.92,
            "debt_ratio": 20.02,
            "inventory_turnover_ratio": 1.34,
            "account_receivable_turnover_ratio": 1.07,
            "reinvestment_rate": 71.38,
            "research_to_sale_ratio": 1.24,
            "price_fair": 73.59,
            "eps_avg_yearly": 2.1,
            "eps_latest_yearly": 1.6,
            "eps_growth_yearly": 384.4
        },
        "20112": {
            "year_quarter": 20112,
            "year": 2011,
            "quarter": 2,
            "eps": 0.35,
            "eps_growth_year": -56.56,
            "eps_4q": 1.46,
            "eps_4q_growth_year": -28.72,
            "roe": 2.01,
            "roe_4q": 8.379999999999999,
            "gross_profit": 276415,
            "gross_margin": 23.13,
            "gross_margin_4q_avg": 23.93,
            "net_income": 99413,
            "revenue": 1195070,
            "common_shares": 2443043,
            "book_valuer_per_share": 17.02,
            "book_valuer_per_share_4q_avg": 17.77,
            "equity": 4816684,
            "current_ratio": 402.37,
            "debt_ratio": 24.42,
            "inventory_turnover_ratio": 1.42,
            "account_receivable_turnover_ratio": 1.21,
            "reinvestment_rate": 73.94,
            "research_to_sale_ratio": 1.15,
            "price_fair": 68.51,
            "eps_avg_yearly": 1.96,
            "eps_latest_yearly": 1.4,
            "eps_growth_yearly": 374.85
        },
        "20113": {
            "year_quarter": 20113,
            "year": 2011,
            "quarter": 3,
            "eps": 0.43,
            "eps_growth_year": -9.98,
            "eps_4q": 1.41,
            "eps_4q_growth_year": -31.05,
            "roe": 2.39,
            "roe_4q": 8.08,
            "gross_profit": 317284,
            "gross_margin": 25.37,
            "gross_margin_4q_avg": 24.13,
            "net_income": 119807,
            "revenue": 1250528,
            "common_shares": 2443043,
            "book_valuer_per_share": 18.35,
            "book_valuer_per_share_4q_avg": 17.81,
            "equity": 5206709,
            "current_ratio": 415.34,
            "debt_ratio": 23.57,
            "inventory_turnover_ratio": 1.36,
            "account_receivable_turnover_ratio": 1.21,
            "reinvestment_rate": 86.67,
            "research_to_sale_ratio": 1.06,
            "price_fair": 64.66,
            "eps_avg_yearly": 1.85,
            "eps_latest_yearly": 1.72,
            "eps_growth_yearly": 382.18
        },
        "20114": {
            "year_quarter": 20114,
            "year": 2011,
            "quarter": 4,
            "eps": 0.25,
            "eps_growth_year": 8.5,
            "eps_4q": 1.43,
            "eps_4q_growth_year": -28.49,
            "roe": 1.37,
            "roe_4q": 8.07,
            "gross_profit": 262463,
            "gross_margin": 24.85,
            "gross_margin_4q_avg": 24.67,
            "net_income": 71881,
            "revenue": 1056352,
            "common_shares": 2443043,
            "book_valuer_per_share": 18.66,
            "book_valuer_per_share_4q_avg": 18.03,
            "equity": 5266816,
            "current_ratio": 534.86,
            "debt_ratio": 19.84,
            "inventory_turnover_ratio": 1.18,
            "account_receivable_turnover_ratio": 1.09,
            "reinvestment_rate": 34.96,
            "research_to_sale_ratio": 1.36,
            "price_fair": 59.85,
            "eps_avg_yearly": 1.71,
            "eps_latest_yearly": 1,
            "eps_growth_yearly": 373.73
        },
        "20121": {
            "year_quarter": 20121,
            "year": 2012,
            "quarter": 1,
            "eps": 0.26,
            "eps_growth_year": -35,
            "eps_4q": 1.3,
            "eps_4q_growth_year": -32.32,
            "roe": 1.38,
            "roe_4q": 7.15,
            "gross_profit": 235051,
            "gross_margin": 23.43,
            "gross_margin_4q_avg": 24.2,
            "net_income": 72636,
            "revenue": 1003276,
            "common_shares": 2443043,
            "book_valuer_per_share": 18.63,
            "book_valuer_per_share_4q_avg": 18.17,
            "equity": 5252546,
            "current_ratio": 566.87,
            "debt_ratio": 19.37,
            "inventory_turnover_ratio": 1.22,
            "account_receivable_turnover_ratio": 1.14,
            "reinvestment_rate": 33,
            "research_to_sale_ratio": 1.29,
            "price_fair": 56.88,
            "eps_avg_yearly": 1.63,
            "eps_latest_yearly": 1.04,
            "eps_growth_yearly": 380.98
        },
        "20122": {
            "year_quarter": 20122,
            "year": 2012,
            "quarter": 2,
            "eps": 0.43,
            "eps_growth_year": 23.7,
            "eps_4q": 1.38,
            "eps_4q_growth_year": -5.65,
            "roe": 2.38,
            "roe_4q": 7.52,
            "gross_profit": 314291,
            "gross_margin": 26.97,
            "gross_margin_4q_avg": 25.16,
            "net_income": 124661,
            "revenue": 1165216,
            "common_shares": 2443043,
            "book_valuer_per_share": 18.35,
            "book_valuer_per_share_4q_avg": 18.5,
            "equity": 5204441,
            "current_ratio": 449.18,
            "debt_ratio": 22.72,
            "inventory_turnover_ratio": 1.31,
            "account_receivable_turnover_ratio": 1.2,
            "reinvestment_rate": 34.09,
            "research_to_sale_ratio": 1.07,
            "price_fair": 56.18,
            "eps_avg_yearly": 1.61,
            "eps_latest_yearly": 1.72,
            "eps_growth_yearly": 401.07
        },
        "20123": {
            "year_quarter": 20123,
            "year": 2012,
            "quarter": 3,
            "eps": 0.57,
            "eps_growth_year": 30.27,
            "eps_4q": 1.51,
            "eps_4q_growth_year": 6.85,
            "roe": 3.03,
            "roe_4q": 8.16,
            "gross_profit": 369728,
            "gross_margin": 30.15,
            "gross_margin_4q_avg": 26.35,
            "net_income": 159439,
            "revenue": 1226399,
            "common_shares": 2443043,
            "book_valuer_per_share": 18.84,
            "book_valuer_per_share_4q_avg": 18.62,
            "equity": 5323173,
            "current_ratio": 499.32,
            "debt_ratio": 20.97,
            "inventory_turnover_ratio": 1.28,
            "account_receivable_turnover_ratio": 1.16,
            "reinvestment_rate": 27.6,
            "research_to_sale_ratio": 1,
            "price_fair": 56.44,
            "eps_avg_yearly": 1.61,
            "eps_latest_yearly": 2.28,
            "eps_growth_yearly": 407.74
        },
        "20124": {
            "year_quarter": 20124,
            "year": 2012,
            "quarter": 4,
            "eps": 0.41,
            "eps_growth_year": 64.34,
            "eps_4q": 1.67,
            "eps_4q_growth_year": 16.71,
            "roe": 2.15,
            "roe_4q": 8.94,
            "gross_profit": 263718,
            "gross_margin": 24.6,
            "gross_margin_4q_avg": 26.29,
            "net_income": 115652,
            "revenue": 1072150,
            "common_shares": 2443043,
            "book_valuer_per_share": 19.23,
            "book_valuer_per_share_4q_avg": 18.76,
            "equity": 5434857,
            "current_ratio": 575.88,
            "debt_ratio": 19.74,
            "inventory_turnover_ratio": 1.22,
            "account_receivable_turnover_ratio": 1.06,
            "reinvestment_rate": 21.89,
            "research_to_sale_ratio": 1.24,
            "price_fair": 57.75,
            "eps_avg_yearly": 1.65,
            "eps_latest_yearly": 1.64,
            "eps_growth_yearly": 413.69
        },
        "20131": {
            "year_quarter": 20131,
            "year": 2013,
            "quarter": 1,
            "eps": 0.2,
            "eps_growth_year": -23.08,
            "eps_4q": 1.61,
            "eps_4q_growth_year": 24.52,
            "roe": 1.05,
            "roe_4q": 8.61,
            "gross_profit": 225201,
            "gross_margin": 23.37,
            "gross_margin_4q_avg": 26.27,
            "net_income": 58148,
            "revenue": 963503,
            "common_shares": 2443043,
            "book_valuer_per_share": 19.85,
            "book_valuer_per_share_4q_avg": 19.07,
            "equity": 5611229,
            "current_ratio": 599.74,
            "debt_ratio": 19.38,
            "inventory_turnover_ratio": 1.13,
            "account_receivable_turnover_ratio": 1.06,
            "reinvestment_rate": 25.62,
            "research_to_sale_ratio": 2.61,
            "price_fair": 59.15,
            "eps_avg_yearly": 1.69,
            "eps_latest_yearly": 0.8,
            "eps_growth_yearly": 422.04
        },
        "20132": {
            "year_quarter": 20132,
            "year": 2013,
            "quarter": 2,
            "eps": 0.44,
            "eps_growth_year": 2,
            "eps_4q": 1.63,
            "eps_4q_growth_year": 17.94,
            "roe": 2.25,
            "roe_4q": 8.479999999999999,
            "gross_profit": 304654,
            "gross_margin": 25.9,
            "gross_margin_4q_avg": 26.01,
            "net_income": 125778,
            "revenue": 1176455,
            "common_shares": 2443043,
            "book_valuer_per_share": 19.5,
            "book_valuer_per_share_4q_avg": 19.36,
            "equity": 5549145,
            "current_ratio": 444.9,
            "debt_ratio": 23.34,
            "inventory_turnover_ratio": 1.31,
            "account_receivable_turnover_ratio": 1.25,
            "reinvestment_rate": 30.4,
            "research_to_sale_ratio": 2.67,
            "price_fair": 56.88,
            "eps_avg_yearly": 1.63,
            "eps_latest_yearly": 1.76,
            "eps_growth_yearly": 39.54
        },
        "20133": {
            "year_quarter": 20133,
            "year": 2013,
            "quarter": 3,
            "eps": 0.35,
            "eps_growth_year": -38.08,
            "eps_4q": 1.41,
            "eps_4q_growth_year": -6.56,
            "roe": 1.91,
            "roe_4q": 7.359999999999999,
            "gross_profit": 339955,
            "gross_margin": 26.94,
            "gross_margin_4q_avg": 25.2,
            "net_income": 105854,
            "revenue": 1261744,
            "common_shares": 2443043,
            "book_valuer_per_share": 19.6,
            "book_valuer_per_share_4q_avg": 19.55,
            "equity": 5534012,
            "current_ratio": 535.71,
            "debt_ratio": 20.82,
            "inventory_turnover_ratio": 1.39,
            "account_receivable_turnover_ratio": 1.22,
            "reinvestment_rate": 29.02,
            "research_to_sale_ratio": 2.34,
            "price_fair": 55.74,
            "eps_avg_yearly": 1.59,
            "eps_latest_yearly": 1.4,
            "eps_growth_yearly": 42.28
        },
        "20134": {
            "year_quarter": 20134,
            "year": 2013,
            "quarter": 4,
            "eps": 0.42,
            "eps_growth_year": 0.37,
            "eps_4q": 1.41,
            "eps_4q_growth_year": -15.54,
            "roe": 2.14,
            "roe_4q": 7.35,
            "gross_profit": 353797,
            "gross_margin": 30.03,
            "gross_margin_4q_avg": 26.56,
            "net_income": 120578,
            "revenue": 1178039,
            "common_shares": 2443043,
            "book_valuer_per_share": 20.26,
            "book_valuer_per_share_4q_avg": 19.8,
            "equity": 5720258,
            "current_ratio": 528.21,
            "debt_ratio": 21.19,
            "inventory_turnover_ratio": 1.24,
            "account_receivable_turnover_ratio": 1.13,
            "reinvestment_rate": 13.03,
            "research_to_sale_ratio": 4.44,
            "price_fair": 56.96,
            "eps_avg_yearly": 1.63,
            "eps_latest_yearly": 1.68,
            "eps_growth_yearly": 57.7
        },
        "20141": {
            "year_quarter": 20141,
            "year": 2014,
            "quarter": 1,
            "eps": 0.37,
            "eps_growth_year": 85,
            "eps_4q": 1.58,
            "eps_4q_growth_year": -2.03,
            "roe": 1.84,
            "roe_4q": 8.14,
            "gross_profit": 313110,
            "gross_margin": 27.77,
            "gross_margin_4q_avg": 27.66,
            "net_income": 105666,
            "revenue": 1127611,
            "common_shares": 2443043,
            "book_valuer_per_share": 20.62,
            "book_valuer_per_share_4q_avg": 20,
            "equity": 5768546,
            "current_ratio": 552.59,
            "debt_ratio": 20.21,
            "inventory_turnover_ratio": 1.22,
            "account_receivable_turnover_ratio": 1.08,
            "reinvestment_rate": 12.59,
            "research_to_sale_ratio": 2.67,
            "price_fair": 55.91,
            "eps_avg_yearly": 1.6,
            "eps_latest_yearly": 1.48,
            "eps_growth_yearly": 35.97
        },
        "20142": {
            "year_quarter": 20142,
            "year": 2014,
            "quarter": 2,
            "eps": 0.42,
            "eps_growth_year": -4.55,
            "eps_4q": 1.55,
            "eps_4q_growth_year": -4.46,
            "roe": 2.26,
            "roe_4q": 8.15,
            "gross_profit": 338697,
            "gross_margin": 28.34,
            "gross_margin_4q_avg": 28.27,
            "net_income": 127219,
            "revenue": 1195313,
            "common_shares": 2443043,
            "book_valuer_per_share": 19.48,
            "book_valuer_per_share_4q_avg": 19.99,
            "equity": 5495686,
            "current_ratio": 433.19,
            "debt_ratio": 23.9,
            "inventory_turnover_ratio": 1.28,
            "account_receivable_turnover_ratio": 1.14,
            "reinvestment_rate": 6.96,
            "research_to_sale_ratio": 2.52,
            "price_fair": 50.38,
            "eps_avg_yearly": 1.5,
            "eps_latest_yearly": 1.68,
            "eps_growth_yearly": 23.53
        },
        "20143": {
            "year_quarter": 20143,
            "year": 2014,
            "quarter": 3,
            "eps": 0.53,
            "eps_growth_year": 51.43,
            "eps_4q": 2.25,
            "eps_4q_growth_year": 59.6,
            "roe": 2.58,
            "roe_4q": 8.82,
            "gross_profit": 342415,
            "gross_margin": 27.33,
            "gross_margin_4q_avg": 28.37,
            "net_income": 135412,
            "revenue": 1252992,
            "common_shares": 1800523,
            "book_valuer_per_share": 23.98,
            "book_valuer_per_share_4q_avg": 21.09,
            "equity": 4996823,
            "current_ratio": 305.56,
            "debt_ratio": 29.97,
            "inventory_turnover_ratio": 1.35,
            "account_receivable_turnover_ratio": 1.15,
            "reinvestment_rate": 5.69,
            "research_to_sale_ratio": 2.25,
            "price_fair": 53.03,
            "eps_avg_yearly": 1.52,
            "eps_latest_yearly": 2.12,
            "eps_growth_yearly": 40.08
        },
        "20144": {
            "year_quarter": 20144,
            "year": 2014,
            "quarter": 4,
            "eps": 0.44,
            "eps_growth_year": 6.05,
            "eps_4q": 2.13,
            "eps_4q_growth_year": 50.7,
            "roe": 1.91,
            "roe_4q": 8.59,
            "gross_profit": 313271,
            "gross_margin": 26.87,
            "gross_margin_4q_avg": 27.58,
            "net_income": 97084,
            "revenue": 1165884,
            "common_shares": 1800523,
            "book_valuer_per_share": 25.02,
            "book_valuer_per_share_4q_avg": 22.28,
            "equity": 5182165,
            "current_ratio": 410.87,
            "debt_ratio": 23.86,
            "inventory_turnover_ratio": 1.23,
            "account_receivable_turnover_ratio": 1.09,
            "reinvestment_rate": 8.6,
            "research_to_sale_ratio": 2.53,
            "price_fair": 54.86,
            "eps_avg_yearly": 1.57,
            "eps_latest_yearly": 1.76,
            "eps_growth_yearly": 48.86
        },
        "20151": {
            "year_quarter": 20151,
            "year": 2015,
            "quarter": 1,
            "eps": 0.36,
            "eps_growth_year": -2.7,
            "eps_4q": 1.98,
            "eps_4q_growth_year": 25.29,
            "roe": 1.51,
            "roe_4q": 8.26,
            "gross_profit": 273420,
            "gross_margin": 24.84,
            "gross_margin_4q_avg": 26.85,
            "net_income": 78165,
            "revenue": 1100733,
            "common_shares": 1800523,
            "book_valuer_per_share": 25.03,
            "book_valuer_per_share_4q_avg": 23.38,
            "equity": 5190892,
            "current_ratio": 445.66,
            "debt_ratio": 23.05,
            "inventory_turnover_ratio": 1.19,
            "account_receivable_turnover_ratio": 1.06,
            "reinvestment_rate": 5.47,
            "research_to_sale_ratio": 2.61,
            "price_fair": 54.51,
            "eps_avg_yearly": 1.56,
            "eps_latest_yearly": 1.44,
            "eps_growth_yearly": 25.83
        },
        "20152": {
            "year_quarter": 20152,
            "year": 2015,
            "quarter": 2,
            "eps": 0.45,
            "eps_growth_year": 7.14,
            "eps_4q": 1.87,
            "eps_4q_growth_year": 20.44,
            "roe": 1.95,
            "roe_4q": 7.95,
            "gross_profit": 330074,
            "gross_margin": 27.55,
            "gross_margin_4q_avg": 26.65,
            "net_income": 98361,
            "revenue": 1197906,
            "common_shares": 1800523,
            "book_valuer_per_share": 23.67,
            "book_valuer_per_share_4q_avg": 24.43,
            "equity": 4914457,
            "current_ratio": 367.48,
            "debt_ratio": 26.68,
            "inventory_turnover_ratio": 1.28,
            "account_receivable_turnover_ratio": 1.12,
            "reinvestment_rate": 4.6,
            "research_to_sale_ratio": 2.46,
            "price_fair": 55.39,
            "eps_avg_yearly": 1.58,
            "eps_latest_yearly": 1.8,
            "eps_growth_yearly": 35.21
        },
        "20153": {
            "year_quarter": 20153,
            "year": 2015,
            "quarter": 3,
            "eps": 0.77,
            "eps_growth_year": 45.28,
            "eps_4q": 2.03,
            "eps_4q_growth_year": -10.03,
            "roe": 3.35,
            "roe_4q": 8.719999999999999,
            "gross_profit": 360206,
            "gross_margin": 28.63,
            "gross_margin_4q_avg": 26.97,
            "net_income": 168076,
            "revenue": 1257961,
            "common_shares": 1800523,
            "book_valuer_per_share": 24.92,
            "book_valuer_per_share_4q_avg": 24.66,
            "equity": 5134526,
            "current_ratio": 411.21,
            "debt_ratio": 24.09,
            "inventory_turnover_ratio": 1.35,
            "account_receivable_turnover_ratio": 1.12,
            "reinvestment_rate": -6.46,
            "research_to_sale_ratio": 2.27,
            "price_fair": 58.36,
            "eps_avg_yearly": 1.67,
            "eps_latest_yearly": 3.08,
            "eps_growth_yearly": 47.27
        },
        "20154": {
            "year_quarter": 20154,
            "year": 2015,
            "quarter": 4,
            "eps": 0.6,
            "eps_growth_year": 36.28,
            "eps_4q": 2.19,
            "eps_4q_growth_year": 2.71,
            "roe": 2.54,
            "roe_4q": 9.350000000000001,
            "gross_profit": 355984,
            "gross_margin": 29.93,
            "gross_margin_4q_avg": 27.74,
            "net_income": 130046,
            "revenue": 1189228,
            "common_shares": 1800523,
            "book_valuer_per_share": 24.81,
            "book_valuer_per_share_4q_avg": 24.61,
            "equity": 5114743,
            "current_ratio": 434.37,
            "debt_ratio": 24.09,
            "inventory_turnover_ratio": 1.27,
            "account_receivable_turnover_ratio": 1.06,
            "reinvestment_rate": -15.38,
            "research_to_sale_ratio": 2.43,
            "price_fair": 61.43,
            "eps_avg_yearly": 1.76,
            "eps_latest_yearly": 2.4,
            "eps_growth_yearly": 52.22
        },
        "20161": {
            "year_quarter": 20161,
            "year": 2016,
            "quarter": 1,
            "eps": 0.41,
            "eps_growth_year": 13.89,
            "eps_4q": 2.21,
            "eps_4q_growth_year": 11.64,
            "roe": 1.71,
            "roe_4q": 9.549999999999999,
            "gross_profit": 309036,
            "gross_margin": 28.79,
            "gross_margin_4q_avg": 28.73,
            "net_income": 88191,
            "revenue": 1073501,
            "common_shares": 1822363,
            "book_valuer_per_share": 25.22,
            "book_valuer_per_share_4q_avg": 24.66,
            "equity": 5218331,
            "current_ratio": 480.66,
            "debt_ratio": 22.28,
            "inventory_turnover_ratio": 1.16,
            "account_receivable_turnover_ratio": 1.03,
            "reinvestment_rate": -15.96,
            "research_to_sale_ratio": 2.66,
            "price_fair": 62.74,
            "eps_avg_yearly": 1.79,
            "eps_latest_yearly": 1.64,
            "eps_growth_yearly": 43.3
        },
        "20162": {
            "year_quarter": 20162,
            "year": 2016,
            "quarter": 2,
            "eps": 0.69,
            "eps_growth_year": 53.33,
            "eps_4q": 2.45,
            "eps_4q_growth_year": 31.01,
            "roe": 2.96,
            "roe_4q": 10.56,
            "gross_profit": 369168,
            "gross_margin": 30,
            "gross_margin_4q_avg": 29.34,
            "net_income": 150318,
            "revenue": 1230453,
            "common_shares": 1822363,
            "book_valuer_per_share": 23.91,
            "book_valuer_per_share_4q_avg": 24.72,
            "equity": 4936491,
            "current_ratio": 360.28,
            "debt_ratio": 27.23,
            "inventory_turnover_ratio": 1.31,
            "account_receivable_turnover_ratio": 1.16,
            "reinvestment_rate": -21.25,
            "research_to_sale_ratio": 2.23,
            "price_fair": 65.01,
            "eps_avg_yearly": 1.86,
            "eps_latest_yearly": 2.76,
            "eps_growth_yearly": 44.03
        },
        "20163": {
            "year_quarter": 20163,
            "year": 2016,
            "quarter": 3,
            "eps": 0.63,
            "eps_growth_year": -18.18,
            "eps_4q": 2.32,
            "eps_4q_growth_year": 14.33,
            "roe": 2.88,
            "roe_4q": 10.09,
            "gross_profit": 408878,
            "gross_margin": 30.27,
            "gross_margin_4q_avg": 29.75,
            "net_income": 142191,
            "revenue": 1350873,
            "common_shares": 1823763,
            "book_valuer_per_share": 23.98,
            "book_valuer_per_share_4q_avg": 24.48,
            "equity": 4947965,
            "current_ratio": 337.77,
            "debt_ratio": 28.76,
            "inventory_turnover_ratio": 1.46,
            "account_receivable_turnover_ratio": 1.13,
            "reinvestment_rate": -23.63,
            "research_to_sale_ratio": 1.97,
            "price_fair": 65.54,
            "eps_avg_yearly": 1.87,
            "eps_latest_yearly": 2.52,
            "eps_growth_yearly": 33.71
        },
        "20164": {
            "year_quarter": 20164,
            "year": 2016,
            "quarter": 4,
            "eps": 0.88,
            "eps_growth_year": 46.55,
            "eps_4q": 2.61,
            "eps_4q_growth_year": 19.12,
            "roe": 3.69,
            "roe_4q": 11.240000000000002,
            "gross_profit": 381067,
            "gross_margin": 30.49,
            "gross_margin_4q_avg": 29.89,
            "net_income": 185060,
            "revenue": 1249781,
            "common_shares": 1823763,
            "book_valuer_per_share": 24.64,
            "book_valuer_per_share_4q_avg": 24.44,
            "equity": 5078417,
            "current_ratio": 346.68,
            "debt_ratio": 27.91,
            "inventory_turnover_ratio": 1.33,
            "account_receivable_turnover_ratio": 1.01,
            "reinvestment_rate": -23.53,
            "research_to_sale_ratio": 2.1,
            "price_fair": 69.65,
            "eps_avg_yearly": 1.99,
            "eps_latest_yearly": 3.52,
            "eps_growth_yearly": 50.65
        },
        "20171": {
            "year_quarter": 20171,
            "year": 2017,
            "quarter": 1,
            "eps": 0.16,
            "eps_growth_year": -60.98,
            "eps_4q": 2.36,
            "eps_4q_growth_year": 6.68,
            "roe": 0.9,
            "roe_4q": 10.43,
            "gross_profit": 330207,
            "gross_margin": 28.71,
            "gross_margin_4q_avg": 29.87,
            "net_income": 45077,
            "revenue": 1150206,
            "common_shares": 1823763,
            "book_valuer_per_share": 23.96,
            "book_valuer_per_share_4q_avg": 24.12,
            "equity": 4943312,
            "current_ratio": 375.41,
            "debt_ratio": 26.58,
            "inventory_turnover_ratio": 1.21,
            "account_receivable_turnover_ratio": 0.97,
            "reinvestment_rate": -33.55,
            "research_to_sale_ratio": 2.19,
            "price_fair": 69.3,
            "eps_avg_yearly": 1.98,
            "eps_latest_yearly": 0.64,
            "eps_growth_yearly": 43
        },
        "20172": {
            "year_quarter": 20172,
            "year": 2017,
            "quarter": 2,
            "eps": 0.54,
            "eps_growth_year": -21.74,
            "eps_4q": 2.21,
            "eps_4q_growth_year": -9.94,
            "roe": 2.27,
            "roe_4q": 9.739999999999998,
            "gross_profit": 362201,
            "gross_margin": 28.61,
            "gross_margin_4q_avg": 29.52,
            "net_income": 110457,
            "revenue": 1265913,
            "common_shares": 1823763,
            "book_valuer_per_share": 23.13,
            "book_valuer_per_share_4q_avg": 23.93,
            "equity": 4777317,
            "current_ratio": 295.78,
            "debt_ratio": 31.98,
            "inventory_turnover_ratio": 1.28,
            "account_receivable_turnover_ratio": 1.05,
            "reinvestment_rate": -36.74,
            "research_to_sale_ratio": 2.32,
            "price_fair": 70.18,
            "eps_avg_yearly": 2.01,
            "eps_latest_yearly": 2.16,
            "eps_growth_yearly": 72.38
        },
        "20173": {
            "year_quarter": 20173,
            "year": 2017,
            "quarter": 3,
            "eps": 0.83,
            "eps_growth_year": 31.75,
            "eps_4q": 2.41,
            "eps_4q_growth_year": 3.85,
            "roe": 3.51,
            "roe_4q": 10.37,
            "gross_profit": 419483,
            "gross_margin": 30,
            "gross_margin_4q_avg": 29.45,
            "net_income": 171695,
            "revenue": 1398053,
            "common_shares": 1823763,
            "book_valuer_per_share": 24.23,
            "book_valuer_per_share_4q_avg": 23.99,
            "equity": 5005747,
            "current_ratio": 299.76,
            "debt_ratio": 31.84,
            "inventory_turnover_ratio": 1.32,
            "account_receivable_turnover_ratio": 1.05,
            "reinvestment_rate": -28.96,
            "research_to_sale_ratio": 2.21,
            "price_fair": 74.38,
            "eps_avg_yearly": 2.13,
            "eps_latest_yearly": 3.32,
            "eps_growth_yearly": 90.92
        },
        "20174": {
            "year_quarter": 20174,
            "year": 2017,
            "quarter": 4,
            "eps": 0.57,
            "eps_growth_year": -35.32,
            "eps_4q": 2.1,
            "eps_4q_growth_year": -19.57,
            "roe": 2.36,
            "roe_4q": 9.04,
            "gross_profit": 389610,
            "gross_margin": 29.32,
            "gross_margin_4q_avg": 29.16,
            "net_income": 119445,
            "revenue": 1329017,
            "common_shares": 1823763,
            "book_valuer_per_share": 24.84,
            "book_valuer_per_share_4q_avg": 24.04,
            "equity": 5130563,
            "current_ratio": 322.74,
            "debt_ratio": 30.33,
            "inventory_turnover_ratio": 1.21,
            "account_receivable_turnover_ratio": 0.95,
            "reinvestment_rate": -29.21,
            "research_to_sale_ratio": 3.15,
            "price_fair": 75.69,
            "eps_avg_yearly": 2.16,
            "eps_latest_yearly": 2.28,
            "eps_growth_yearly": 78.09
        },
        "20181": {
            "year_quarter": 20181,
            "year": 2018,
            "quarter": 1,
            "eps": -0.2,
            "eps_growth_year": -225,
            "eps_4q": 1.71,
            "eps_4q_growth_year": -27.73,
            "roe": -0.55,
            "roe_4q": 7.59,
            "gross_profit": 314958,
            "gross_margin": 25.88,
            "gross_margin_4q_avg": 28.45,
            "net_income": -28532,
            "revenue": 1216865,
            "common_shares": 1849683,
            "book_valuer_per_share": 25.26,
            "book_valuer_per_share_4q_avg": 24.37,
            "equity": 5291247,
            "current_ratio": 336.49,
            "debt_ratio": 29.85,
            "inventory_turnover_ratio": 1.13,
            "account_receivable_turnover_ratio": 0.89,
            "reinvestment_rate": -30.64,
            "research_to_sale_ratio": 2.6,
            "price_fair": 77.28,
            "eps_avg_yearly": 2.21,
            "eps_latest_yearly": 2.28,
            "eps_growth_yearly": 86.47
        },
        "20182": {
            "year_quarter": 20182,
            "year": 2018,
            "quarter": 2,
            "eps": 0.73,
            "eps_growth_year": 35.19,
            "eps_4q": 1.91,
            "eps_4q_growth_year": -13.7,
            "roe": 2.91,
            "roe_4q": 8.23,
            "gross_profit": 324120,
            "gross_margin": 25.25,
            "gross_margin_4q_avg": 27.61,
            "net_income": 150444,
            "revenue": 1283893,
            "common_shares": 1849683,
            "book_valuer_per_share": 24.24,
            "book_valuer_per_share_4q_avg": 24.64,
            "equity": 5065208,
            "current_ratio": 297.44,
            "debt_ratio": 32.64,
            "inventory_turnover_ratio": 1.21,
            "account_receivable_turnover_ratio": 0.96,
            "reinvestment_rate": -27.34,
            "research_to_sale_ratio": 2.7,
            "price_fair": 78.6,
            "eps_avg_yearly": 2.25,
            "eps_latest_yearly": 2.28,
            "eps_growth_yearly": 88.78
        },
        "20183": {
            "year_quarter": 20183,
            "year": 2018,
            "quarter": 3,
            "eps": 0.56,
            "eps_growth_year": -32.53,
            "eps_4q": 1.65,
            "eps_4q_growth_year": -31.64,
            "roe": 2.44,
            "roe_4q": 7.16,
            "gross_profit": 346390,
            "gross_margin": 26.94,
            "gross_margin_4q_avg": 26.85,
            "net_income": 123889,
            "revenue": 1285680,
            "common_shares": 1849683,
            "book_valuer_per_share": 24.26,
            "book_valuer_per_share_4q_avg": 24.65,
            "equity": 5071547,
            "current_ratio": 329.05,
            "debt_ratio": 30.36,
            "inventory_turnover_ratio": 1.16,
            "account_receivable_turnover_ratio": 0.97,
            "reinvestment_rate": -25.69,
            "research_to_sale_ratio": 3.1,
            "price_fair": 78.9,
            "eps_avg_yearly": 2.25,
            "eps_latest_yearly": 2.24,
            "eps_growth_yearly": 74.64
        },
        "20184": {
            "year_quarter": 20184,
            "year": 2018,
            "quarter": 4,
            "eps": 0.49,
            "eps_growth_year": -13.63,
            "eps_4q": 1.58,
            "eps_4q_growth_year": -24.81,
            "roe": 2.14,
            "roe_4q": 6.94,
            "gross_profit": 387701,
            "gross_margin": 28.93,
            "gross_margin_4q_avg": 26.75,
            "net_income": 109048,
            "revenue": 1340132,
            "common_shares": 1849683,
            "book_valuer_per_share": 24.63,
            "book_valuer_per_share_4q_avg": 24.6,
            "equity": 5133160,
            "current_ratio": 325.89,
            "debt_ratio": 31.05,
            "inventory_turnover_ratio": 1.12,
            "account_receivable_turnover_ratio": 1,
            "reinvestment_rate": -26.69,
            "research_to_sale_ratio": 3.24,
            "price_fair": 79.4,
            "eps_avg_yearly": 2.27,
            "eps_latest_yearly": 1.96,
            "eps_growth_yearly": 75.92
        },
        "20191": {
            "year_quarter": 20191,
            "year": 2019,
            "quarter": 1,
            "eps": 0.38,
            "eps_growth_year": null,
            "eps_4q": 2.16,
            "eps_4q_growth_year": 26.35,
            "roe": 1.43,
            "roe_4q": 8.92,
            "gross_profit": 306372,
            "gross_margin": 25.05,
            "gross_margin_4q_avg": 26.54,
            "net_income": 74943,
            "revenue": 1223183,
            "common_shares": 1849683,
            "book_valuer_per_share": 25.63,
            "book_valuer_per_share_4q_avg": 24.69,
            "equity": 5333614,
            "current_ratio": 362.84,
            "debt_ratio": 29.2,
            "inventory_turnover_ratio": 1.09,
            "account_receivable_turnover_ratio": 0.93,
            "reinvestment_rate": -22.07,
            "research_to_sale_ratio": 3.3,
            "price_fair": 79.6,
            "eps_avg_yearly": 2.27,
            "eps_latest_yearly": 1.52,
            "eps_growth_yearly": 74.71
        },
        "20192": {
            "year_quarter": 20192,
            "year": 2019,
            "quarter": 2,
            "eps": 0.6,
            "eps_growth_year": -17.81,
            "eps_4q": 2.02,
            "eps_4q_growth_year": 6.1,
            "roe": 2.36,
            "roe_4q": 8.37,
            "gross_profit": 327306,
            "gross_margin": 27.18,
            "gross_margin_4q_avg": 27.03,
            "net_income": 123812,
            "revenue": 1204337,
            "common_shares": 1849683,
            "book_valuer_per_share": 24.68,
            "book_valuer_per_share_4q_avg": 24.8,
            "equity": 5144407,
            "current_ratio": 313.21,
            "debt_ratio": 32.61,
            "inventory_turnover_ratio": 1.07,
            "account_receivable_turnover_ratio": 0.97,
            "reinvestment_rate": -21.44,
            "research_to_sale_ratio": 3.34,
            "price_fair": 81.1,
            "eps_avg_yearly": 2.32,
            "eps_latest_yearly": 2.4,
            "eps_growth_yearly": 84.1
        },
        "20193": {
            "year_quarter": 20193,
            "year": 2019,
            "quarter": 3,
            "eps": 0.47,
            "eps_growth_year": -16.07,
            "eps_4q": 1.94,
            "eps_4q_growth_year": 17.73,
            "roe": 1.95,
            "roe_4q": 7.879999999999999,
            "gross_profit": 323845,
            "gross_margin": 25.32,
            "gross_margin_4q_avg": 26.62,
            "net_income": 100809,
            "revenue": 1279225,
            "common_shares": 1849683,
            "book_valuer_per_share": 24.91,
            "book_valuer_per_share_4q_avg": 24.96,
            "equity": 5176872,
            "current_ratio": 314.99,
            "debt_ratio": 32.66,
            "inventory_turnover_ratio": 1.21,
            "account_receivable_turnover_ratio": 1.03,
            "reinvestment_rate": -27.13,
            "research_to_sale_ratio": 3.21,
            "price_fair": 78.1,
            "eps_avg_yearly": 2.23,
            "eps_latest_yearly": 1.88,
            "eps_growth_yearly": 57.6
        },
        "20194": {
            "year_quarter": 20194,
            "year": 2019,
            "quarter": 4,
            "eps": 0.35,
            "eps_growth_year": -29.34,
            "eps_4q": 1.79,
            "eps_4q_growth_year": 13.77,
            "roe": 1.55,
            "roe_4q": 7.289999999999999,
            "gross_profit": 354298,
            "gross_margin": 27.51,
            "gross_margin_4q_avg": 26.27,
            "net_income": 80445,
            "revenue": 1288033,
            "common_shares": 1849683,
            "book_valuer_per_share": 25.06,
            "book_valuer_per_share_4q_avg": 25.07,
            "equity": 5213740,
            "current_ratio": 315.53,
            "debt_ratio": 33.02,
            "inventory_turnover_ratio": 1.24,
            "account_receivable_turnover_ratio": 1.07,
            "reinvestment_rate": -25.59,
            "research_to_sale_ratio": 3.59,
            "price_fair": 75.6,
            "eps_avg_yearly": 2.16,
            "eps_latest_yearly": 1.4,
            "eps_growth_yearly": 56.61
        },
        "20201": {
            "year_quarter": 20201,
            "year": 2020,
            "quarter": 1,
            "eps": -0.2,
            "eps_growth_year": -152.63,
            "eps_4q": 1.21,
            "eps_4q_growth_year": -43.81,
            "roe": -0.56,
            "roe_4q": 5.3,
            "gross_profit": 262626,
            "gross_margin": 25.35,
            "gross_margin_4q_avg": 26.34,
            "net_income": -28708,
            "revenue": 1035851,
            "common_shares": 1849683,
            "book_valuer_per_share": 24.09,
            "book_valuer_per_share_4q_avg": 24.69,
            "equity": 5009171,
            "current_ratio": 313.51,
            "debt_ratio": 33.76,
            "inventory_turnover_ratio": 1.02,
            "account_receivable_turnover_ratio": 0.93,
            "reinvestment_rate": -28.72,
            "research_to_sale_ratio": 3.67,
            "price_fair": 77,
            "eps_avg_yearly": 2.2,
            "eps_latest_yearly": 1.4,
            "eps_growth_yearly": 70.71
        },
        "20202": {
            "year_quarter": 20202,
            "year": 2020,
            "quarter": 2,
            "eps": 0.57,
            "eps_growth_year": -5,
            "eps_4q": 1.19,
            "eps_4q_growth_year": -41.27,
            "roe": 2.46,
            "roe_4q": 5.4,
            "gross_profit": 292384,
            "gross_margin": 24.85,
            "gross_margin_4q_avg": 25.76,
            "net_income": 121872,
            "revenue": 1176488,
            "common_shares": 1849683,
            "book_valuer_per_share": 23.45,
            "book_valuer_per_share_4q_avg": 24.38,
            "equity": 4887070,
            "current_ratio": 276.25,
            "debt_ratio": 36.96,
            "inventory_turnover_ratio": 1.2,
            "account_receivable_turnover_ratio": 1.12,
            "reinvestment_rate": -24.86,
            "research_to_sale_ratio": 3.14,
            "price_fair": 75.37,
            "eps_avg_yearly": 2.15,
            "eps_latest_yearly": 1.4,
            "eps_growth_yearly": 53.84
        },
        "20203": {
            "year_quarter": 20203,
            "year": 2020,
            "quarter": 3,
            "eps": 0.52,
            "eps_growth_year": 10.64,
            "eps_4q": 1.23,
            "eps_4q_growth_year": -36.24,
            "roe": 2.38,
            "roe_4q": 5.829999999999999,
            "gross_profit": 379263,
            "gross_margin": 30.79,
            "gross_margin_4q_avg": 27.13,
            "net_income": 118933,
            "revenue": 1231591,
            "common_shares": 1849683,
            "book_valuer_per_share": 24.41,
            "book_valuer_per_share_4q_avg": 24.25,
            "equity": 5090091,
            "current_ratio": 285.88,
            "debt_ratio": 36.28,
            "inventory_turnover_ratio": 1.2,
            "account_receivable_turnover_ratio": 1.17,
            "reinvestment_rate": -20.85,
            "research_to_sale_ratio": 3.53,
            "price_fair": 74.08,
            "eps_avg_yearly": 2.12,
            "eps_latest_yearly": 2.08,
            "eps_growth_yearly": 53.81
        },
        "20204": {
            "year_quarter": 20204,
            "year": 2020,
            "quarter": 4,
            "eps": 0.67,
            "eps_growth_year": 91.74,
            "eps_4q": 1.55,
            "eps_4q_growth_year": -13.29,
            "roe": 2.78,
            "roe_4q": 7.0600000000000005,
            "gross_profit": 410905,
            "gross_margin": 30.76,
            "gross_margin_4q_avg": 27.94,
            "net_income": 144870,
            "revenue": 1335684,
            "common_shares": 1849683,
            "book_valuer_per_share": 25.5,
            "book_valuer_per_share_4q_avg": 24.36,
            "equity": 5328057,
            "current_ratio": 297.56,
            "debt_ratio": 35.64,
            "inventory_turnover_ratio": 1.27,
            "account_receivable_turnover_ratio": 1.18,
            "reinvestment_rate": -19.71,
            "research_to_sale_ratio": 3.6,
            "price_fair": 71.63,
            "eps_avg_yearly": 2.05,
            "eps_latest_yearly": 2.68,
            "eps_growth_yearly": 50.2
        },
        "20211": {
            "year_quarter": 20211,
            "year": 2021,
            "quarter": 1,
            "eps": 0.6,
            "eps_growth_year": null,
            "eps_4q": 2.35,
            "eps_4q_growth_year": 94.42,
            "roe": 2.54,
            "roe_4q": 10.16,
            "gross_profit": 391223,
            "gross_margin": 28.46,
            "gross_margin_4q_avg": 28.72,
            "net_income": 136592,
            "revenue": 1374749,
            "common_shares": 1849683,
            "book_valuer_per_share": 26,
            "book_valuer_per_share_4q_avg": 24.84,
            "equity": 5438330,
            "current_ratio": 295.5,
            "debt_ratio": 36.07,
            "inventory_turnover_ratio": 1.21,
            "account_receivable_turnover_ratio": 1.12,
            "reinvestment_rate": -14.39,
            "research_to_sale_ratio": 3.1,
            "price_fair": 76.77,
            "eps_avg_yearly": 2.19,
            "eps_latest_yearly": 2.4,
            "eps_growth_yearly": 73.99
        },
        "20212": {
            "year_quarter": 20212,
            "year": 2021,
            "quarter": 2,
            "eps": 1.06,
            "eps_growth_year": 85.96,
            "eps_4q": 2.85,
            "eps_4q_growth_year": 139.64,
            "roe": 4.14,
            "roe_4q": 11.84,
            "gross_profit": 485448,
            "gross_margin": 30.12,
            "gross_margin_4q_avg": 30.03,
            "net_income": 226350,
            "revenue": 1611618,
            "common_shares": 1849683,
            "book_valuer_per_share": 26.68,
            "book_valuer_per_share_4q_avg": 25.65,
            "equity": 5485257,
            "current_ratio": 296.29,
            "debt_ratio": 35.24,
            "inventory_turnover_ratio": 1.21,
            "account_receivable_turnover_ratio": 1.25,
            "reinvestment_rate": -13.31,
            "research_to_sale_ratio": 2.74,
            "price_fair": 71.89,
            "eps_avg_yearly": 2.37,
            "eps_latest_yearly": 4.24,
            "eps_growth_yearly": 20.38
        },
        "20213": {
            "year_quarter": 20213,
            "year": 2021,
            "quarter": 3,
            "eps": 1.13,
            "eps_growth_year": 117.31,
            "eps_4q": 3.41,
            "eps_4q_growth_year": 175.9,
            "roe": 4.37,
            "roe_4q": 13.83,
            "gross_profit": 541321,
            "gross_margin": 30.34,
            "gross_margin_4q_avg": 29.92,
            "net_income": 240978,
            "revenue": 1783943,
            "common_shares": 1849683,
            "book_valuer_per_share": 26.42,
            "book_valuer_per_share_4q_avg": 26.15,
            "equity": 5543766,
            "current_ratio": 280.32,
            "debt_ratio": 36.97,
            "inventory_turnover_ratio": 1.23,
            "account_receivable_turnover_ratio": 1.23,
            "reinvestment_rate": -13.3,
            "research_to_sale_ratio": 2.57,
            "price_fair": 36.2,
            "eps_avg_yearly": 2.47,
            "eps_latest_yearly": 4.52,
            "eps_growth_yearly": 4.68
        },
        "20214": {
            "year_quarter": 20214,
            "year": 2021,
            "quarter": 4,
            "eps": 0.7,
            "eps_growth_year": 5.24,
            "eps_4q": 3.45,
            "eps_4q_growth_year": 122.12,
            "roe": 2.62,
            "roe_4q": 13.669999999999998,
            "gross_profit": 477786,
            "gross_margin": 28.95,
            "gross_margin_4q_avg": 29.47,
            "net_income": 148945,
            "revenue": 1650150,
            "common_shares": 1878323,
            "book_valuer_per_share": 27.78,
            "book_valuer_per_share_4q_avg": 26.72,
            "equity": 5819178,
            "current_ratio": 280.92,
            "debt_ratio": 36.56,
            "inventory_turnover_ratio": 1.1,
            "account_receivable_turnover_ratio": 1.07,
            "reinvestment_rate": -9.47,
            "research_to_sale_ratio": 3.24,
            "price_fair": 31.21,
            "eps_avg_yearly": 2.51,
            "eps_latest_yearly": 2.8,
            "eps_growth_yearly": 2.43
        },
        "20221": {
            "year_quarter": 20221,
            "year": 2022,
            "quarter": 1,
            "eps": 1.04,
            "eps_growth_year": 73.33,
            "eps_4q": 3.86,
            "eps_4q_growth_year": 64.08,
            "roe": 3.6,
            "roe_4q": 14.73,
            "gross_profit": 464057,
            "gross_margin": 29.54,
            "gross_margin_4q_avg": 29.74,
            "net_income": 216163,
            "revenue": 1571054,
            "common_shares": 1878323,
            "book_valuer_per_share": 29.23,
            "book_valuer_per_share_4q_avg": 27.53,
            "equity": 6189686,
            "current_ratio": 306.27,
            "debt_ratio": 34.49,
            "inventory_turnover_ratio": 0.98,
            "account_receivable_turnover_ratio": 1.05,
            "reinvestment_rate": -6.51,
            "research_to_sale_ratio": 2.94,
            "price_fair": 71.7,
            "eps_avg_yearly": 2.64,
            "eps_latest_yearly": 4.16,
            "eps_growth_yearly": 17.19
        },
        "20222": {
            "year_quarter": 20222,
            "year": 2022,
            "quarter": 2,
            "eps": 1.08,
            "eps_growth_year": 1.89,
            "eps_4q": 3.91,
            "eps_4q_growth_year": 37.36,
            "roe": 3.97,
            "roe_4q": 14.560000000000002,
            "gross_profit": 455730,
            "gross_margin": 28.6,
            "gross_margin_4q_avg": 29.36,
            "net_income": 239130,
            "revenue": 1593713,
            "common_shares": 1897683,
            "book_valuer_per_share": 27.67,
            "book_valuer_per_share_4q_avg": 27.78,
            "equity": 5856117,
            "current_ratio": 260.36,
            "debt_ratio": 38.46,
            "inventory_turnover_ratio": 0.95,
            "account_receivable_turnover_ratio": 1.06,
            "reinvestment_rate": -6.41,
            "research_to_sale_ratio": 2.95,
            "price_fair": 74.62,
            "eps_avg_yearly": 2.76,
            "eps_latest_yearly": 4.32,
            "eps_growth_yearly": 17.06
        },
        "20223": {
            "year_quarter": 20223,
            "year": 2022,
            "quarter": 3,
            "eps": 1.65,
            "eps_growth_year": 46.02,
            "eps_4q": 4.45,
            "eps_4q_growth_year": 30.62,
            "roe": 5.78,
            "roe_4q": 15.969999999999999,
            "gross_profit": 559359,
            "gross_margin": 29.48,
            "gross_margin_4q_avg": 29.14,
            "net_income": 351569,
            "revenue": 1897287,
            "common_shares": 1897843,
            "book_valuer_per_share": 29.84,
            "book_valuer_per_share_4q_avg": 28.63,
            "equity": 6313009,
            "current_ratio": 305.19,
            "debt_ratio": 33.98,
            "inventory_turnover_ratio": 1.11,
            "account_receivable_turnover_ratio": 1.18,
            "reinvestment_rate": -5.46,
            "research_to_sale_ratio": 2.9,
            "price_fair": 107.4,
            "eps_avg_yearly": 3.07,
            "eps_latest_yearly": 6.6,
            "eps_growth_yearly": 38.8
        },
        "20224": {
            "year_quarter": 20224,
            "year": 2022,
            "quarter": 4,
            "eps": 0.81,
            "eps_growth_year": 15.76,
            "eps_4q": 4.55,
            "eps_4q_growth_year": 31.83,
            "roe": 2.77,
            "roe_4q": 16.12,
            "gross_profit": 480322,
            "gross_margin": 27.94,
            "gross_margin_4q_avg": 28.89,
            "net_income": 177053,
            "revenue": 1718976,
            "common_shares": 1897843,
            "book_valuer_per_share": 30.53,
            "book_valuer_per_share_4q_avg": 29.32,
            "equity": 6485744,
            "current_ratio": 313.72,
            "debt_ratio": 32.92,
            "inventory_turnover_ratio": 1.13,
            "account_receivable_turnover_ratio": 1.04,
            "reinvestment_rate": -3.98,
            "research_to_sale_ratio": 2.66,
            "price_fair": 110.6,
            "eps_avg_yearly": 3.16,
            "eps_latest_yearly": 3.24,
            "eps_growth_yearly": 27.82
        },
        "20231": {
            "year_quarter": 20231,
            "year": 2023,
            "quarter": 1,
            "eps": 0.23,
            "eps_growth_year": -77.88,
            "eps_4q": 3.76,
            "eps_4q_growth_year": -2.74,
            "roe": 0.83,
            "roe_4q": 13.350000000000001,
            "gross_profit": 373439,
            "gross_margin": 27.12,
            "gross_margin_4q_avg": 28.29,
            "net_income": 54257,
            "revenue": 1376926,
            "common_shares": 1906543,
            "book_valuer_per_share": 31.04,
            "book_valuer_per_share_4q_avg": 29.77,
            "equity": 6570238,
            "current_ratio": 356.59,
            "debt_ratio": 29.84,
            "inventory_turnover_ratio": 1.02,
            "account_receivable_turnover_ratio": 0.9,
            "reinvestment_rate": -4.39,
            "research_to_sale_ratio": 3.2,
            "price_fair": 74.12,
            "eps_avg_yearly": 3.12,
            "eps_latest_yearly": 0.92,
            "eps_growth_yearly": 13.78
        },
        "20232": {
            "year_quarter": 20232,
            "year": 2023,
            "quarter": 2,
            "eps": 1.26,
            "eps_growth_year": 16.67,
            "eps_4q": 3.94,
            "eps_4q_growth_year": 0.85,
            "roe": 4.13,
            "roe_4q": 13.510000000000002,
            "gross_profit": 389895,
            "gross_margin": 27.04,
            "gross_margin_4q_avg": 27.9,
            "net_income": 263945,
            "revenue": 1441874,
            "common_shares": 1906543,
            "book_valuer_per_share": 29.25,
            "book_valuer_per_share_4q_avg": 30.17,
            "equity": 6201421,
            "current_ratio": 299.11,
            "debt_ratio": 34.11,
            "inventory_turnover_ratio": 1.16,
            "account_receivable_turnover_ratio": 1,
            "reinvestment_rate": -4.34,
            "research_to_sale_ratio": 2.82,
            "price_fair": 115.7,
            "eps_avg_yearly": 3.31,
            "eps_latest_yearly": 5.04,
            "eps_growth_yearly": 125.19
        }
    },
    "months": {
        "2001-09": {
            "month": "2001-09",
            "price": "23.96",
            "revenue": 59398
        },
        "2001-10": {
            "month": "2001-10",
            "price": "22.92",
            "revenue": 65628
        },
        "2001-11": {
            "month": "2001-11",
            "price": "26.96",
            "revenue": 77304
        },
        "2001-12": {
            "month": "2001-12",
            "price": "37.52",
            "revenue": 58214
        },
        "2002-01": {
            "month": "2002-01",
            "price": "40.02",
            "revenue": 63150
        },
        "2002-02": {
            "month": "2002-02",
            "price": "37.42",
            "revenue": 54354
        },
        "2002-03": {
            "month": "2002-03",
            "price": "41.78",
            "revenue": 90476
        },
        "2002-04": {
            "month": "2002-04",
            "price": "49.36",
            "revenue": 97760
        },
        "2002-05": {
            "month": "2002-05",
            "price": "44.42",
            "revenue": 74788
        },
        "2002-06": {
            "month": "2002-06",
            "price": "35.58",
            "revenue": 78252
        },
        "2002-07": {
            "month": "2002-07",
            "price": "31.79",
            "revenue": 90308
        },
        "2002-08": {
            "month": "2002-08",
            "price": "27.54",
            "revenue": 97804
        },
        "2002-09": {
            "month": "2002-09",
            "price": "27.46",
            "revenue": 95146
        },
        "2002-10": {
            "month": "2002-10",
            "price": "21.92",
            "revenue": 87775
        },
        "2002-11": {
            "month": "2002-11",
            "price": "20.79",
            "revenue": 120789
        },
        "2002-12": {
            "month": "2002-12",
            "price": "20.33",
            "revenue": 127057
        },
        "2003-01": {
            "month": "2003-01",
            "price": "21.28",
            "revenue": 80950
        },
        "2003-02": {
            "month": "2003-02",
            "price": "21.74",
            "revenue": 73619
        },
        "2003-03": {
            "month": "2003-03",
            "price": "18.91",
            "revenue": 100778
        },
        "2003-04": {
            "month": "2003-04",
            "price": "18.53",
            "revenue": 104412
        },
        "2003-05": {
            "month": "2003-05",
            "price": "17.06",
            "revenue": 80481
        },
        "2003-06": {
            "month": "2003-06",
            "price": "20.32",
            "revenue": 83135
        },
        "2003-07": {
            "month": "2003-07",
            "price": "25.03",
            "revenue": 81884
        },
        "2003-08": {
            "month": "2003-08",
            "price": "21.09",
            "revenue": 82396
        },
        "2003-09": {
            "month": "2003-09",
            "price": "19.03",
            "revenue": 96956
        },
        "2003-10": {
            "month": "2003-10",
            "price": "19.78",
            "revenue": 97263
        },
        "2003-11": {
            "month": "2003-11",
            "price": "22.22",
            "revenue": 93203
        },
        "2003-12": {
            "month": "2003-12",
            "price": "23.86",
            "revenue": 82898
        },
        "2004-01": {
            "month": "2004-01",
            "price": "23.47",
            "revenue": 88737
        },
        "2004-02": {
            "month": "2004-02",
            "price": "28.79",
            "revenue": 99212
        },
        "2004-03": {
            "month": "2004-03",
            "price": "27.15",
            "revenue": 91717
        },
        "2004-04": {
            "month": "2004-04",
            "price": "28.07",
            "revenue": 92370
        },
        "2004-05": {
            "month": "2004-05",
            "price": "24.06",
            "revenue": 83239
        },
        "2004-06": {
            "month": "2004-06",
            "price": "24.03",
            "revenue": 96621
        },
        "2004-07": {
            "month": "2004-07",
            "price": "21.68",
            "revenue": 94584
        },
        "2004-08": {
            "month": "2004-08",
            "price": "20.41",
            "revenue": 88484
        },
        "2004-09": {
            "month": "2004-09",
            "price": "22.50",
            "revenue": 95691
        },
        "2004-10": {
            "month": "2004-10",
            "price": "22.44",
            "revenue": 116639
        },
        "2004-11": {
            "month": "2004-11",
            "price": "20.93",
            "revenue": 104709
        },
        "2004-12": {
            "month": "2004-12",
            "price": "20.05",
            "revenue": 123264
        },
        "2005-01": {
            "month": "2005-01",
            "price": "20.19",
            "revenue": 89483
        },
        "2005-02": {
            "month": "2005-02",
            "price": "25.78",
            "revenue": 88079
        },
        "2005-03": {
            "month": "2005-03",
            "price": "25.36",
            "revenue": 115409
        },
        "2005-04": {
            "month": "2005-04",
            "price": "22.68",
            "revenue": 112265
        },
        "2005-05": {
            "month": "2005-05",
            "price": "21.06",
            "revenue": 111757
        },
        "2005-06": {
            "month": "2005-06",
            "price": "24.03",
            "revenue": 103664
        },
        "2005-07": {
            "month": "2005-07",
            "price": "24.85",
            "revenue": 77936
        },
        "2005-08": {
            "month": "2005-08",
            "price": "21.70",
            "revenue": 122789
        },
        "2005-09": {
            "month": "2005-09",
            "price": "22.43",
            "revenue": 139559
        },
        "2005-10": {
            "month": "2005-10",
            "price": "22.97",
            "revenue": 123473
        },
        "2005-11": {
            "month": "2005-11",
            "price": "23.50",
            "revenue": 110735
        },
        "2005-12": {
            "month": "2005-12",
            "price": "25.38",
            "revenue": 121792
        },
        "2006-01": {
            "month": "2006-01",
            "price": "26.30",
            "revenue": 91969
        },
        "2006-02": {
            "month": "2006-02",
            "price": "24.16",
            "revenue": 85376
        },
        "2006-03": {
            "month": "2006-03",
            "price": "23.65",
            "revenue": 145156
        },
        "2006-04": {
            "month": "2006-04",
            "price": "28.27",
            "revenue": 129022
        },
        "2006-05": {
            "month": "2006-05",
            "price": "27.71",
            "revenue": 133665
        },
        "2006-06": {
            "month": "2006-06",
            "price": "25.61",
            "revenue": 169213
        },
        "2006-07": {
            "month": "2006-07",
            "price": "29.32",
            "revenue": 147229
        },
        "2006-08": {
            "month": "2006-08",
            "price": "31.71",
            "revenue": 178757
        },
        "2006-09": {
            "month": "2006-09",
            "price": "39.17",
            "revenue": 148208
        },
        "2006-10": {
            "month": "2006-10",
            "price": "44.77",
            "revenue": 145751
        },
        "2006-11": {
            "month": "2006-11",
            "price": "39.11",
            "revenue": 162448
        },
        "2006-12": {
            "month": "2006-12",
            "price": "42.71",
            "revenue": 140898
        },
        "2007-01": {
            "month": "2007-01",
            "price": "51.08",
            "revenue": 143345
        },
        "2007-02": {
            "month": "2007-02",
            "price": "57.39",
            "revenue": 135546
        },
        "2007-03": {
            "month": "2007-03",
            "price": "60.58",
            "revenue": 155692
        },
        "2007-04": {
            "month": "2007-04",
            "price": "59.70",
            "revenue": 139140
        },
        "2007-05": {
            "month": "2007-05",
            "price": "57.85",
            "revenue": 159909
        },
        "2007-06": {
            "month": "2007-06",
            "price": "74.94",
            "revenue": 159751
        },
        "2007-07": {
            "month": "2007-07",
            "price": "71.96",
            "revenue": 152974
        },
        "2007-08": {
            "month": "2007-08",
            "price": "58.92",
            "revenue": 196230
        },
        "2007-09": {
            "month": "2007-09",
            "price": "57.69",
            "revenue": 168456
        },
        "2007-10": {
            "month": "2007-10",
            "price": "57.19",
            "revenue": 150488
        },
        "2007-11": {
            "month": "2007-11",
            "price": "46.41",
            "revenue": 182910
        },
        "2007-12": {
            "month": "2007-12",
            "price": "38.56",
            "revenue": 120629
        },
        "2008-01": {
            "month": "2008-01",
            "price": "31.19",
            "revenue": 138052
        },
        "2008-02": {
            "month": "2008-02",
            "price": "30.41",
            "revenue": 118221
        },
        "2008-03": {
            "month": "2008-03",
            "price": "31.29",
            "revenue": 144629
        },
        "2008-04": {
            "month": "2008-04",
            "price": "37.48",
            "revenue": 124473
        },
        "2008-05": {
            "month": "2008-05",
            "price": "37.00",
            "revenue": 134192
        },
        "2008-06": {
            "month": "2008-06",
            "price": "31.52",
            "revenue": 149785
        },
        "2008-07": {
            "month": "2008-07",
            "price": "29.07",
            "revenue": 166416
        },
        "2008-08": {
            "month": "2008-08",
            "price": "27.36",
            "revenue": 149569
        },
        "2008-09": {
            "month": "2008-09",
            "price": "20.31",
            "revenue": 160014
        },
        "2008-10": {
            "month": "2008-10",
            "price": "17.25",
            "revenue": 145613
        },
        "2008-11": {
            "month": "2008-11",
            "price": "15.28",
            "revenue": 88642
        },
        "2008-12": {
            "month": "2008-12",
            "price": "13.51",
            "revenue": 71569
        },
        "2009-01": {
            "month": "2009-01",
            "price": "13.16",
            "revenue": 55932
        },
        "2009-02": {
            "month": "2009-02",
            "price": "13.40",
            "revenue": 66344
        },
        "2009-03": {
            "month": "2009-03",
            "price": "15.12",
            "revenue": 84197
        },
        "2009-04": {
            "month": "2009-04",
            "price": "17.58",
            "revenue": 103124
        },
        "2009-05": {
            "month": "2009-05",
            "price": "18.08",
            "revenue": 101429
        },
        "2009-06": {
            "month": "2009-06",
            "price": "18.19",
            "revenue": 118457
        },
        "2009-07": {
            "month": "2009-07",
            "price": "19.22",
            "revenue": 132657
        },
        "2009-08": {
            "month": "2009-08",
            "price": "21.44",
            "revenue": 119249
        },
        "2009-09": {
            "month": "2009-09",
            "price": "22.60",
            "revenue": 127345
        },
        "2009-10": {
            "month": "2009-10",
            "price": "23.67",
            "revenue": 107693
        },
        "2009-11": {
            "month": "2009-11",
            "price": "23.18",
            "revenue": 106610
        },
        "2009-12": {
            "month": "2009-12",
            "price": "25.60",
            "revenue": 109460
        },
        "2010-01": {
            "month": "2010-01",
            "price": "26.00",
            "revenue": 138228
        },
        "2010-02": {
            "month": "2010-02",
            "price": "23.19",
            "revenue": 115233
        },
        "2010-03": {
            "month": "2010-03",
            "price": "24.90",
            "revenue": 155045
        },
        "2010-04": {
            "month": "2010-04",
            "price": "27.95",
            "revenue": 156312
        },
        "2010-05": {
            "month": "2010-05",
            "price": "27.00",
            "revenue": 139510
        },
        "2010-06": {
            "month": "2010-06",
            "price": "25.33",
            "revenue": 136851
        },
        "2010-07": {
            "month": "2010-07",
            "price": "24.78",
            "revenue": 138279
        },
        "2010-08": {
            "month": "2010-08",
            "price": "25.46",
            "revenue": 132213
        },
        "2010-09": {
            "month": "2010-09",
            "price": "25.37",
            "revenue": 128103
        },
        "2010-10": {
            "month": "2010-10",
            "price": "25.05",
            "revenue": 109811
        },
        "2010-11": {
            "month": "2010-11",
            "price": "23.65",
            "revenue": 105540
        },
        "2010-12": {
            "month": "2010-12",
            "price": "24.47",
            "revenue": 113191
        },
        "2011-01": {
            "month": "2011-01",
            "price": "24.06",
            "revenue": 100524
        },
        "2011-02": {
            "month": "2011-02",
            "price": "23.53",
            "revenue": 75307
        },
        "2011-03": {
            "month": "2011-03",
            "price": "22.44",
            "revenue": 114786
        },
        "2011-04": {
            "month": "2011-04",
            "price": "21.96",
            "revenue": 114274
        },
        "2011-05": {
            "month": "2011-05",
            "price": "21.81",
            "revenue": 134833
        },
        "2011-06": {
            "month": "2011-06",
            "price": "22.86",
            "revenue": 133877
        },
        "2011-07": {
            "month": "2011-07",
            "price": "20.84",
            "revenue": 127675
        },
        "2011-08": {
            "month": "2011-08",
            "price": "17.57",
            "revenue": 136896
        },
        "2011-09": {
            "month": "2011-09",
            "price": "17.99",
            "revenue": 139139
        },
        "2011-10": {
            "month": "2011-10",
            "price": "17.26",
            "revenue": 112296
        },
        "2011-11": {
            "month": "2011-11",
            "price": "16.22",
            "revenue": 89597
        },
        "2011-12": {
            "month": "2011-12",
            "price": "15.00",
            "revenue": 95386
        },
        "2012-01": {
            "month": "2012-01",
            "price": "15.37",
            "revenue": 82860
        },
        "2012-02": {
            "month": "2012-02",
            "price": "17.78",
            "revenue": 107656
        },
        "2012-03": {
            "month": "2012-03",
            "price": "18.11",
            "revenue": 108655
        },
        "2012-04": {
            "month": "2012-04",
            "price": "15.74",
            "revenue": 97027
        },
        "2012-05": {
            "month": "2012-05",
            "price": "15.29",
            "revenue": 98043
        },
        "2012-06": {
            "month": "2012-06",
            "price": "14.82",
            "revenue": 101195
        },
        "2012-07": {
            "month": "2012-07",
            "price": "15.28",
            "revenue": 100838
        },
        "2012-08": {
            "month": "2012-08",
            "price": "16.40",
            "revenue": 100255
        },
        "2012-09": {
            "month": "2012-09",
            "price": "17.77",
            "revenue": 93389
        },
        "2012-10": {
            "month": "2012-10",
            "price": "17.06",
            "revenue": 91462
        },
        "2012-11": {
            "month": "2012-11",
            "price": "16.55",
            "revenue": 86913
        },
        "2012-12": {
            "month": "2012-12",
            "price": "17.13",
            "revenue": 67828
        },
        "2013-01": {
            "month": "2013-01",
            "price": "17.84",
            "revenue": 356598
        },
        "2013-02": {
            "month": "2013-02",
            "price": "17.93",
            "revenue": 261578
        },
        "2013-03": {
            "month": "2013-03",
            "price": "17.63",
            "revenue": 345324
        },
        "2013-04": {
            "month": "2013-04",
            "price": "16.97",
            "revenue": 384320
        },
        "2013-05": {
            "month": "2013-05",
            "price": "16.93",
            "revenue": 402822
        },
        "2013-06": {
            "month": "2013-06",
            "price": "16.48",
            "revenue": 389316
        },
        "2013-07": {
            "month": "2013-07",
            "price": "16.71",
            "revenue": 439605
        },
        "2013-08": {
            "month": "2013-08",
            "price": "17.00",
            "revenue": 416402
        },
        "2013-09": {
            "month": "2013-09",
            "price": "18.16",
            "revenue": 405737
        },
        "2013-10": {
            "month": "2013-10",
            "price": "18.34",
            "revenue": 399683
        },
        "2013-11": {
            "month": "2013-11",
            "price": "19.67",
            "revenue": 382347
        },
        "2013-12": {
            "month": "2013-12",
            "price": "20.14",
            "revenue": 403549
        },
        "2014-01": {
            "month": "2014-01",
            "price": "21.73",
            "revenue": 392008
        },
        "2014-02": {
            "month": "2014-02",
            "price": "23.61",
            "revenue": 335265
        },
        "2014-03": {
            "month": "2014-03",
            "price": "23.67",
            "revenue": 400338
        },
        "2014-04": {
            "month": "2014-04",
            "price": "23.90",
            "revenue": 395597
        },
        "2014-05": {
            "month": "2014-05",
            "price": "23.76",
            "revenue": 398509
        },
        "2014-06": {
            "month": "2014-06",
            "price": "26.06",
            "revenue": 401207
        },
        "2014-07": {
            "month": "2014-07",
            "price": "25.57",
            "revenue": 436811
        },
        "2014-08": {
            "month": "2014-08",
            "price": "25.39",
            "revenue": 411624
        },
        "2014-09": {
            "month": "2014-09",
            "price": "25.02",
            "revenue": 404557
        },
        "2014-10": {
            "month": "2014-10",
            "price": "26.55",
            "revenue": 401675
        },
        "2014-11": {
            "month": "2014-11",
            "price": "27.40",
            "revenue": 368304
        },
        "2014-12": {
            "month": "2014-12",
            "price": "27.65",
            "revenue": 395905
        },
        "2015-01": {
            "month": "2015-01",
            "price": "26.25",
            "revenue": 394489
        },
        "2015-02": {
            "month": "2015-02",
            "price": "26.56",
            "revenue": 300156
        },
        "2015-03": {
            "month": "2015-03",
            "price": "27.83",
            "revenue": 406088
        },
        "2015-04": {
            "month": "2015-04",
            "price": "27.68",
            "revenue": 407748
        },
        "2015-05": {
            "month": "2015-05",
            "price": "26.09",
            "revenue": 382251
        },
        "2015-06": {
            "month": "2015-06",
            "price": "22.41",
            "revenue": 407907
        },
        "2015-07": {
            "month": "2015-07",
            "price": "21.88",
            "revenue": 413881
        },
        "2015-08": {
            "month": "2015-08",
            "price": "19.70",
            "revenue": 425226
        },
        "2015-09": {
            "month": "2015-09",
            "price": "20.58",
            "revenue": 418854
        },
        "2015-10": {
            "month": "2015-10",
            "price": "22.31",
            "revenue": 386160
        },
        "2015-11": {
            "month": "2015-11",
            "price": "22.27",
            "revenue": 409123
        },
        "2015-12": {
            "month": "2015-12",
            "price": "21.65",
            "revenue": 393945
        },
        "2016-01": {
            "month": "2016-01",
            "price": "21.62",
            "revenue": 381868
        },
        "2016-02": {
            "month": "2016-02",
            "price": "23.02",
            "revenue": 293580
        },
        "2016-03": {
            "month": "2016-03",
            "price": "24.14",
            "revenue": 398053
        },
        "2016-04": {
            "month": "2016-04",
            "price": "23.48",
            "revenue": 412181
        },
        "2016-05": {
            "month": "2016-05",
            "price": "22.31",
            "revenue": 409244
        },
        "2016-06": {
            "month": "2016-06",
            "price": "22.65",
            "revenue": 409028
        },
        "2016-07": {
            "month": "2016-07",
            "price": "23.47",
            "revenue": 428761
        },
        "2016-08": {
            "month": "2016-08",
            "price": "23.27",
            "revenue": 462768
        },
        "2016-09": {
            "month": "2016-09",
            "price": "24.87",
            "revenue": 459344
        },
        "2016-10": {
            "month": "2016-10",
            "price": "25.48",
            "revenue": 401293
        },
        "2016-11": {
            "month": "2016-11",
            "price": "24.43",
            "revenue": 431985
        },
        "2016-12": {
            "month": "2016-12",
            "price": "25.32",
            "revenue": 416503
        },
        "2017-01": {
            "month": "2017-01",
            "price": "25.96",
            "revenue": 373260
        },
        "2017-02": {
            "month": "2017-02",
            "price": "26.97",
            "revenue": 364472
        },
        "2017-03": {
            "month": "2017-03",
            "price": "26.84",
            "revenue": 412474
        },
        "2017-04": {
            "month": "2017-04",
            "price": "26.15",
            "revenue": 402370
        },
        "2017-05": {
            "month": "2017-05",
            "price": "26.04",
            "revenue": 412960
        },
        "2017-06": {
            "month": "2017-06",
            "price": "25.86",
            "revenue": 450583
        },
        "2017-07": {
            "month": "2017-07",
            "price": "26.22",
            "revenue": 453904
        },
        "2017-08": {
            "month": "2017-08",
            "price": "25.05",
            "revenue": 483379
        },
        "2017-09": {
            "month": "2017-09",
            "price": "25.39",
            "revenue": 460770
        },
        "2017-10": {
            "month": "2017-10",
            "price": "25.81",
            "revenue": 429043
        },
        "2017-11": {
            "month": "2017-11",
            "price": "26.02",
            "revenue": 455722
        },
        "2017-12": {
            "month": "2017-12",
            "price": "26.38",
            "revenue": 444351
        },
        "2018-01": {
            "month": "2018-01",
            "price": "27.16",
            "revenue": 458092
        },
        "2018-02": {
            "month": "2018-02",
            "price": "25.82",
            "revenue": 329697
        },
        "2018-03": {
            "month": "2018-03",
            "price": "26.14",
            "revenue": 429076
        },
        "2018-04": {
            "month": "2018-04",
            "price": "25.35",
            "revenue": 468188
        },
        "2018-05": {
            "month": "2018-05",
            "price": "25.78",
            "revenue": 411805
        },
        "2018-06": {
            "month": "2018-06",
            "price": "26.98",
            "revenue": 403900
        },
        "2018-07": {
            "month": "2018-07",
            "price": "26.52",
            "revenue": 416700
        },
        "2018-08": {
            "month": "2018-08",
            "price": "25.30",
            "revenue": 439033
        },
        "2018-09": {
            "month": "2018-09",
            "price": "24.57",
            "revenue": 429947
        },
        "2018-10": {
            "month": "2018-10",
            "price": "22.63",
            "revenue": 434001
        },
        "2018-11": {
            "month": "2018-11",
            "price": "23.34",
            "revenue": 473942
        },
        "2018-12": {
            "month": "2018-12",
            "price": "22.62",
            "revenue": 432189
        },
        "2019-01": {
            "month": "2019-01",
            "price": "22.28",
            "revenue": 478358
        },
        "2019-02": {
            "month": "2019-02",
            "price": "23.03",
            "revenue": 314347
        },
        "2019-03": {
            "month": "2019-03",
            "price": "23.22",
            "revenue": 430478
        },
        "2019-04": {
            "month": "2019-04",
            "price": "23.83",
            "revenue": 412622
        },
        "2019-05": {
            "month": "2019-05",
            "price": "23.80",
            "revenue": 399894
        },
        "2019-06": {
            "month": "2019-06",
            "price": "24.25",
            "revenue": 391821
        },
        "2019-07": {
            "month": "2019-07",
            "price": "24.57",
            "revenue": 434420
        },
        "2019-08": {
            "month": "2019-08",
            "price": "23.37",
            "revenue": 434567
        },
        "2019-09": {
            "month": "2019-09",
            "price": "24.01",
            "revenue": 410238
        },
        "2019-10": {
            "month": "2019-10",
            "price": "23.76",
            "revenue": 430036
        },
        "2019-11": {
            "month": "2019-11",
            "price": "23.63",
            "revenue": 435230
        },
        "2019-12": {
            "month": "2019-12",
            "price": "23.70",
            "revenue": 422767
        },
        "2020-01": {
            "month": "2020-01",
            "price": "23.50",
            "revenue": 356171
        },
        "2020-02": {
            "month": "2020-02",
            "price": "22.26",
            "revenue": 283564
        },
        "2020-03": {
            "month": "2020-03",
            "price": "19.27",
            "revenue": 396120
        },
        "2020-04": {
            "month": "2020-04",
            "price": "19.52",
            "revenue": 421577
        },
        "2020-05": {
            "month": "2020-05",
            "price": "20.01",
            "revenue": 364455
        },
        "2020-06": {
            "month": "2020-06",
            "price": "20.27",
            "revenue": 390456
        },
        "2020-07": {
            "month": "2020-07",
            "price": "20.44",
            "revenue": 402431
        },
        "2020-08": {
            "month": "2020-08",
            "price": "19.28",
            "revenue": 387549
        },
        "2020-09": {
            "month": "2020-09",
            "price": "19.14",
            "revenue": 441611
        },
        "2020-10": {
            "month": "2020-10",
            "price": "18.83",
            "revenue": 393740
        },
        "2020-11": {
            "month": "2020-11",
            "price": "19.17",
            "revenue": 464943
        },
        "2020-12": {
            "month": "2020-12",
            "price": "20.26",
            "revenue": 477001
        },
        "2021-01": {
            "month": "2021-01",
            "price": "23.34",
            "revenue": 467737
        },
        "2021-02": {
            "month": "2021-02",
            "price": "27.28",
            "revenue": 392926
        },
        "2021-03": {
            "month": "2021-03",
            "price": "31.35",
            "revenue": 514086
        },
        "2021-04": {
            "month": "2021-04",
            "price": "35.08",
            "revenue": 542646
        },
        "2021-05": {
            "month": "2021-05",
            "price": "33.52",
            "revenue": 526903
        },
        "2021-06": {
            "month": "2021-06",
            "price": "36.92",
            "revenue": 542069
        },
        "2021-07": {
            "month": "2021-07",
            "price": "54.26",
            "revenue": 596262
        },
        "2021-08": {
            "month": "2021-08",
            "price": "56.28",
            "revenue": 582832
        },
        "2021-09": {
            "month": "2021-09",
            "price": "56.94",
            "revenue": 604849
        },
        "2021-10": {
            "month": "2021-10",
            "price": "56.72",
            "revenue": 538700
        },
        "2021-11": {
            "month": "2021-11",
            "price": "61.91",
            "revenue": 555136
        },
        "2021-12": {
            "month": "2021-12",
            "price": "67.27",
            "revenue": 555862
        },
        "2022-01": {
            "month": "2022-01",
            "price": "65.98",
            "revenue": 556499
        },
        "2022-02": {
            "month": "2022-02",
            "price": "59.43",
            "revenue": 482203
        },
        "2022-03": {
            "month": "2022-03",
            "price": "57.00",
            "revenue": 532352
        },
        "2022-04": {
            "month": "2022-04",
            "price": "50.47",
            "revenue": 484515
        },
        "2022-05": {
            "month": "2022-05",
            "price": "48.10",
            "revenue": 522247
        },
        "2022-06": {
            "month": "2022-06",
            "price": "47.08",
            "revenue": 586951
        },
        "2022-07": {
            "month": "2022-07",
            "price": "44.67",
            "revenue": 649311
        },
        "2022-08": {
            "month": "2022-08",
            "price": "54.05",
            "revenue": 632854
        },
        "2022-09": {
            "month": "2022-09",
            "price": "52.04",
            "revenue": 615122
        },
        "2022-10": {
            "month": "2022-10",
            "price": "43.85",
            "revenue": 560105
        },
        "2022-11": {
            "month": "2022-11",
            "price": "46.28",
            "revenue": 583022
        },
        "2022-12": {
            "month": "2022-12",
            "price": "47.48",
            "revenue": 575849
        },
        "2023-01": {
            "month": "2023-01",
            "price": "46.38",
            "revenue": 421147
        },
        "2023-02": {
            "month": "2023-02",
            "price": "48.58",
            "revenue": 457522
        },
        "2023-03": {
            "month": "2023-03",
            "price": "53.13",
            "revenue": 498257
        },
        "2023-04": {
            "month": "2023-04",
            "price": "55.21",
            "revenue": 468823
        },
        "2023-05": {
            "month": "2023-05",
            "price": "50.86",
            "revenue": 471155
        },
        "2023-06": {
            "month": "2023-06",
            "price": "50.40",
            "revenue": 501896
        },
        "2023-07": {
            "month": "2023-07",
            "price": "49.44",
            "revenue": 490969
        },
        "2023-08": {
            "month": "2023-08",
            "price": "47.20",
            "revenue": 493219
        }
    }
}
